"Product ID","Category","Sub Category","Type","Brand","Product Name","Product Description","Price","Tax","Store","Size","UOM","Image","Spice Level","Aisle No."
"40","Dorm Essentials","Air Fresheners & Candles","Air Freshener","Air Wick","Air Wick Cool Linen & White Lilac Air Freshener","Air Wick Cool Linen & White Lilac Air Freshener","1.49","1.0","","8 oz","8 oz","4211.jpg",,"15"
"41","Dorm Essentials","Air Fresheners & Candles","Air Freshener","Air Wick","Air Wick Lavender & Chamomile Fragrance 4 in 1 Air Freshener","Air Wick Lavender & Chamomile Fragrance 4 in 1 Air Freshener","1.49","1.0","","8 oz","8 oz","4215.jpg",,"15"
"42","Dorm Essentials","Air Fresheners & Candles","Air Freshener","Citrus Magic","Citrus Magic Fresh Citrus Solid Air Freshener","Citrus Magic Fresh Citrus Solid Air Freshener","4.69","1.0","","8 oz","8 oz","4247.jpg",,"15"
"43","Dorm Essentials","Air Fresheners & Candles","Air Freshener","Glade","Glade Spray Powder Fresh Air Freshener","Glade Spray Powder Fresh Air Freshener","1.49","1.0","","8 fl oz","8 fl oz","4228.jpg",,"15"
"44","Dorm Essentials","Air Fresheners & Candles","Air Freshener","Renuzit","Renuzit Home Fragrance Gel Fresh Accents After the Rain Air Freshener","Renuzit Home Fragrance Gel Fresh Accents After the Rain Air Freshener","2.49","1.0","","0.27 oz","0.27 oz","16750.jpg",,"15"
"45","Dorm Essentials","Air Fresheners & Candles","Air Freshener","Renuzit","Renuzit Snuggle SuperFresh Gel Air Freshener with Odor Eliminating Technology, Original","Renuzit Snuggle SuperFresh Gel Air Freshener with Odor Eliminating Technology, Original","1.29","1.0","","7 oz","7 oz","4241.jpg",,"15"
"46","Dorm Essentials","Air Fresheners & Candles","Air Freshener","Glade","Glade Air Freshener, Solid, Apple Cinnamon","Glade Air Freshener, Solid, Apple Cinnamon","1.29","1.0","","6 oz","6 oz","4226.jpg",,"15"
"47","Dorm Essentials","Air Fresheners & Candles","Air Freshener","Glade","Glade Solid Solid Air Freshener Clean Linen","Glade Solid Solid Air Freshener Clean Linen","1.29","1.0","","6 oz","6 oz","4217.jpg",,"15"
"48","Dorm Essentials","Air Fresheners & Candles","Air Freshener","Pure Citrus","Pure Citrus Air Freshener, Orange","Pure Citrus Air Freshener, Orange","4.89","1.0","","6.25 oz","6.25 oz","4246.jpg",,"15"
"49","Dorm Essentials","Air Fresheners & Candles","Air Freshener","Renuzit","Renuzit Air Freshener After the Rain Gel, Bottle","Renuzit Air Freshener After the Rain Gel, Bottle","1.29","1.0","","7 oz","7 oz","4243.jpg",,"15"
"50","Dorm Essentials","Air Fresheners & Candles","Air Freshener","Renuzit","Renuzit Air Freshener Lovely Lavender Gel, Bottle","Renuzit Air Freshener Lovely Lavender Gel, Bottle","1.29","1.0","","7 oz","7 oz","4242.jpg",,"15"
"51","Dorm Essentials","Air Fresheners & Candles","Air Freshener","Renuzit","Renuzit Gel Air Freshener Forever Raspberry","Renuzit Gel Air Freshener Forever Raspberry","1.29","1.0","","7 oz","7 oz","4244.jpg",,"15"
"52","Dorm Essentials","Air Fresheners & Candles","Air Freshener Refill","Air Wick","Air Wick Scented Oil Apple Cinnamon Medley Air Freshener Refill","Air Wick Scented Oil Apple Cinnamon Medley Air Freshener Refill","3.69","1.0","","0.67 fl oz","0.67 fl oz","4210.jpg",,"15"
"53","Dorm Essentials","Air Fresheners & Candles","Air Freshener Refill","Air Wick","Air Wick Scented Oil Lavender & Chamomile Air Freshener Refill","Air Wick Scented Oil Lavender & Chamomile Air Freshener Refill","3.69","1.0","","0.67 fl oz","0.67 fl oz","4206.jpg",,"15"
"54","Dorm Essentials","Air Fresheners & Candles","Automatic Spray & Refill","Air Wick","Air Wick Freshmatic Ultra Gadget Only Automatic Spray","Air Wick Freshmatic Ultra Gadget Only Automatic Spray","6.09","1.0","","1 count","1 count","4216.jpg",,"15"
"55","Dorm Essentials","Air Fresheners & Candles","Automatic Spray & Refill","Air Wick","Air Wick Freshmatic Ultra Vanilla Passion Fragrance Automatic Spray Refill","Air Wick Freshmatic Ultra Vanilla Passion Fragrance Automatic Spray Refill","4.89","1.0","","6.17 oz","6.17 oz","4203.jpg",,"15"
"56","Dorm Essentials","Air Fresheners & Candles","Automatic Spray & Refill","Air Wick","Air Wick Automatic Spray Refill, Fresh Waters Fragrance","Air Wick Automatic Spray Refill, Fresh Waters Fragrance","8.59","1.0","","2 count","2 count","4214.jpg",,"15"
"57","Dorm Essentials","Air Fresheners & Candles","Automatic Spray & Refill","Air Wick","Air Wick Automatic Spray Refill, Fresh Waters, FreshMatic Ultra, Aerosol","Air Wick Automatic Spray Refill, Fresh Waters, FreshMatic Ultra, Aerosol","4.89","1.0","","6.17 oz","6.17 oz","4213.jpg",,"15"
"58","Dorm Essentials","Air Fresheners & Candles","Automatic Spray & Refill","Glade","Glade Automatic Spray Refill Clean Linen","Glade Automatic Spray Refill Clean Linen","4.89","1.0","","6.2 fl oz","6.2 fl oz","4227.jpg",,"15"
"59","Dorm Essentials","Air Fresheners & Candles","Candle","Glade","Glade Crafted Soy Candle Sweet Pea Pear","Glade Crafted Soy Candle Sweet Pea Pear","8.59","1.0","","4.2 oz","4.2 oz","4223.jpg",,"12"
"60","Dorm Essentials","Air Fresheners & Candles","Candle","OW","OW Vanilla Candle","OW Vanilla Candle","1.29","1.0","","1 ct","1 ct","No Image.jpg",,"12"
"61","Dorm Essentials","Air Fresheners & Candles","Other Air Fresheners & Candles","Air Wick","Air Wick Scented Oil Warmer","Air Wick Scented Oil Warmer","1.29","1.0","","1 count","1 count","4199.jpg",,"15"
"62","Dorm Essentials","Air Fresheners & Candles","Other Air Fresheners & Candles","Febreze","Febreze Air Effects Air Refresher, Linen & Sky","Febreze Air Effects Air Refresher, Linen & Sky","3.49","1.0","","9.7 oz","9.7 oz","4235.jpg",,"15"
"63","Dorm Essentials","Air Fresheners & Candles","Other Air Fresheners & Candles","Febreze","Febreze Air Effects Air Refresher, Spring & Renewal","Febreze Air Effects Air Refresher, Spring & Renewal","3.74","1.0","","9.7 fl oz","9.7 fl oz","4238.jpg",,"15"
"64","Dorm Essentials","Air Fresheners & Candles","Other Air Fresheners & Candles","Febreze","Febreze Noticeables Warmer Oil Warmer","Febreze Noticeables Warmer Oil Warmer","3.74","1.0","","1 ct","1 ct","4240.jpg",,"15"
"65","Dorm Essentials","Air Fresheners & Candles","Other Air Fresheners & Candles","Glade","Glade Carpet & Room Refresher Clean Linen","Glade Carpet & Room Refresher Clean Linen","2.49","1.0","","32 oz","32 oz","4221.jpg",,"15"
"66","Dorm Essentials","Air Fresheners & Candles","Other Air Fresheners & Candles","Glade","Glade Plug In Scented Oil Crisp Waters Scented Oil","Glade Plug In Scented Oil Crisp Waters Scented Oil","6.09","1.0","","1.34 fl oz","1.34 fl oz","4249.jpg",,"15"
"67","Dorm Essentials","Air Fresheners & Candles","Other Air Fresheners & Candles","Glade","Glade Plug-In Apple Cinnamon Scented Oil","Glade Plug-In Apple Cinnamon Scented Oil","6.09","1.0","","2 count","2 count","4231.jpg",,"15"
"68","Dorm Essentials","Air Fresheners & Candles","Other Air Fresheners & Candles","Glade","Glade Spray Clean Linen","Glade Spray Clean Linen","1.49","1.0","","8 fl oz","8 fl oz","4219.jpg",,"15"
"69","Dorm Essentials","Air Fresheners & Candles","Other Air Fresheners & Candles","Glade","Glade Spray Crisp Waters","Glade Spray Crisp Waters","1.49","1.0","","8 oz","8 oz","4220.jpg",,"15"
"70","Dorm Essentials","Air Fresheners & Candles","Other Air Fresheners & Candles","Glade","Glade Spray Hawaiian Breeze","Glade Spray Hawaiian Breeze","1.49","1.0","","8 fl oz","8 fl oz","4224.jpg",,"15"
"71","Dorm Essentials","Air Fresheners & Candles","Other Air Fresheners & Candles","Glade","Glade Spray Lavender & Vanilla","Glade Spray Lavender & Vanilla","1.49","1.0","","8 oz","8 oz","4218.jpg",,"15"
"72","Dorm Essentials","Air Fresheners & Candles","Other Air Fresheners & Candles","Pure Citrus","Pure Citrus Odor Remover Citrus Blend Scent","Pure Citrus Odor Remover Citrus Blend Scent","4.69","1.0","","8 oz","8 oz","No Image.jpg",,"15"
"73","Dorm Essentials","Air Fresheners & Candles","Scented Oil Refill","Air Wick","Air Wick Essential Oils Scented Oil Refills Lavender & Chamomile","Air Wick Essential Oils Scented Oil Refills Lavender & Chamomile","7.99","1.0","","0.67 fl oz","0.67 fl oz","4208.jpg",,"15"
"74","Dorm Essentials","Air Fresheners & Candles","Scented Oil Refill","Air Wick","Air Wick Essential Oils Scented Oil Refills Lavender & Chamomile","Air Wick Essential Oils Scented Oil Refills Lavender & Chamomile","6.09","1.0","","2 x 0.67 fl oz","2 x 0.67 fl oz","4209.jpg",,"15"
"75","Dorm Essentials","Air Fresheners & Candles","Scented Oil Refill","Air Wick","Air Wick Magnolia & Cherry Blossom Scented Oil Refill","Air Wick Magnolia & Cherry Blossom Scented Oil Refill","6.09","1.0","","1.34 fl oz","1.34 fl oz","4201.jpg",,"15"
"76","Dorm Essentials","Air Fresheners & Candles","Scented Oil Refill","Air Wick","Air Wick Magnolia & Cherry Blossom Scented Oil Refill","Air Wick Magnolia & Cherry Blossom Scented Oil Refill","3.69","1.0","","0.67 fl oz","0.67 fl oz","4204.jpg",,"15"
"77","Dorm Essentials","Air Fresheners & Candles","Scented Oil Refill","Air Wick","Air Wick Scented Oil Refills, Hawaii","Air Wick Scented Oil Refills, Hawaii","6.09","1.0","","1.34 fl oz","1.34 fl oz","4205.jpg",,"15"
"78","Dorm Essentials","Air Fresheners & Candles","Scented Oil Refill","Air Wick","Air Wick Vanilla Passion Fragrance Scented Oil Refill","Air Wick Vanilla Passion Fragrance Scented Oil Refill","6.09","1.0","","2 x 0.67 fl oz","2 x 0.67 fl oz","4207.jpg",,"15"
"79","Dorm Essentials","Air Fresheners & Candles","Scented Oil Refill","Air Wick","Air Wick Virgin Islands Scented Oil Refills","Air Wick Virgin Islands Scented Oil Refills","6.09","1.0","","1.34 fl oz","1.34 fl oz","4200.jpg",,"15"
"80","Dorm Essentials","Air Fresheners & Candles","Scented Oil Refill","Febreze","Febreze Plug Scented Oil Refill Meadows & Rain","Febreze Plug Scented Oil Refill Meadows & Rain","6.24","1.0","","0.879 fl oz","0.879 fl oz","4237.jpg",,"15"
"81","Dorm Essentials","Air Fresheners & Candles","Scented Oil Refill","Febreze","Febreze Plug Scented Oil Refill, Linen & Sky","Febreze Plug Scented Oil Refill, Linen & Sky","9.99","1.0","","0.87 fl oz","0.87 fl oz","4236.jpg",,"15"
"82","Dorm Essentials","Air Fresheners & Candles","Scented Oil Refill","Air Wick","Air Wick Essential Oils Scented Oil Refills Fresh Waters","Air Wick Essential Oils Scented Oil Refills Fresh Waters","6.09","1.0","","1.34 fl oz","1.34 fl oz","4212.jpg",,"15"
"83","Dorm Essentials","Air Fresheners & Candles","Scented Oil Refill","Air Wick","Air Wick Snuggle Scented Oil Refills Fresh Linen","Air Wick Snuggle Scented Oil Refills Fresh Linen","7.99","1.0","","3 x 0.67 fl oz","3 x 0.67 fl oz","4202.jpg",,"15"
"84","Dorm Essentials","Air Fresheners & Candles","Scented Oil Refill","Glade","Glade PlugIns Scented Oil Refills Clean Linen","Glade PlugIns Scented Oil Refills Clean Linen","6.09","1.0","","2 count","2 count","4229.jpg",,"15"
"85","Dorm Essentials","Air Fresheners & Candles","Scented Oil Refill","Glade","Glade PlugIns Scented Oil Refills Lavender & Vanilla","Glade PlugIns Scented Oil Refills Lavender & Vanilla","6.09","1.0","","2 x 1.34 fl oz","2 x 1.34 fl oz","4222.jpg",,"15"
"86","Dorm Essentials","Air Fresheners & Candles","Scented Oil Refill","Glade","Glade PlugIns Scented Oil Refills Vanilla Passion Fruit & Hawaiian Breeze","Glade PlugIns Scented Oil Refills Vanilla Passion Fruit & Hawaiian Breeze","6.09","1.0","","2 x 1.34 fl oz","2 x 1.34 fl oz","4225.jpg",,"15"
"87","Dorm Essentials","Cleaning Products","All Purpose Cleaner","Bon Ami","Bon Ami Powder Cleanser","Bon Ami Powder Cleanser","1.29","1.0","","12 x 14 oz","12 x 14 oz","16805.jpg",,"15"
"88","Dorm Essentials","Cleaning Products","All Purpose Cleaner","Febreze","Mr. Clean with Febreze Freshness Meadows & Rain Multi-Purpose Cleaner","Mr. Clean with Febreze Freshness Meadows & Rain Multi-Purpose Cleaner","3.09","1.0","","48 fl oz","48 fl oz","4274.jpg",,"15"
"89","Dorm Essentials","Cleaning Products","All Purpose Cleaner","Fresh 'n Clean","Fresh 'n Clean All Purpose Pine Cleaner","Fresh 'n Clean All Purpose Pine Cleaner","1.29","1.0","","28 fl oz","28 fl oz","No Image.jpg",,"15"
"90","Dorm Essentials","Cleaning Products","All Purpose Cleaner","Mr. Clean","Mr. Clean with Gain Scent Original Fresh Multi-Purpose Cleaner","Mr. Clean with Gain Scent Original Fresh Multi-Purpose Cleaner","3.69","1.0","","40 fl oz","40 fl oz","4279.jpg",,"15"
"91","Dorm Essentials","Cleaning Products","All Purpose Cleaner","Pledge","Pledge Multi Surface 2 in 1 Cleaner & Disinfectant Fresh Citrus","Pledge Multi Surface 2 in 1 Cleaner & Disinfectant Fresh Citrus","6.19","1.0","","9.7 oz","9.7 oz","16829.jpg",,"15"
"92","Dorm Essentials","Cleaning Products","All Purpose Cleaner","Soft Scrub","Soft Scrub All Purpose Cleanser","Soft Scrub All Purpose Cleanser","3.89","1.0","","24 oz","24 oz","16823.jpg",,"15"
"93","Dorm Essentials","Cleaning Products","All Purpose Cleaner","Sun","Sun & Earth All Purpose Citrus Cleaner","Sun & Earth All Purpose Citrus Cleaner","5.59","1.0","","22 fl oz","22 fl oz","18055.jpg",,"15"
"94","Dorm Essentials","Cleaning Products","Antibacterial Cleaner","Lysol","Lysol Kitchen Pro Antibacterial Cleaner","Lysol Kitchen Pro Antibacterial Cleaner","2.99","1.0","","22 fl oz","22 fl oz","18051.jpg",,"15"
"95","Dorm Essentials","Cleaning Products","Antibacterial Cleaner","Soft Scrub","Soft Scrub Antibacterial Cleanser, With Bleach","Soft Scrub Antibacterial Cleanser, With Bleach","3.89","1.0","","24 oz","24 oz","16776.jpg",,"15"
"96","Dorm Essentials","Cleaning Products","Bathroom Cleaner","Kaboom","Kaboom Foam-Tastic Fresh Scent Bathroom Cleaner","Kaboom Foam-Tastic Fresh Scent Bathroom Cleaner","4.89","1.0","","19 fl oz","19 fl oz","16822.jpg",,"15"
"97","Dorm Essentials","Cleaning Products","Bathroom Cleaner","Kaboom","Kaboom OxiClean Stain Fighters Shower, Tub, and Tile Bathroom Cleaner","Kaboom OxiClean Stain Fighters Shower, Tub, and Tile Bathroom Cleaner","4.89","1.0","","32 fl oz","32 fl oz","16832.jpg",,"15"
"98","Dorm Essentials","Cleaning Products","Bathroom Cleaner","Lysol","Lysol Bathroom Cleaner with Hydrogen Peroxide Cool Spring Breeze scent","Lysol Bathroom Cleaner with Hydrogen Peroxide Cool Spring Breeze scent","4.69","1.0","","22 fl oz","22 fl oz","4250.jpg",,"15"
"99","Dorm Essentials","Cleaning Products","Bathroom Cleaner","Lysol","Lysol Power Bathroom Cleaner","Lysol Power Bathroom Cleaner","4.69","1.0","","32 fl oz","32 fl oz","4255.jpg",,"15"
"100","Dorm Essentials","Cleaning Products","Bathroom Cleaner","Lysol","Lysol Power Foam Bathroom Cleaner Soap Scum & Shine","Lysol Power Foam Bathroom Cleaner Soap Scum & Shine","3.09","1.0","","24 oz","24 oz","4258.jpg",,"15"
"101","Dorm Essentials","Cleaning Products","Bathroom Cleaner","Oxi Clean","Scrub Free Plus Foaming Oxi Clean Lemon Scent Total Bathroom Cleaner","Scrub Free Plus Foaming Oxi Clean Lemon Scent Total Bathroom Cleaner","2.49","1.0","","32 fl oz","32 fl oz","16807.jpg",,"15"
"102","Dorm Essentials","Cleaning Products","Bathroom Cleaner","Scrubbing Bubbles","Scrubbing Bubbles Bathroom Cleaner Foaming Bleach","Scrubbing Bubbles Bathroom Cleaner Foaming Bleach","3.69","1.0","","32 fl oz","32 fl oz","4291.jpg",,"15"
"103","Dorm Essentials","Cleaning Products","Bleach","2000 Flushes","2000 Flushes Bleach","2000 Flushes Bleach","3.69","1.0","","1.25 oz","1.25 oz","16834.jpg",,"15"
"104","Dorm Essentials","Cleaning Products","Bleach","2000 Flushes","2000 Flushes Blue Plus Bleach","2000 Flushes Blue Plus Bleach","3.69","1.0","","3.5 oz","3.5 oz","16774.jpg",,"15"
"105","Dorm Essentials","Cleaning Products","Bleach","Comet","Comet Soft Cleanser with Bleach","Comet Soft Cleanser with Bleach","2.69","1.0","","24 oz","24 oz","16772.jpg",,"15"
"106","Dorm Essentials","Cleaning Products","Bleach","Comet","Comet with Bleach","Comet with Bleach","0.89","1.0","","14 oz","14 oz","16789.jpg",,"15"
"107","Dorm Essentials","Cleaning Products","Bleach","Lysol","Lysol Mold & Mildew Foamer with Bleach","Lysol Mold & Mildew Foamer with Bleach","3.69","1.0","","28 fl oz","28 fl oz","4257.jpg",,"15"
"108","Dorm Essentials","Cleaning Products","Carpet Cleaner","Bissell","Bissell Spring & Renewal Heavy Traffic Carpet Foam","Bissell Spring & Renewal Heavy Traffic Carpet Foam","5.29","1.0","","22 oz","22 oz","16825.jpg",,"15"
"109","Dorm Essentials","Cleaning Products","Carpet Cleaner","Carbona","Carbona Oxy Powered Carpet Cleaner","Carbona Oxy Powered Carpet Cleaner","7.49","1.0","","27.5 fl oz","27.5 fl oz","16801.jpg",,"15"
"110","Dorm Essentials","Cleaning Products","Carpet Cleaner","Arm & Hammer","Arm & Hammer Fresh Scentsations Fresh Breeze Carpet Odor Eliminator","Arm & Hammer Fresh Scentsations Fresh Breeze Carpet Odor Eliminator","1.89","1.0","","30 oz","30 oz","16777.jpg",,"15"
"111","Dorm Essentials","Cleaning Products","Cleaning Brush","Butler Gum","Butler Gum Brass Pot/Pan Brush","Butler Gum Brass Pot/Pan Brush","2.69","1.0","","1 count","1 count","No Image.jpg",,"15"
"112","Dorm Essentials","Cleaning Products","Cleaning Brush","Butler Gum","Butler Gum Brush & Caddy Set, Round Bowl","Butler Gum Brush & Caddy Set, Round Bowl","6.09","1.0","","1 count","1 count","4269.jpg",,"15"
"113","Dorm Essentials","Cleaning Products","Cleaning Brush","Butler Gum","Butler Gum Brush, Iron Handle","Butler Gum Brush, Iron Handle","3.49","1.0","","1 count","1 count","4268.jpg",,"15"
"114","Dorm Essentials","Cleaning Products","Cleaning Brush","Butler Gum","Butler Gum Combo Dust Pan & Brush","Butler Gum Combo Dust Pan & Brush","6.09","1.0","","1 count","1 count","4270.jpg",,"15"
"115","Dorm Essentials","Cleaning Products","Cleaning Brush","Butler Gum","Butler Gum Power Brush","Butler Gum Power Brush","4.89","1.0","","1 count","1 count","No Image.jpg",,"15"
"116","Dorm Essentials","Cleaning Products","Cleaning Brush","Butler Gum","Butler Gum Wire Bowl Brush","Butler Gum Wire Bowl Brush","3.49","1.0","","1 count","1 count","No Image.jpg",,"15"
"117","Dorm Essentials","Cleaning Products","Cleaning Wipes","Weiman","Weiman Microwave and Cook Top Wipes","Weiman Microwave and Cook Top Wipes","4.98","1.0","","30 count","30 count","4311.jpg",,"15"
"118","Dorm Essentials","Cleaning Products","Cleaning Wipes","Weiman","Weiman Leather Wipes","Weiman Leather Wipes","3.69","1.0","","30 count","30 count","4309.jpg",,"15"
"119","Dorm Essentials","Cleaning Products","Cleaning Wipes","Weiman","Weiman Stainless Steel Wipes","Weiman Stainless Steel Wipes","4.89","1.0","","30 count","30 count","4308.jpg",,"15"
"120","Dorm Essentials","Cleaning Products","Cleaning Wipes","Weiman","Weiman Wipes, Granite","Weiman Wipes, Granite","3.69","1.0","","30 count","30 count","4313.jpg",,"15"
"121","Dorm Essentials","Cleaning Products","Disinfecting Wipes & Sprays","Lysol","Lysol Ocean Fresh Scent Disinfecting Wipes","Lysol Ocean Fresh Scent Disinfecting Wipes","3.49","1.0","","35 count","35 count","16788.jpg",,"15"
"122","Dorm Essentials","Cleaning Products","Disinfecting Wipes & Sprays","Lysol","Lysol Citrus Meadows Scent Disinfectant Spray","Lysol Citrus Meadows Scent Disinfectant Spray","4.89","1.0","","12.5 oz","12.5 oz","16827.jpg",,"15"
"123","Dorm Essentials","Cleaning Products","Disinfecting Wipes & Sprays","Lysol","Lysol Disinfecting Spray Crisp Linen Scent","Lysol Disinfecting Spray Crisp Linen Scent","4.89","1.0","","12.5 oz","12.5 oz","16771.jpg",,"15"
"124","Dorm Essentials","Cleaning Products","Disinfecting Wipes & Sprays","Lysol","Lysol Disinfecting Wipes Lemon & Lime Blossom","Lysol Disinfecting Wipes Lemon & Lime Blossom","6.09","1.0","","20.3 oz","20.3 oz","16811.jpg",,"15"
"125","Dorm Essentials","Cleaning Products","Disinfecting Wipes & Sprays","Lysol","Lysol Disinfecting Wipes Lemon & Lime Blossom Scent","Lysol Disinfecting Wipes Lemon & Lime Blossom Scent","3.49","1.0","","35 count","35 count","16792.jpg",,"15"
"126","Dorm Essentials","Cleaning Products","Drain Cleaner","Drano","Drano Liquid Drain Cleaner","Drano Liquid Drain Cleaner","3.49","1.0","","32 oz","32 oz","4248.jpg",,"15"
"127","Dorm Essentials","Laundry","Laundry Detergent","Gain","Gain flings! Liquid Laundry Detergent Pacs, Original","Gain flings! Liquid Laundry Detergent Pacs, Original","6.86","1.0","","16 count","16 count","16783.jpg",,"15"
"128","Dorm Essentials","Cleaning Products","Mop","Butler Gum","Butler Gum Squeeze Mop With Scrubber Refill","Butler Gum Squeeze Mop With Scrubber Refill","4.89","1.0","","1 count","1 count","No Image.jpg",,"15"
"129","Dorm Essentials","Cleaning Products","Mop","Libman","Libman Mop, Microfiber, Wet & Dry","Libman Mop, Microfiber, Wet & Dry","18.29","1.0","","1 count","1 count","4319.jpg",,"15"
"130","Dorm Essentials","Cleaning Products","Mop","Libman","Libman Mop, Wonder","Libman Mop, Wonder","14.69","1.0","","1 count","1 count","4321.jpg",,"15"
"131","Dorm Essentials","Cleaning Products","Mop","Libman","Libman Roller Mop, Nitty Gritty","Libman Roller Mop, Nitty Gritty","18.29","1.0","","1 count","1 count","4322.jpg",,"15"
"132","Dorm Essentials","Cleaning Products","Mop","Libman","Libman Scrubster Mop","Libman Scrubster Mop","12.19","1.0","","1 count","1 count","4323.jpg",,"15"
"133","Dorm Essentials","Cleaning Products","Mop","Libman","Libman Tornado Mop","Libman Tornado Mop","18.29","1.0","","1 count","1 count","4320.jpg",,"15"
"134","Dorm Essentials","Cleaning Products","Mop","Mr. Clean","Mr. Clean Squeeze Mop","Mr. Clean Squeeze Mop","18.29","1.0","","1 count","1 count","4282.jpg",,"15"
"135","Dorm Essentials","Cleaning Products","Mop","Murphy","Murphy Wood Cleaner, Squirt & Mop","Murphy Wood Cleaner, Squirt & Mop","4.29","1.0","","32 fl oz","32 fl oz","16817.jpg",,"15"
"136","Dorm Essentials","Cleaning Products","Mop","Swiffer","Swiffer Sweeper Dry Sweeping Pad Multi Surface Refills for Dusters floor mop,","Swiffer Sweeper Dry Sweeping Pad Multi Surface Refills for Dusters floor mop,","5.39","1.0","","16 count","16 count","18054.jpg",,"15"
"137","Dorm Essentials","Cleaning Products","Mop Refill","Libman","Libman Mop Refill, Roller, Nitty Gritty","Libman Mop Refill, Roller, Nitty Gritty","8.59","1.0","","1 count","1 count","4317.jpg",,"15"
"138","Dorm Essentials","Cleaning Products","More Household","Swiffer","Swiffer WetJet Starter Kit","Swiffer WetJet Starter Kit","29.29","1.0","","1 count","1 count","16967.jpg",,"15"
"139","Dorm Essentials","Cleaning Products","Other Cleaning Products","Arm & Hammer","Arm & Hammer Fridge-N-Freezer deodorizing Baking Soda","Arm & Hammer Fridge-N-Freezer deodorizing Baking Soda","0.99","1.0","","14 oz","14 oz","15687.jpg",,"8"
"140","Dorm Essentials","Cleaning Products","Other Cleaning Products","Butler Gum","Butler Gum Copper Mesh Scourers","Butler Gum Copper Mesh Scourers","2.79","1.0","","2 count","2 count","No Image.jpg",,"15"
"141","Dorm Essentials","Cleaning Products","Other Cleaning Products","Butler Gum","Butler Gum Crumb Catcher","Butler Gum Crumb Catcher","2.99","1.0","","1 count","1 count","4271.jpg",,"15"
"142","Dorm Essentials","Cleaning Products","Other Cleaning Products","Butler Gum","Butler Gum Plastic Angled Broom","Butler Gum Plastic Angled Broom","8.59","1.0","","1 count","1 count","No Image.jpg",,"15"
"143","Dorm Essentials","Cleaning Products","Other Cleaning Products","Butler Gum","Butler Gum Scrubber Dishwand","Butler Gum Scrubber Dishwand","3.69","1.0","","1 count","1 count","No Image.jpg",,"15"
"144","Dorm Essentials","Cleaning Products","Other Cleaning Products","Butler Gum","Butler Gum Stainless Steel Scrubbers","Butler Gum Stainless Steel Scrubbers","2.49","1.0","","2 count","2 count","No Image.jpg",,"15"
"145","Dorm Essentials","Cleaning Products","Other Cleaning Products","Cameo","Cameo Aluminum & Stainless Steel Cleaner","Cameo Aluminum & Stainless Steel Cleaner","1.99","1.0","","10 oz","10 oz","16755.jpg",,"15"
"146","Dorm Essentials","Cleaning Products","Other Cleaning Products","Drano","Drano Dual-Force Foamer","Drano Dual-Force Foamer","5.19","1.0","","17 fl oz","17 fl oz","16795.jpg",,"15"
"147","Dorm Essentials","Cleaning Products","Other Cleaning Products","Drano","Drano Max Gel Pro Strength Clog Remover","Drano Max Gel Pro Strength Clog Remover","5.19","1.0","","32 fl oz","32 fl oz","16770.jpg",,"15"
"148","Dorm Essentials","Cleaning Products","Other Cleaning Products","Easy-Off","Easy-Off Oven Cleaner Fume Free Lemon","Easy-Off Oven Cleaner Fume Free Lemon","4.89","1.0","","14.5 oz","14.5 oz","16786.jpg",,"15"
"149","Dorm Essentials","Cleaning Products","Other Cleaning Products","Easy-Off","Easy-Off Oven Cleaner Heavy Duty Fresh","Easy-Off Oven Cleaner Heavy Duty Fresh","4.89","1.0","","14.5 oz","14.5 oz","16799.jpg",,"15"
"150","Dorm Essentials","Cleaning Products","Other Cleaning Products","Endust","Endust Multi-Surface Dusting Spray Lemon Zest","Endust Multi-Surface Dusting Spray Lemon Zest","4.59","1.0","","12.5 oz","12.5 oz","16756.jpg",,"15"
"151","Dorm Essentials","Cleaning Products","Other Cleaning Products","Febreze","Mr. Clean with Febreze Freshness Lavender Vanilla & Comfort Multi-Purpose Cleaner","Mr. Clean with Febreze Freshness Lavender Vanilla & Comfort Multi-Purpose Cleaner","3.69","1.0","","40 fl oz","40 fl oz","18052.jpg",,"15"
"152","Dorm Essentials","Cleaning Products","Other Cleaning Products","Scott's","Scott's Liquid Gold Wood Care, Fresh Almond Scent","Scott's Liquid Gold Wood Care, Fresh Almond Scent","5.49","1.0","","10 oz","10 oz","16814.jpg",,"15"
"153","Dorm Essentials","Cleaning Products","Other Cleaning Products","Scrub Free","Scrub Free Daily Shower Cleaner Fresh Clean Scent","Scrub Free Daily Shower Cleaner Fresh Clean Scent","2.49","1.0","","32 fl oz","32 fl oz","16769.jpg",,"15"
"154","Dorm Essentials","Cleaning Products","Other Cleaning Products","Glade","Scrubbing Bubbles Mega Shower Foamer with Ultra Cling Wide Spray Glade Rainshower","Scrubbing Bubbles Mega Shower Foamer with Ultra Cling Wide Spray Glade Rainshower","4.89","1.0","","1 ct","1 ct","4295.jpg",,"15"
"155","Dorm Essentials","Cleaning Products","Other Cleaning Products","Glass Plus","Glass Plus Ammonia Free Streak Free Shine","Glass Plus Ammonia Free Streak Free Shine","2.49","1.0","","32 fl oz","32 fl oz","16775.jpg",,"15"
"156","Dorm Essentials","Cleaning Products","Other Cleaning Products","Helping Hand","Helping Hand Plunger, Red","Helping Hand Plunger, Red","3.69","1.0","","1 count","1 count","16821.jpg",,"15"
"157","Dorm Essentials","Cleaning Products","Other Cleaning Products","Holloway House","Holloway House Floor Cleaner, Multi-Surface, Quick Shine, Bottle","Holloway House Floor Cleaner, Multi-Surface, Quick Shine, Bottle","4.69","1.0","","27 oz","27 oz","16824.jpg",,"15"
"158","Dorm Essentials","Cleaning Products","Other Cleaning Products","Libman","Libman Precision Angle Broom With Dustpan","Libman Precision Angle Broom With Dustpan","14.69","1.0","","1 count","1 count","4318.jpg",,"15"
"159","Dorm Essentials","Cleaning Products","Other Cleaning Products","Market Basket","Market Basket 360 Duster","Market Basket 360 Duster","3.69","1.0","","1 count","1 count","Market Basket.jpg",,"15"
"160","Dorm Essentials","Cleaning Products","Other Cleaning Products","Market Basket","Market Basket Clear Ammonia","Market Basket Clear Ammonia","1.89","1.0","","64 fl oz","64 fl oz","Market Basket.jpg",,"15"
"161","Dorm Essentials","Cleaning Products","Other Cleaning Products","Market Basket","Market Basket Lemon Furniture Polish","Market Basket Lemon Furniture Polish","2.49","1.0","","12.5 oz","12.5 oz","Market Basket.jpg",,"15"
"162","Dorm Essentials","Cleaning Products","Other Cleaning Products","Method","Method All-Purpose Surface Cleaner Pink Grapefruit","Method All-Purpose Surface Cleaner Pink Grapefruit","3.69","1.0","","28 fl oz","28 fl oz","16765.jpg",,"15"
"163","Dorm Essentials","Cleaning Products","Other Cleaning Products","Mr. Clean","Mr. Clean Bliss Premium Latex-Free Gloves Size M","Mr. Clean Bliss Premium Latex-Free Gloves Size M","4.59","1.0","","1 count","1 count","4277.jpg",,"15"
"164","Dorm Essentials","Cleaning Products","Other Cleaning Products","Mr. Clean","Mr. Clean Gloves, Premium Latex, Medium","Mr. Clean Gloves, Premium Latex, Medium","3.09","1.0","","1 count","1 count","4278.jpg",,"15"
"165","Dorm Essentials","Cleaning Products","Other Cleaning Products","Mr. Clean","Mr. Clean Magic Eraser Bath, Cleaning Pads with Durafoam, Meadows & Rain","Mr. Clean Magic Eraser Bath, Cleaning Pads with Durafoam, Meadows & Rain","5.49","1.0","","2 count","2 count","4276.jpg",,"15"
"166","Dorm Essentials","Cleaning Products","Other Cleaning Products","Mr. Clean","Mr. Clean Magic Eraser Original, Cleaning Pads with Durafoam","Mr. Clean Magic Eraser Original, Cleaning Pads with Durafoam","2.49","1.0","","2 count","2 count","18049.jpg",,"15"
"167","Dorm Essentials","Cleaning Products","Other Cleaning Products","Mr. Clean","Mr. Clean Magic Eraser Original, Cleaning Pads with Durafoam","Mr. Clean Magic Eraser Original, Cleaning Pads with Durafoam","5.99","1.0","","4 count","4 count","4281.jpg",,"15"
"168","Dorm Essentials","Cleaning Products","Other Cleaning Products","Oxi Clean","Kaboom with the Power of Oxi Clean Stain Fighters Shower, Tub & Tile Cleaner","Kaboom with the Power of Oxi Clean Stain Fighters Shower, Tub & Tile Cleaner","4.89","1.0","","32 fl oz","32 fl oz","16791.jpg",,"15"
"169","Dorm Essentials","Cleaning Products","Other Cleaning Products","Pine-Sol","Pine-Sol Dilutable Cleaner","Pine-Sol Dilutable Cleaner","4.59","1.0","","40 fl oz","40 fl oz","16782.jpg",,"15"
"170","Dorm Essentials","Cleaning Products","Other Cleaning Products","Pledge","Pledge Enhancing Polish Lemon","Pledge Enhancing Polish Lemon","3.69","1.0","","9.7 oz","9.7 oz","16793.jpg",,"15"
"171","Dorm Essentials","Cleaning Products","Other Cleaning Products","Pledge","Pledge Floor Care Hardwood Cleaner","Pledge Floor Care Hardwood Cleaner","5.19","1.0","","27 fl oz","27 fl oz","16810.jpg",,"15"
"172","Dorm Essentials","Cleaning Products","Other Cleaning Products","Pledge","Pledge Multi Surface Everyday Cleaner Lavender & Peach Blossom","Pledge Multi Surface Everyday Cleaner Lavender & Peach Blossom","6.29","1.0","","9.7 oz","9.7 oz","16835.jpg",,"15"
"173","Dorm Essentials","Cleaning Products","Other Cleaning Products","Resolve","Resolve Pet Expert Carpet Foam Carpet Foam","Resolve Pet Expert Carpet Foam Carpet Foam","6.09","1.0","","22 fl oz","22 fl oz","16802.jpg",,"15"
"174","Dorm Essentials","Cleaning Products","Other Cleaning Products","Resolve","Resolve Pet Expert Carpet Stain Remover","Resolve Pet Expert Carpet Stain Remover","6.09","1.0","","22 fl oz","22 fl oz","16781.jpg",,"15"
"175","Dorm Essentials","Cleaning Products","Other Cleaning Products","Scotch-Brite","Scotch-Brite Dobie Cleaning Pad","Scotch-Brite Dobie Cleaning Pad","2.99","1.0","","3 count","3 count","4304.jpg",,"15"
"176","Dorm Essentials","Cleaning Products","Other Cleaning Products","Scotch-Brite","Scotch-Brite Scour Pad Heavy Duty","Scotch-Brite Scour Pad Heavy Duty","2.19","1.0","","1 count","1 count","4306.jpg",,"15"
"177","Dorm Essentials","Cleaning Products","Other Cleaning Products","Scotch-Gard","Scotch-Gard Fabric & Upholstery Protector","Scotch-Gard Fabric & Upholstery Protector","8.59","1.0","","10 fl oz","10 fl oz","16759.jpg",,"15"
"178","Dorm Essentials","Cleaning Products","Other Cleaning Products","Scrubbing Bubbles","Scrubbing Bubbles Mega Shower Foamer Rainshower","Scrubbing Bubbles Mega Shower Foamer Rainshower","4.89","1.0","","32 fl oz","32 fl oz","4293.jpg",,"15"
"179","Dorm Essentials","Cleaning Products","Other Cleaning Products","Simple Green","Simple Green All-Purpose Cleaner Concentrated","Simple Green All-Purpose Cleaner Concentrated","3.89","1.0","","22 fl oz","22 fl oz","16798.jpg",,"15"
"180","Dorm Essentials","Cleaning Products","Other Cleaning Products","Spot Shot","Spot Shot Carpet Stain Remover, Instant","Spot Shot Carpet Stain Remover, Instant","5.39","1.0","","14 fl oz","14 fl oz","16826.jpg",,"15"
"181","Dorm Essentials","Cleaning Products","Other Cleaning Products","Store Brand","Liquid Plumr Drain Opener","Liquid Plumr Drain Opener","4.89","1.0","","17 fl oz","17 fl oz","16778.jpg",,"15"
"182","Dorm Essentials","Cleaning Products","Other Cleaning Products","Sun","Spic & Span Multi-Surface Cleaner Sun Fresh","Spic & Span Multi-Surface Cleaner Sun Fresh","3.29","1.0","","40 fl oz","40 fl oz","16816.jpg",,"15"
"183","Dorm Essentials","Cleaning Products","Other Cleaning Products","Swiffer","Swiffer Dusters Dusting Kit (1 Handle, 5 Dusters)","Swiffer Dusters Dusting Kit (1 Handle, 5 Dusters)","4.89","1.0","","5 count","5 count","18050.jpg",,"15"
"184","Dorm Essentials","Cleaning Products","Other Cleaning Products","Swiffer","Swiffer Heavy Duty Extendable Handle Starter Kit","Swiffer Heavy Duty Extendable Handle Starter Kit","9.79","1.0","","1 count","1 count","4287.jpg",,"15"
"185","Dorm Essentials","Cleaning Products","Other Cleaning Products","Swiffer","Swiffer Heavy Duty Refills","Swiffer Heavy Duty Refills","10.99","1.0","","7 count","7 count","18053.jpg",,"15"
"186","Dorm Essentials","Cleaning Products","Other Cleaning Products","Swiffer","Swiffer Multi Surface Floor Cleaner Spray Moping Pads Refill","Swiffer Multi Surface Floor Cleaner Spray Moping Pads Refill","9.79","1.0","","15 count","15 count","18084.jpg",,"15"
"187","Dorm Essentials","Cleaning Products","Other Cleaning Products","Swiffer","Swiffer Sweeper Dry + Wet Sweeping Kit","Swiffer Sweeper Dry + Wet Sweeping Kit","29.29","1.0","","1 count","1 count","4290.jpg",,"15"
"188","Dorm Essentials","Cleaning Products","Other Cleaning Products","Tarn-x","Tarn-x Tarnish Remover","Tarn-x Tarnish Remover","5.89","1.0","","12 fl oz","12 fl oz","16758.jpg",,"15"
"189","Dorm Essentials","Cleaning Products","Other Cleaning Products","Weiman","Weiman Cook Top Scrubbing Pads","Weiman Cook Top Scrubbing Pads","2.49","1.0","","3 count","3 count","4310.jpg",,"15"
"190","Dorm Essentials","Cleaning Products","Other Cleaning Products","Weiman","Weiman Degreaser, Gas Range, Heavy Duty","Weiman Degreaser, Gas Range, Heavy Duty","4.89","1.0","","12 oz","12 oz","4312.jpg",,"15"
"191","Dorm Essentials","Cleaning Products","Other Cleaning Products","Weiman","Weiman Jewelry Cleaner","Weiman Jewelry Cleaner","3.69","1.0","","7 oz","7 oz","4315.jpg",,"15"
"192","Dorm Essentials","Cleaning Products","Other Cleaning Products","Weiman","Weiman Lemon Oil Furniture Polish With UVX-15 Sunscreen","Weiman Lemon Oil Furniture Polish With UVX-15 Sunscreen","5.49","1.0","","16 fl oz","16 fl oz","4316.jpg",,"15"
"193","Dorm Essentials","Cleaning Products","Other Cleaning Products","Windex","Windex Cleaner Crystal Rain Ammonia-Free","Windex Cleaner Crystal Rain Ammonia-Free","4.29","1.0","","23 fl oz","23 fl oz","18056.jpg",,"15"
"194","Dorm Essentials","Cleaning Products","Other Cleaning Products","Woolite","Woolite Carpet Foam, Large Area, Heavy Traffic","Woolite Carpet Foam, Large Area, Heavy Traffic","4.89","1.0","","22 fl oz","22 fl oz","16800.jpg",,"15"
"195","Dorm Essentials","Cleaning Products","Other Cleaning Products","Wrights","Wrights Silver Polish, Anti-Tarnish","Wrights Silver Polish, Anti-Tarnish","4.29","1.0","","7 fl oz","7 fl oz","16757.jpg",,"15"
"196","Dorm Essentials","Cleaning Products","Scrub Bob","Butler Gum","Butler Gum Copper Heavy Duty Scrub Bob","Butler Gum Copper Heavy Duty Scrub Bob","2.79","1.0","","1 count","1 count","No Image.jpg",,"15"
"197","Dorm Essentials","Cleaning Products","Scrub Bob","Libman","Libman Poly Mesh Scrub Bob","Libman Poly Mesh Scrub Bob","2.49","1.0","","2 count","2 count","No Image.jpg",,"15"
"198","Dorm Essentials","Cleaning Products","Scrub Sponge","Brillo","Brillo Estracell Heavy Duty Scrub Sponge","Brillo Estracell Heavy Duty Scrub Sponge","2.09","1.0","","3 count","3 count","16773.jpg",,"15"
"199","Dorm Essentials","Cleaning Products","Scrub Sponge","Brillo","Brillo Heavy Duty Steel Wool Soap Pads - 10 CT","Brillo Heavy Duty Steel Wool Soap Pads - 10 CT","3.09","1.0","","10 count","10 count","16957.jpg",,"15"
"200","Dorm Essentials","Cleaning Products","Scrub Sponge","Brillo","Brillo Steel Wool Soap Pads","Brillo Steel Wool Soap Pads","2.19","1.0","","10 count","10 count","16763.jpg",,"15"
"201","Dorm Essentials","Cleaning Products","Scrub Sponge","Scotch-Brite","Scotch-Brite Greener Clean Non-Scratch Scrub Sponges","Scotch-Brite Greener Clean Non-Scratch Scrub Sponges","2.99","1.0","","3 count","3 count","4307.jpg",,"15"
"202","Dorm Essentials","Cleaning Products","Scrub Sponge","Scotch-Brite","Scotch-Brite Heavy Duty Scrub Sponges","Scotch-Brite Heavy Duty Scrub Sponges","5.49","1.0","","6 count","6 count","4303.jpg",,"15"
"203","Dorm Essentials","Cleaning Products","Scrub Sponge","Scotch-Brite","Scotch-Brite Heavy Duty Scrub Sponges","Scotch-Brite Heavy Duty Scrub Sponges","3.09","1.0","","3 count","3 count","4305.jpg",,"15"
"204","Dorm Essentials","Cleaning Products","Scrub Sponge","Scotch-Brite","Scotch-Brite Non-Scratch Scrub Sponges","Scotch-Brite Non-Scratch Scrub Sponges","2.99","1.0","","3 count","3 count","4300.jpg",,"15"
"205","Dorm Essentials","Cleaning Products","Scrub Sponge","Scotch-Brite","Scotch-Brite Non-Scratch Scrub Sponges","Scotch-Brite Non-Scratch Scrub Sponges","5.49","1.0","","6 count","6 count","4302.jpg",,"15"
"206","Dorm Essentials","Cleaning Products","Scrub Sponge","Scotch-Brite","Scotch-Brite Soap Filled Heavy Duty Scrub Sponges","Scotch-Brite Soap Filled Heavy Duty Scrub Sponges","3.69","1.0","","6 count","6 count","4301.jpg",,"15"
"207","Dorm Essentials","Cleaning Products","Scrub Sponge","SOS","SOS Sponges","SOS Sponges","3.69","1.0","","18 count","18 count","16761.jpg",,"15"
"208","Dorm Essentials","Cleaning Products","Scrub Sponge","SOS","SOS Sponges","SOS Sponges","2.49","1.0","","10 count","10 count","16787.jpg",,"15"
"209","Dorm Essentials","Cleaning Products","Scrub Sponge","SOS","SOS Sponges","SOS Sponges","2.79","1.0","","15 count","15 count","16797.jpg",,"15"
"210","Dorm Essentials","Cleaning Products","Scrub Sponge","SOS","SOS Sponges","SOS Sponges","2.69","1.0","","3 count","3 count","16767.jpg",,"15"
"211","Dorm Essentials","Cleaning Products","Scrub Sponge","SOS","SOS Sponges","SOS Sponges","1.39","1.0","","4 count","4 count","16768.jpg",,"15"
"212","Dorm Essentials","Cleaning Products","Scrub Sponge","SOS","SOS Sponges","SOS Sponges","2.69","1.0","","3 count","3 count","16790.jpg",,"15"
"213","Dorm Essentials","Cleaning Products","Toilet Bowl Cleaner","Clorox","Clorox Bleach & Blue Automatic Toilet Bowl Cleaner Rain Clean - 2 CT","Clorox Bleach & Blue Automatic Toilet Bowl Cleaner Rain Clean - 2 CT","6.69","1.0","","1 count","1 count","4263.jpg",,"15"
"214","Dorm Essentials","Cleaning Products","Toilet Bowl Cleaner","Lysol","Lysol Bleach Toilet Bowl Cleaner","Lysol Bleach Toilet Bowl Cleaner","4.29","1.0","","2 x 24 fl oz","2 x 24 fl oz","4252.jpg",,"15"
"215","Dorm Essentials","Cleaning Products","Toilet Bowl Cleaner","Market Basket","Market Basket Toilet Bowl Cleaner","Market Basket Toilet Bowl Cleaner","1.49","1.0","","3.4 fl oz","3.4 fl oz","Market Basket.jpg",,"15"
"216","Dorm Essentials","Cleaning Products","Toilet Cleaner","Clorox","Clorox Toilet Bowl Cleaner","Clorox Toilet Bowl Cleaner","5.29","1.0","","10 count","10 count","4262.jpg",,"15"
"217","Dorm Essentials","Cleaning Products","Toilet Cleaner","Clorox","Clorox Toilet Bowl Cleaner","Clorox Toilet Bowl Cleaner","6.69","1.0","","2 x 3.5 oz","2 x 3.5 oz","4265.jpg",,"15"
"218","Dorm Essentials","Cleaning Products","Toilet Cleaner","Clorox","Clorox Toilet Wand Toilet Bowl Cleaner","Clorox Toilet Wand Toilet Bowl Cleaner","12.19","1.0","","1 count","1 count","4267.jpg",,"15"
"219","Dorm Essentials","Cleaning Products","Toilet Cleaner","Lysol","Lysol Click Gel Automatic Toilet Bowl Cleaner Ocean Fresh Scent","Lysol Click Gel Automatic Toilet Bowl Cleaner Ocean Fresh Scent","4.09","1.0","","4 count","4 count","4251.jpg",,"15"
"220","Dorm Essentials","Cleaning Products","Toilet Cleaner","SB Fresh","Sb Fresh Brush Fresh Brush Flushable Refills Citrus Action Toilet Cleaner","Sb Fresh Brush Fresh Brush Flushable Refills Citrus Action Toilet Cleaner","4.89","1.0","","12 count","12 count","16766.jpg",,"15"
"221","Dorm Essentials","Cleaning Products","Toilet Cleaner","Glade","Pledge with Glade Everyday Cleaner Multi Surface Rainshower","Pledge with Glade Everyday Cleaner Multi Surface Rainshower","6.19","1.0","","9.7 oz","9.7 oz","16830.jpg",,"15"
"222","Dorm Essentials","Cleaning Products","Toilet Cleaner","Glade","Scrubbing Bubbles Glade Rainshower Toilet Cleaning Gel","Scrubbing Bubbles Glade Rainshower Toilet Cleaning Gel","4.89","1.0","","1.34 oz","1.34 oz","4294.jpg",,"15"
"223","Dorm Essentials","Cleaning Products","Toilet Cleaner","Lysol","Lysol Toilet Bowl Cleaner Clean & Fresh","Lysol Toilet Bowl Cleaner Clean & Fresh","4.89","1.0","","24 fl oz","24 fl oz","4259.jpg",,"15"
"224","Dorm Essentials","Cleaning Products","Toilet Cleaner","Lysol","Lysol With Hydrogen Peroxide Toilet Bowl Cleaner","Lysol With Hydrogen Peroxide Toilet Bowl Cleaner","2.49","1.0","","24 fl oz","24 fl oz","4254.jpg",,"15"
"225","Dorm Essentials","Cleaning Products","Toilet Cleaner","Varnish Drop Ins","Vanish Drop-Ins Toilet Bowl Cleaner","Vanish Drop-Ins Toilet Bowl Cleaner","1.49","1.0","","1.7 oz","1.7 oz","16762.jpg",,"15"
"226","Dorm Essentials","Cleaning Products","Toilet Cleaner","X-14","X-14 Automatic Toilet Bowl Cleaner","X-14 Automatic Toilet Bowl Cleaner","1.69","1.0","","1.6 oz","1.6 oz","16818.jpg",,"15"
"227","Dorm Essentials","Cleaning Products","Toilet Cleaner","X-14","X-14 Toilet Bowl Cleaner","X-14 Toilet Bowl Cleaner","1.69","1.0","","1.7 oz","1.7 oz","16785.jpg",,"15"
"228","Dorm Essentials","Cleaning Products","Window and Glass Cleaner","Market Basket","Market Basket Window And Glass Cleaner","Market Basket Window And Glass Cleaner","2.49","1.0","","32 fl oz","32 fl oz","Market Basket.jpg",,"15"
"229","Dorm Essentials","Cleaning Products","Window and Glass Cleaner","Windex","Windex Original Window Cleaner Value Refill","Windex Original Window Cleaner Value Refill","6.09","1.0","","67.6 fl oz","67.6 fl oz","16803.jpg",,"15"
"230","Dorm Essentials","Dish Detergents","Dish Liquid","Ajax","Ajax Bleach Alternative Grapefruit Dish Liquid","Ajax Bleach Alternative Grapefruit Dish Liquid","2.49","1.0","","30 fl oz","30 fl oz","4374.jpg",,"15"
"231","Dorm Essentials","Dish Detergents","Dish Liquid","Ajax","Ajax Super Degreaser Dish Liquid Lemon","Ajax Super Degreaser Dish Liquid Lemon","1.29","1.0","","16 fl oz","16 fl oz","4372.jpg",,"15"
"232","Dorm Essentials","Dish Detergents","Dish Liquid","Ajax","Ajax Super Degreaser Dish Liquid Lemon","Ajax Super Degreaser Dish Liquid Lemon","1.29","1.0","","12.6 fl oz","12.6 fl oz","4373.jpg",,"15"
"233","Dorm Essentials","Dish Detergents","Dish Liquid","Ajax","Ajax Super Degreaser Lemon Dish Liquid","Ajax Super Degreaser Lemon Dish Liquid","2.49","1.0","","30 fl oz","30 fl oz","4371.jpg",,"15"
"234","Dorm Essentials","Dish Detergents","Dish Liquid","Cascade","Cascade Dawn 10X Power Dishwashing Detergent","Cascade Dawn 10X Power Dishwashing Detergent","4.89","1.0","","20 count","20 count","4329.jpg",,"15"
"235","Dorm Essentials","Dish Detergents","Dish Liquid","Dawn","Dawn Dishwashing Liquid Dish Soap, Refreshing Rain","Dawn Dishwashing Liquid Dish Soap, Refreshing Rain","3.74","1.0","","18 fl oz","18 fl oz","18059.jpg",,"15"
"236","Dorm Essentials","Dish Detergents","Dish Liquid","Dawn","Dawn Ultra Dishwashing Liquid Apple Blossom Scent","Dawn Ultra Dishwashing Liquid Apple Blossom Scent","3.69","1.0","","21.6 fl oz","21.6 fl oz","4365.jpg",,"15"
"237","Dorm Essentials","Dish Detergents","Dish Liquid","Dawn","Dawn Ultra Dishwashing Liquid Dish Soap, Original Scent","Dawn Ultra Dishwashing Liquid Dish Soap, Original Scent","3.69","1.0","","19.4 fl oz","19.4 fl oz","18057.jpg",,"15"
"238","Dorm Essentials","Dish Detergents","Dish Liquid","Dawn","Dawn Ultra Dishwashing Liquid Original Scent","Dawn Ultra Dishwashing Liquid Original Scent","5.49","1.0","","38 fl oz","38 fl oz","4362.jpg",,"15"
"239","Dorm Essentials","Dish Detergents","Dish Liquid","Dawn","Dawn Ultra Dishwashing Liquid, Original","Dawn Ultra Dishwashing Liquid, Original","1.29","1.0","","8 fl oz","8 fl oz","16840.jpg",,"15"
"240","Dorm Essentials","Dish Detergents","Dish Liquid","Finish","Finish Powerball Max in 1 Dish Detergent","Finish Powerball Max in 1 Dish Detergent","13.49","1.0","","63 x 39.9 oz","63 x 39.9 oz","4348.jpg",,"15"
"241","Dorm Essentials","Dish Detergents","Dish Liquid","Market Basket","Market Basket Green Apple Liquid Detergent","Market Basket Green Apple Liquid Detergent","2.49","1.0","","20 fl oz","20 fl oz","Market Basket.jpg",,"15"
"242","Dorm Essentials","Dish Detergents","Dish Liquid","Palmolive","Palmolive Antibacterial Dish Liquid","Palmolive Antibacterial Dish Liquid","2.69","1.0","","20 fl oz","20 fl oz","4357.jpg",,"15"
"243","Dorm Essentials","Dish Detergents","Dish Liquid","Palmolive","Palmolive OXY Dish Liquid Power Degreaser","Palmolive OXY Dish Liquid Power Degreaser","3.49","1.0","","25 fl oz","25 fl oz","18063.jpg",,"15"
"244","Dorm Essentials","Dish Detergents","Dish Liquid","Palmolive","Palmolive Ultra AntiBacterial Concentrated Dish Liquid","Palmolive Ultra AntiBacterial Concentrated Dish Liquid","3.69","1.0","","30 fl oz","30 fl oz","4356.jpg",,"15"
"245","Dorm Essentials","Dish Detergents","Dish Liquid","Palmolive","Palmolive ULTRA Dish Liquid Original","Palmolive ULTRA Dish Liquid Original","3.69","1.0","","25 fl oz","25 fl oz","4360.jpg",,"15"
"246","Dorm Essentials","Dish Detergents","Dish Liquid","Palmolive","Palmolive Ultra Soft Touch with Aloe Concentrated Dish Liquid","Palmolive Ultra Soft Touch with Aloe Concentrated Dish Liquid","3.69","1.0","","25 fl oz","25 fl oz","16837.jpg",,"15"
"247","Dorm Essentials","Dish Detergents","Dish Liquid","Palmolive","Palmolive Ultra Soft Touch with Vitamin E Concentrated Dish Liquid","Palmolive Ultra Soft Touch with Vitamin E Concentrated Dish Liquid","3.69","1.0","","25 fl oz","25 fl oz","4355.jpg",,"15"
"248","Dorm Essentials","Dish Detergents","Dish Liquid","Palmolive","Palmolive Ultra Ultra Strength Dish Liquid","Palmolive Ultra Ultra Strength Dish Liquid","2.69","1.0","","32.5 fl oz","32.5 fl oz","4354.jpg",,"15"
"249","Dorm Essentials","Dish Detergents","Dish Liquid","Palmolive","Palmolive Ultra Ultra Strength Dish Liquid","Palmolive Ultra Ultra Strength Dish Liquid","1.59","1.0","","20 fl oz","20 fl oz","4353.jpg",,"15"
"250","Dorm Essentials","Dish Detergents","Dish Liquid","Planet","Planet Dishwashing Liquid, Free & Clear, Ultra","Planet Dishwashing Liquid, Free & Clear, Ultra","3.69","1.0","","25 oz","25 oz","16843.jpg",,"15"
"251","Dorm Essentials","Dish Detergents","Dish Liquid","Seventh Generation","Seventh Generation Dish Liquid Soap Clementine Zest & Lemongrass","Seventh Generation Dish Liquid Soap Clementine Zest & Lemongrass","3.69","1.0","","25 oz","25 oz","18061.jpg",,"15"
"252","Dorm Essentials","Dish Detergents","Dish Liquid","Seventh Generation","Seventh Generation Dish Liquid Soap Free & Clear","Seventh Generation Dish Liquid Soap Free & Clear","3.69","1.0","","25 oz","25 oz","18060.jpg",,"15"
"253","Dorm Essentials","Dish Detergents","Dish Liquid","Seventh Generation","Seventh Generation Dish Liquid Soap Lavender Floral & Mint","Seventh Generation Dish Liquid Soap Lavender Floral & Mint","3.69","1.0","","25 oz","25 oz","18065.jpg",,"15"
"254","Dorm Essentials","Dish Detergents","Dish Liquid & Hand Soap","Ajax","Ajax Triple Action Dish Liquid & Hand Soap, Orange Scent","Ajax Triple Action Dish Liquid & Hand Soap, Orange Scent","1.29","1.0","","14 fl oz","14 fl oz","4369.jpg",,"15"
"255","Dorm Essentials","Dish Detergents","Dish Liquid & Hand Soap","Ajax","Ajax Ultra Triple Action Dish Liquid Hand Soap Orange","Ajax Ultra Triple Action Dish Liquid Hand Soap Orange","2.49","1.0","","28 fl oz","28 fl oz","4375.jpg",,"15"
"256","Dorm Essentials","Dish Detergents","Dishwasher Detergent","Cascade","Cascade Complete Dawn 12X Dishwasher Detergent Lemon Scent","Cascade Complete Dawn 12X Dishwasher Detergent Lemon Scent","9.19","1.0","","23 count","23 count","4335.jpg",,"15"
"257","Dorm Essentials","Dish Detergents","Dishwasher Detergent","Cascade","Cascade Complete Gel Dishwasher Detergent, Fresh, 75 oz","Cascade Complete Gel Dishwasher Detergent, Fresh, 75 oz","9.19","1.0","","75 fl oz","75 fl oz","4339.jpg",,"15"
"258","Dorm Essentials","Dish Detergents","Dishwasher Detergent","Cascade","Cascade Complete Lemon ActionPacs Dishwasher Detergent","Cascade Complete Lemon ActionPacs Dishwasher Detergent","9.19","1.0","","15.8 oz","15.8 oz","4336.jpg",,"15"
"259","Dorm Essentials","Dish Detergents","Dishwasher Detergent","Cascade","Cascade Complete Lemon Scent Dishwasher Detergent","Cascade Complete Lemon Scent Dishwasher Detergent","6.09","1.0","","9.5 oz","9.5 oz","4325.jpg",,"15"
"260","Dorm Essentials","Dish Detergents","Dishwasher Detergent","Cascade","Cascade Gel + Oxi, Dishwasher Detergent","Cascade Gel + Oxi, Dishwasher Detergent","6.09","1.0","","75 fl oz","75 fl oz","18058.jpg",,"15"
"261","Dorm Essentials","Dish Detergents","Dishwasher Detergent","Finish","Finish All in 1 Gelpacs Orange Scent Dishwasher Detergent","Finish All in 1 Gelpacs Orange Scent Dishwasher Detergent","7.39","1.0","","32 count","32 count","4351.jpg",,"15"
"262","Dorm Essentials","Dish Detergents","Dishwasher Detergent","Finish","Finish All in 1 Powerball Orange Grease Cutting Automatic Dishwasher Detergent","Finish All in 1 Powerball Orange Grease Cutting Automatic Dishwasher Detergent","4.89","1.0","","20 count","20 count","16852.jpg",,"15"
"263","Dorm Essentials","Dish Detergents","Dishwasher Detergent","Finish","Finish Gelpacs All in 1 Fast Action Deep Clean Orange Scent Automatic Dishwasher Detergent","Finish Gelpacs All in 1 Fast Action Deep Clean Orange Scent Automatic Dishwasher Detergent","12.19","1.0","","34.8 oz","34.8 oz","4346.jpg",,"15"
"264","Dorm Essentials","Dish Detergents","Dishwasher Detergent","Finish","Finish Gelpacs All in 1 Orange Scent Automatic Dishwasher Detergent","Finish Gelpacs All in 1 Orange Scent Automatic Dishwasher Detergent","4.89","1.0","","14.3 oz","14.3 oz","4349.jpg",,"15"
"265","Dorm Essentials","Dish Detergents","Dishwasher Detergent","Finish","Finish Powerball Automatic Dishwasher Detergent","Finish Powerball Automatic Dishwasher Detergent","4.89","1.0","","17 count","17 count","4350.jpg",,"15"
"266","Dorm Essentials","Dish Detergents","Dishwasher Detergent","Finish","Finish Powerball Max in 1 Super Charged Ultra Degreaser with Lemon Scent Tablets Automatic Dishwasher Detergent","Finish Powerball Max in 1 Super Charged Ultra Degreaser with Lemon Scent Tablets Automatic Dishwasher Detergent","7.39","1.0","","17 oz","17 oz","4342.jpg",,"15"
"267","Dorm Essentials","Dish Detergents","Dishwasher Detergent","Finish","Finish Powerball Quantum Max Super Charged","Finish Powerball Quantum Max Super Charged","12.79","1.0","","45 count","45 count","4343.jpg",,"15"
"268","Dorm Essentials","Dish Detergents","Dishwasher Detergent","Finish","Finish Quantum Powerball Quantum Max Shine & Protect Lemon Sparkle Automatic Dishwasher Detergent","Finish Quantum Powerball Quantum Max Shine & Protect Lemon Sparkle Automatic Dishwasher Detergent","7.39","1.0","","14.6 oz","14.6 oz","16849.jpg",,"15"
"269","Dorm Essentials","Dish Detergents","Dishwasher Detergent","Finish","Finish Quantum Powerball Super Charged Quantum Max Ultimate Clean & Shine Ultra Degreaser with Lemon Scent Automatic Dishwasher Detergent","Finish Quantum Powerball Super Charged Quantum Max Ultimate Clean & Shine Ultra Degreaser with Lemon Scent Automatic Dishwasher Detergent","12.19","1.0","","26.3 oz","26.3 oz","16839.jpg",,"15"
"270","Dorm Essentials","Dish Detergents","Dishwasher Detergent","Cascade","Cascade Complete ActionPacs Dishwasher Detergent, Fresh Scent","Cascade Complete ActionPacs Dishwasher Detergent, Fresh Scent","4.89","1.0","","14 count","14 count","4331.jpg",,"15"
"271","Dorm Essentials","Dish Detergents","Dishwasher Detergent","Cascade","Cascade Complete Fresh Scent Dishwasher Detergent","Cascade Complete Fresh Scent Dishwasher Detergent","6.09","1.0","","15 count","15 count","4332.jpg",,"15"
"272","Dorm Essentials","Dish Detergents","Dishwasher Detergent","Cascade","Cascade Platinum ActionPacs Fresh Scent Dishwasher Detergent","Cascade Platinum ActionPacs Fresh Scent Dishwasher Detergent","6.09","1.0","","23 count","23 count","4326.jpg",,"15"
"273","Dorm Essentials","Dish Detergents","Dishwasher Detergent","Finish","Finish All in 1 Powerball Fresh Scent Automatic Dishwasher Detergent","Finish All in 1 Powerball Fresh Scent Automatic Dishwasher Detergent","7.39","1.0","","32 count","32 count","4344.jpg",,"15"
"274","Dorm Essentials","Dish Detergents","Dishwasher Detergent","Market Basket","Market Basket Lemon Scent Dishwasher Gel","Market Basket Lemon Scent Dishwasher Gel","4.69","1.0","","75 fl oz","75 fl oz","Market Basket.jpg",,"15"
"275","Dorm Essentials","Dish Detergents","Dishwasher Detergent","Market Basket","Market Basket Orange Scent Dishwasher Gel","Market Basket Orange Scent Dishwasher Gel","4.69","1.0","","75 oz","75 oz","Market Basket.jpg",,"15"
"276","Dorm Essentials","Dish Detergents","Dishwasher Detergent","Oxi Clean","Oxi Clean Lemon Clean Dishwasher Detergent","Oxi Clean Lemon Clean Dishwasher Detergent","4.89","1.0","","12.7 oz","12.7 oz","4383.jpg",,"15"
"277","Dorm Essentials","Dish Detergents","Dishwasher Detergent","Palmolive","Palmolive Eco + Phosphate Free Gel Dishwasher Detergent Lemon Splash","Palmolive Eco + Phosphate Free Gel Dishwasher Detergent Lemon Splash","5.19","1.0","","75 oz","75 oz","4358.jpg",,"15"
"278","Dorm Essentials","Dish Detergents","Dishwasher Detergent","Planet","Planet Dishwasher Detergent, Free & Clear, Automatic","Planet Dishwasher Detergent, Free & Clear, Automatic","6.09","1.0","","75 oz","75 oz","16850.jpg",,"15"
"279","Dorm Essentials","Dish Detergents","Dishwasher Detergent","Seventh Generation","Seventh Generation Dishwasher Detergent Packs Fragrance Free","Seventh Generation Dishwasher Detergent Packs Fragrance Free","7.39","1.0","","20 count","20 count","18064.jpg",,"15"
"280","Dorm Essentials","Dish Detergents","Dishwasher Detergent","Seventh Generation","Seventh Generation Dishwasher Detergent Powder Fragrance Free","Seventh Generation Dishwasher Detergent Powder Fragrance Free","4.59","1.0","","45 oz","45 oz","18062.jpg",,"15"
"281","Dorm Essentials","Dish Detergents","Dishwasher Rinse and Dry Agent","Finish","Finish Jet-Dry Rinse Aid","Finish Jet-Dry Rinse Aid","3.69","1.0","","8.45 fl oz","8.45 fl oz","4345.jpg",,"15"
"282","Dorm Essentials","Dish Detergents","Dishwasher Rinse and Dry Agent","Finish","Finish Jet-Dry Rinse Aid","Finish Jet-Dry Rinse Aid","8.59","1.0","","16 fl oz","16 fl oz","4352.jpg",,"15"
"283","Dorm Essentials","Food Storage & Kitchen Supplies","Aluminium Foil","Reynolds","Reynolds Wrap Aluminum Foil","Reynolds Wrap Aluminum Foil","4.59","1.0","","75 sq ft","75 sq ft","2409.jpg",,"12"
"284","Dorm Essentials","Food Storage & Kitchen Supplies","Aluminium Foil","Reynolds","Reynolds Wrap Aluminum Foil Aluminum Foil","Reynolds Wrap Aluminum Foil Aluminum Foil","9.79","1.0","","200 sq ft","200 sq ft","16859.jpg",,"12"
"285","Dorm Essentials","Food Storage & Kitchen Supplies","Aluminium Foil","Reynolds","Reynolds Wrap Aluminum Foil Heavy Duty","Reynolds Wrap Aluminum Foil Heavy Duty","4.59","1.0","","50 sq ft","50 sq ft","2408.jpg",,"12"
"286","Dorm Essentials","Food Storage & Kitchen Supplies","Aluminium Foil","Reynolds","Reynolds Wrap Heavy Duty Non-Stick Aluminum Foil","Reynolds Wrap Heavy Duty Non-Stick Aluminum Foil","4.59","1.0","","35 sq ft","35 sq ft","4421.jpg",,"12"
"287","Dorm Essentials","Food Storage & Kitchen Supplies","Baking Pan","Reynolds","Reynolds Bakeware 13.25 in x 9.63 in x 2.75 in Non-Stick with Lid Baking Pan","Reynolds Bakeware 13.25 in x 9.63 in x 2.75 in Non-Stick with Lid Baking Pan","6.99","1.0","","1 count","1 count","4481.jpg",,"12"
"288","Dorm Essentials","Food Storage & Kitchen Supplies","Cake Pans","Hefty","Hefty Ez Foil 12 3/4 x 9 x 1 27/32"" EZ Elegance Cake Pans with Covers","Hefty Ez Foil 12 3/4 x 9 x 1 27/32"" EZ Elegance Cake Pans with Covers","3.09","1.0","","2 count","2 count","4471.jpg",,"12"
"289","Dorm Essentials","Food Storage & Kitchen Supplies","Cake Pans","Hefty","Hefty Ez Foil 8 in. x 8 in. x 1.62 in. Cake Pans","Hefty Ez Foil 8 in. x 8 in. x 1.62 in. Cake Pans","2.49","1.0","","3 count","3 count","4462.jpg",,"12"
"290","Dorm Essentials","Food Storage & Kitchen Supplies","Cake Pans","Hefty","Hefty Ez Foil 8 in. x 8 in. x 1.62 in. with Lids Cake Pans","Hefty Ez Foil 8 in. x 8 in. x 1.62 in. with Lids Cake Pans","4.89","1.0","","3 count","3 count","4468.jpg",,"12"
"291","Dorm Essentials","Food Storage & Kitchen Supplies","Cake Pans","Hefty","Hefty Ez Foil 8.5"" Dia. X 1.5"" Cake Pans","Hefty Ez Foil 8.5"" Dia. X 1.5"" Cake Pans","1.89","1.0","","3 count","3 count","4470.jpg",,"12"
"292","Dorm Essentials","Food Storage & Kitchen Supplies","Cake Pans","Reynolds","Reynolds Bakeware 12 3/4 x 9 x 1 27/32"" EZ Occasions with Covers Cake Pans","Reynolds Bakeware 12 3/4 x 9 x 1 27/32"" EZ Occasions with Covers Cake Pans","4.89","1.0","","2 count","2 count","4482.jpg",,"12"
"293","Dorm Essentials","Food Storage & Kitchen Supplies","Cake Pans","Reynolds","Reynolds Bakeware 8 x 8 x 1 5/8"" EZ Occasions with Covers Cake Pans","Reynolds Bakeware 8 x 8 x 1 5/8"" EZ Occasions with Covers Cake Pans","1.29","1.0","","3 count","3 count","4478.jpg",,"12"
"294","Dorm Essentials","Food Storage & Kitchen Supplies","Casserole Pans","Hefty","Hefty Ez Foil 11 3/4 in x 9 1/4 in x 1 1/2 in Casserole Pans","Hefty Ez Foil 11 3/4 in x 9 1/4 in x 1 1/2 in Casserole Pans","3.09","1.0","","2 count","2 count","4460.jpg",,"12"
"295","Dorm Essentials","Food Storage & Kitchen Supplies","Casserole Pans","Hefty","Hefty Ez Foil 11 3/4 in x 9 1/4 in x 1 1/2 in Casserole Pans","Hefty Ez Foil 11 3/4 in x 9 1/4 in x 1 1/2 in Casserole Pans","4.89","1.0","","2 count","2 count","4472.jpg",,"12"
"296","Dorm Essentials","Food Storage & Kitchen Supplies","Corkscrew","OXO","OXO Corkscrew","OXO Corkscrew","9.79","1.0","","1 count","1 count","16865.jpg",,"12"
"297","Dorm Essentials","Food Storage & Kitchen Supplies","Lasagna Pans","Hefty","Hefty Ez Foil 13 1/4 in x 9 5/8 in x 2 3/4 in Lasagna Pan","Hefty Ez Foil 13 1/4 in x 9 5/8 in x 2 3/4 in Lasagna Pan","3.09","1.0","","1 count","1 count","4461.jpg",,"12"
"298","Dorm Essentials","Food Storage & Kitchen Supplies","Meat Loaf Pans","Hefty","Hefty EZ Foil Meat Loaf Pans 9 in. x 5 in. - 2 CT","Hefty EZ Foil Meat Loaf Pans 9 in. x 5 in. - 2 CT","3.09","1.0","","2 count","2 count","4411.jpg",,"12"
"299","Dorm Essentials","Food Storage & Kitchen Supplies","Muffin Pans","Hefty","Hefty Ez Foil 12.25 in. X 8.25 in. X 1.25 in. Muffin Pans","Hefty Ez Foil 12.25 in. X 8.25 in. X 1.25 in. Muffin Pans","1.89","1.0","","2 count","2 count","4464.jpg",,"12"
"300","Dorm Essentials","Food Storage & Kitchen Supplies","Multi Purpose Pans","Hefty","EZ Foil By Hefty Pans Multi-Purpose - 2 CT","EZ Foil By Hefty Pans Multi-Purpose - 2 CT","7.39","1.0","","2 count","2 count","16864.jpg",,"12"
"301","Dorm Essentials","Food Storage & Kitchen Supplies","Multi Purpose Pans","Hefty","Hefty Ez Foil 13 1/4 in x 9 5/8 in x 2 3/4 in All Purpose Pan","Hefty Ez Foil 13 1/4 in x 9 5/8 in x 2 3/4 in All Purpose Pan","4.89","1.0","","1 count","1 count","4465.jpg",,"12"
"302","Dorm Essentials","Food Storage & Kitchen Supplies","Multi Purpose Pans","Hefty","Hefty Ez Foil 13 1/4 In. X 9 5/8 In. X 2 3/4 In. All-Purpose Pan","Hefty Ez Foil 13 1/4 In. X 9 5/8 In. X 2 3/4 In. All-Purpose Pan","3.09","1.0","","1 count","1 count","4463.jpg",,"12"
"303","Dorm Essentials","Food Storage & Kitchen Supplies","Multi Purpose Pans","Reynolds","Reynolds Bakeware 16.13 in. x 11.75 in. x 2.88 in. Heavy Duty with Lid Multi Purpose Pan","Reynolds Bakeware 16.13 in. x 11.75 in. x 2.88 in. Heavy Duty with Lid Multi Purpose Pan","7.39","1.0","","1 count","1 count","4479.jpg",,"12"
"304","Dorm Essentials","Food Storage & Kitchen Supplies","Parchment Paper","Reynolds","Reynolds Cookie Baking Sheets Pre Cut Parchment Paper","Reynolds Cookie Baking Sheets Pre Cut Parchment Paper","4.89","1.0","","22 count","22 count","16869.jpg",,"12"
"305","Dorm Essentials","Food Storage & Kitchen Supplies","Pasta Pan","Reynolds","Reynolds Bakeware 19 1/2 x 11 1/2 x 3 1/2"" Heavy Duty Giant Size Pasta Pan","Reynolds Bakeware 19 1/2 x 11 1/2 x 3 1/2"" Heavy Duty Giant Size Pasta Pan","4.89","1.0","","1 count","1 count","4480.jpg",,"12"
"306","Dorm Essentials","Food Storage & Kitchen Supplies","Pie Pans","Hefty","Hefty Ez Foil 9.69"" Dia. X 1.33"" Pie Pans","Hefty Ez Foil 9.69"" Dia. X 1.33"" Pie Pans","2.49","1.0","","2 count","2 count","4469.jpg",,"12"
"307","Dorm Essentials","Food Storage & Kitchen Supplies","Pie Pans","Hefty","Hefty Ez Foil Pie Pans","Hefty Ez Foil Pie Pans","1.89","1.0","","3 count","3 count","16856.jpg",,"12"
"308","Dorm Essentials","Food Storage & Kitchen Supplies","Plastic/Cling Wrap","Glad","Glad Plastic Food Wrap","Glad Plastic Food Wrap","4.89","1.0","","400 sq ft","400 sq ft","16965.jpg",,"12"
"309","Dorm Essentials","Food Storage & Kitchen Supplies","Plastic/Cling Wrap","Glad","Glad Cling Wrap","Glad Cling Wrap","2.99","1.0","","200 sq ft","200 sq ft","No Image.jpg",,"12"
"310","Dorm Essentials","Food Storage & Kitchen Supplies","Plastic/Cling Wrap","Glad","Glad Plastic Food Wrap","Glad Plastic Food Wrap","2.49","1.0","","200 sq ft","200 sq ft","4414.jpg",,"12"
"311","Dorm Essentials","Food Storage & Kitchen Supplies","Plastic/Cling Wrap","Glad","Glad Plastic Food Wrap","Glad Plastic Food Wrap","1.89","1.0","","100 sq ft","100 sq ft","4416.jpg",,"12"
"312","Dorm Essentials","Food Storage & Kitchen Supplies","Plastic/Cling Wrap","Glad","Glad Plastic Food Wrap","Glad Plastic Food Wrap","6.09","1.0","","3 count","3 count","4417.jpg",,"12"
"313","Dorm Essentials","Food Storage & Kitchen Supplies","Plastic/Cling Wrap","Market Basket","Market Basket Clear Plastic Wrap","Market Basket Clear Plastic Wrap","1.89","1.0","","200 sq ft","200 sq ft","Market Basket.jpg",,"12"
"314","Dorm Essentials","Food Storage & Kitchen Supplies","Plastic/Cling Wrap","Reynolds","Reynolds Kitchens Plastic Coated Freezer Paper","Reynolds Kitchens Plastic Coated Freezer Paper","2.49","1.0","","50 sq ft","50 sq ft","4418.jpg",,"12"
"315","Dorm Essentials","Food Storage & Kitchen Supplies","Plastic/Cling Wrap","Saran","Saran Cling Plus Wrap Clear","Saran Cling Plus Wrap Clear","2.49","1.0","","1 count","1 count","4422.jpg",,"12"
"316","Dorm Essentials","Food Storage & Kitchen Supplies","Roaster Pans","Hefty","Hefty Ez Foil 16 1/8 X 11 3/4 X 2 7/8"" Roaster Pan","Hefty Ez Foil 16 1/8 X 11 3/4 X 2 7/8"" Roaster Pan","3.09","1.0","","1 count","1 count","4467.jpg",,"12"
"317","Dorm Essentials","Food Storage & Kitchen Supplies","Roaster Pans","Hefty","Hefty Ez Foil 16 7/8 x 12 11/16 x 3 1/16"" Crown Oval Roaster Pan with Handles","Hefty Ez Foil 16 7/8 x 12 11/16 x 3 1/16"" Crown Oval Roaster Pan with Handles","3.69","1.0","","1 count","1 count","4459.jpg",,"12"
"318","Dorm Essentials","Food Storage & Kitchen Supplies","Roaster Pans","Hefty","Hefty Ez Foil 16.125 in. X 11.75 in. X 2.875 in. Crown Classic Roaster Pan with Handles","Hefty Ez Foil 16.125 in. X 11.75 in. X 2.875 in. Crown Classic Roaster Pan with Handles","2.49","1.0","","1 count","1 count","4466.jpg",,"12"
"319","Dorm Essentials","Food Storage & Kitchen Supplies","Storage Bags","Ziploc","Ziploc One Press Seal Extra Small Square","Ziploc One Press Seal Extra Small Square","3.09","1.0","","8 count","8 count","4406.jpg",,"12"
"320","Dorm Essentials","Food Storage & Kitchen Supplies","Storage Bags","Hefty","Hefty Jumbo Slider Storage Bags","Hefty Jumbo Slider Storage Bags","3.69","1.0","","12 x 1 gal","12 x 1 gal","4413.jpg",,"12"
"321","Dorm Essentials","Food Storage & Kitchen Supplies","Storage Bags","Hefty","Hefty Slider Bags Gallon Size Freezer Bags","Hefty Slider Bags Gallon Size Freezer Bags","2.49","1.0","","13 count","13 count","16855.jpg",,"12"
"322","Dorm Essentials","Food Storage & Kitchen Supplies","Storage Bags","Hefty","Hefty Storage Slider Bags","Hefty Storage Slider Bags","3.69","1.0","","30 x 1 gal","30 x 1 gal","4410.jpg",,"12"
"323","Dorm Essentials","Food Storage & Kitchen Supplies","Storage Bags","Market Basket","Market Basket Fold And Close Sandwich Bags","Market Basket Fold And Close Sandwich Bags","1.29","1.0","","150 bag(s)","150 bag(s)","Market Basket.jpg",,"12"
"324","Dorm Essentials","Food Storage & Kitchen Supplies","Storage Bags","Market Basket","Market Basket Fold And Close Sandwich Bags","Market Basket Fold And Close Sandwich Bags","2.49","1.0","","300 bag(s)","300 bag(s)","Market Basket.jpg",,"12"
"325","Dorm Essentials","Food Storage & Kitchen Supplies","Storage Bags","Market Basket","Market Basket Food Storage Twist Tie Bags","Market Basket Food Storage Twist Tie Bags","2.19","1.0","","75 count","75 count","Market Basket.jpg",,"12"
"326","Dorm Essentials","Food Storage & Kitchen Supplies","Storage Bags","Market Basket","Market Basket Freezer Resealable Bags","Market Basket Freezer Resealable Bags","3.09","1.0","","30 count","30 count","Market Basket.jpg",,"12"
"327","Dorm Essentials","Food Storage & Kitchen Supplies","Storage Bags","Market Basket","Market Basket Freezer Resealable Bags","Market Basket Freezer Resealable Bags","3.09","1.0","","40 count","40 count","Market Basket.jpg",,"12"
"328","Dorm Essentials","Food Storage & Kitchen Supplies","Storage Bags","Market Basket","Market Basket Freezer Resealable Bags","Market Basket Freezer Resealable Bags","1.89","1.0","","15 count","15 count","Market Basket.jpg",,"12"
"329","Dorm Essentials","Food Storage & Kitchen Supplies","Storage Bags","Market Basket","Market Basket Resealable Sandwich Bags","Market Basket Resealable Sandwich Bags","1.69","1.0","","50 bag(s)","50 bag(s)","Market Basket.jpg",,"12"
"330","Dorm Essentials","Food Storage & Kitchen Supplies","Storage Bags","Market Basket","Market Basket Resealable Sandwich Bags","Market Basket Resealable Sandwich Bags","2.49","1.0","","100 bag(s)","100 bag(s)","Market Basket.jpg",,"12"
"331","Dorm Essentials","Food Storage & Kitchen Supplies","Storage Bags","Market Basket","Market Basket Resealable Sandwich Bags","Market Basket Resealable Sandwich Bags","4.89","1.0","","200 bag(s)","200 bag(s)","Market Basket.jpg",,"12"
"332","Dorm Essentials","Food Storage & Kitchen Supplies","Storage Bags","Market Basket","Market Basket Slider Freezer Bags","Market Basket Slider Freezer Bags","3.69","1.0","","25 count","25 count","Market Basket.jpg",,"12"
"333","Dorm Essentials","Food Storage & Kitchen Supplies","Storage Bags","Market Basket","Market Basket Slider Storage Bags","Market Basket Slider Storage Bags","3.69","1.0","","30 count","30 count","Market Basket.jpg",,"12"
"334","Dorm Essentials","Food Storage & Kitchen Supplies","Storage Bags","Market Basket","Market Basket Slider Storage Bags","Market Basket Slider Storage Bags","2.49","1.0","","18 count","18 count","Market Basket.jpg",,"12"
"335","Dorm Essentials","Food Storage & Kitchen Supplies","Storage Bags","Market Basket","Market Basket Super Size Sandwich Bags","Market Basket Super Size Sandwich Bags","1.69","1.0","","30 bag(s)","30 bag(s)","Market Basket.jpg",,"12"
"336","Dorm Essentials","Food Storage & Kitchen Supplies","Storage Bags","Market Basket","Market Basket Tall Drawstring Kitchen Bags","Market Basket Tall Drawstring Kitchen Bags","6.69","1.0","","45 count","45 count","Market Basket.jpg",,"12"
"337","Dorm Essentials","Food Storage & Kitchen Supplies","Storage Bags","Reynolds","Reynolds Kitchens Large Size Oven Bags","Reynolds Kitchens Large Size Oven Bags","3.09","1.0","","5 count","5 count","4419.jpg",,"12"
"338","Dorm Essentials","Food Storage & Kitchen Supplies","Storage Bags","Reynolds","Reynolds Kitchens Turkey Size Oven Bags","Reynolds Kitchens Turkey Size Oven Bags","2.49","1.0","","2 count","2 count","4420.jpg",,"12"
"339","Dorm Essentials","Food Storage & Kitchen Supplies","Storage Bags","Store Brand","Snack Bags","Snack Bags","2.49","1.0","","100 count","100 count","Market Basket.jpg",,"12"
"340","Dorm Essentials","Food Storage & Kitchen Supplies","Storage Bags","Ziploc","Ziploc Easy Open Tabs Freezer Bags","Ziploc Easy Open Tabs Freezer Bags","4.89","1.0","","28 x 1 gal","28 x 1 gal","4396.jpg",,"12"
"341","Dorm Essentials","Food Storage & Kitchen Supplies","Storage Bags","Ziploc","Ziploc Freezer Bags Quart","Ziploc Freezer Bags Quart","4.89","1.0","","38 count","38 count","4399.jpg",,"12"
"342","Dorm Essentials","Food Storage & Kitchen Supplies","Storage Bags","Ziploc","Ziploc Freezer Bags Quart","Ziploc Freezer Bags Quart","4.89","1.0","","19 count","19 count","4405.jpg",,"12"
"343","Dorm Essentials","Food Storage & Kitchen Supplies","Storage Bags","Ziploc","Ziploc Sandwich Bags","Ziploc Sandwich Bags","3.69","1.0","","90 count","90 count","4388.jpg",,"12"
"344","Dorm Essentials","Food Storage & Kitchen Supplies","Storage Bags","Ziploc","Ziploc Slider Freezer Bags Quart","Ziploc Slider Freezer Bags Quart","1.89","1.0","","15 count","15 count","4390.jpg",,"12"
"345","Dorm Essentials","Food Storage & Kitchen Supplies","Storage Bags","Ziploc","Ziploc Slider Stand & Fill Freezer Bags","Ziploc Slider Stand & Fill Freezer Bags","1.89","1.0","","10 x 1 gal","10 x 1 gal","4397.jpg",,"12"
"346","Dorm Essentials","Food Storage & Kitchen Supplies","Storage Bags","Ziploc","Ziploc Slider Stand & Fill Storage Bags","Ziploc Slider Stand & Fill Storage Bags","1.89","1.0","","15 count","15 count","4394.jpg",,"12"
"347","Dorm Essentials","Food Storage & Kitchen Supplies","Storage Bags","Ziploc","Ziploc Slider Storage Bags Quart","Ziploc Slider Storage Bags Quart","1.89","1.0","","20 count","20 count","4389.jpg",,"12"
"348","Dorm Essentials","Food Storage & Kitchen Supplies","Storage Bags","Ziploc","Ziploc Storage Bags","Ziploc Storage Bags","4.89","1.0","","38 count","38 count","4386.jpg",,"12"
"349","Dorm Essentials","Food Storage & Kitchen Supplies","Storage Bags","Ziploc","Ziploc Storage Bags Quart","Ziploc Storage Bags Quart","4.89","1.0","","48 count","48 count","4392.jpg",,"12"
"350","Dorm Essentials","Food Storage & Kitchen Supplies","Storage Bags","Ziploc","Ziploc Zip'n'Steam Medium Cooking Bags","Ziploc Zip'n'Steam Medium Cooking Bags","3.49","1.0","","10 count","10 count","4407.jpg",,"12"
"351","Dorm Essentials","Food Storage & Kitchen Supplies","Storage Containers","Ziploc","Ziploc Color Edition Extra Small Square Containers & Lids - 8 CT","Ziploc Color Edition Extra Small Square Containers & Lids - 8 CT","3.49","1.0","","4 oz","4 oz","4398.jpg",,"12"
"352","Dorm Essentials","Food Storage & Kitchen Supplies","Storage Containers","Market Basket","Market Basket Entree Storage Containers","Market Basket Entree Storage Containers","2.49","1.0","","5 count","5 count","Market Basket.jpg",,"12"
"353","Dorm Essentials","Food Storage & Kitchen Supplies","Storage Containers","Market Basket","Market Basket Family Size Storage Containers","Market Basket Family Size Storage Containers","3.69","1.0","","2 count","2 count","Market Basket.jpg",,"12"
"354","Dorm Essentials","Food Storage & Kitchen Supplies","Storage Containers","Market Basket","Market Basket Large Entree Storage Containers","Market Basket Large Entree Storage Containers","2.49","1.0","","4 count","4 count","Market Basket.jpg",,"12"
"355","Dorm Essentials","Food Storage & Kitchen Supplies","Storage Containers","Market Basket","Market Basket Medium Square Containers","Market Basket Medium Square Containers","2.49","1.0","","4 count","4 count","Market Basket.jpg",,"12"
"356","Dorm Essentials","Food Storage & Kitchen Supplies","Storage Containers","Market Basket","Market Basket Soup And Salad Storage Containers","Market Basket Soup And Salad Storage Containers","2.49","1.0","","5 count","5 count","Market Basket.jpg",,"12"
"357","Dorm Essentials","Food Storage & Kitchen Supplies","Storage Containers","Market Basket","Market Basket Twist And Store Storage Containers","Market Basket Twist And Store Storage Containers","2.49","1.0","","2 count","2 count","Market Basket.jpg",,"12"
"358","Dorm Essentials","Food Storage & Kitchen Supplies","Storage Containers","Market Basket","Market Basket Twist And Store Storage Containers","Market Basket Twist And Store Storage Containers","2.49","1.0","","3 count","3 count","Market Basket.jpg",,"12"
"359","Dorm Essentials","Food Storage & Kitchen Supplies","Storage Containers","Sterilite","Sterilite Container, Blue Sky","Sterilite Container, Blue Sky","3.69","1.0","","1 count","1 count","4485.jpg",,"12"
"360","Dorm Essentials","Food Storage & Kitchen Supplies","Storage Containers","Sterilite","Sterilite Pitcher, Blue Sky","Sterilite Pitcher, Blue Sky","2.49","1.0","","1 count","1 count","4486.jpg",,"12"
"361","Dorm Essentials","Food Storage & Kitchen Supplies","Storage Containers","Store Brand","Large Rectangle Container","Large Rectangle Container","3.49","1.0","","1 count","1 count","Market Basket.jpg",,"12"
"362","Dorm Essentials","Food Storage & Kitchen Supplies","Storage Containers","Ziploc","Ziploc Containers & Lids, Square, Medium, 1.25 Quart","Ziploc Containers & Lids, Square, Medium, 1.25 Quart","3.49","1.0","","3 count","3 count","4395.jpg",,"12"
"363","Dorm Essentials","Food Storage & Kitchen Supplies","Storage Containers","Ziploc","Ziploc Holiday Large Square Green Containers","Ziploc Holiday Large Square Green Containers","4.89","1.0","","2 count","2 count","4403.jpg",,"12"
"364","Dorm Essentials","Food Storage & Kitchen Supplies","Storage Containers","Ziploc","Ziploc Holiday Medium Square Blue Containers","Ziploc Holiday Medium Square Blue Containers","4.89","1.0","","3 count","3 count","4409.jpg",,"12"
"365","Dorm Essentials","Food Storage & Kitchen Supplies","Storage Containers","Ziploc","Ziploc Large Rectangle Containers with Lids (76 oz)","Ziploc Large Rectangle Containers with Lids (76 oz)","4.99","1.0","","2 count","2 count","4402.jpg",,"12"
"366","Dorm Essentials","Food Storage & Kitchen Supplies","Storage Containers","Ziploc","Ziploc Medium Square Containers & Lids","Ziploc Medium Square Containers & Lids","3.09","1.0","","3 count","3 count","4387.jpg",,"12"
"367","Dorm Essentials","Food Storage & Kitchen Supplies","Storage Containers","Ziploc","Ziploc S Square 4 Pk","Ziploc S Square 4 Pk","3.49","1.0","","4 count","4 count","No Image.jpg",,"12"
"368","Dorm Essentials","Food Storage & Kitchen Supplies","Storage Containers","Ziploc","Ziploc Small Square Containers & Lids","Ziploc Small Square Containers & Lids","3.49","1.0","","4 count","4 count","4400.jpg",,"12"
"369","Dorm Essentials","Food Storage & Kitchen Supplies","Utensils & Kitchen Supplies","Bamb","Bamb 12"" Skewers","Bamb 12"" Skewers","1.29","1.0","","50 count","50 count","4489.jpg",,"12"
"370","Dorm Essentials","Food Storage & Kitchen Supplies","Utensils & Kitchen Supplies","Brita","Brita Replacement Water Filters","Brita Replacement Water Filters","21.99","1.0","","3 count","3 count","4488.jpg",,"11"
"371","Dorm Essentials","Food Storage & Kitchen Supplies","Utensils & Kitchen Supplies","Good Cook","Good Cook Cheesecloth","Good Cook Cheesecloth","3.69","1.0","","1 ct","1 ct","4476.jpg",,"12"
"372","Dorm Essentials","Food Storage & Kitchen Supplies","Utensils & Kitchen Supplies","Good Cook","Good Cook Scoop","Good Cook Scoop","6.59","1.0","","1 ct","1 ct","4475.jpg",,"12"
"373","Dorm Essentials","Food Storage & Kitchen Supplies","Utensils & Kitchen Supplies","Good Cook","Good Cook Skewers, 11-3/4 in","Good Cook Skewers, 11-3/4 in","3.69","1.0","","100 count","100 count","4474.jpg",,"12"
"374","Dorm Essentials","Food Storage & Kitchen Supplies","Utensils & Kitchen Supplies","Good Cook","Good Cook Whisk, 10 Inch","Good Cook Whisk, 10 Inch","2.79","1.0","","1 ct","1 ct","4473.jpg",,"12"
"375","Dorm Essentials","Food Storage & Kitchen Supplies","Utensils & Kitchen Supplies","Goodcook","Goodcook Steamer Basket","Goodcook Steamer Basket","10.39","1.0","","1 ct","1 ct","16871.jpg",,"12"
"376","Dorm Essentials","Food Storage & Kitchen Supplies","Utensils & Kitchen Supplies","Imusa","Imusa Skewers, Bamboo","Imusa Skewers, Bamboo","1.89","1.0","","100 count","100 count","16867.jpg",,"12"
"377","Dorm Essentials","Food Storage & Kitchen Supplies","Utensils & Kitchen Supplies","J Hook","J Hook Cheesecloth 100% Cotton","J Hook Cheesecloth 100% Cotton","4.69","1.0","","1 count","1 count","No Image.jpg",,"12"
"378","Dorm Essentials","Food Storage & Kitchen Supplies","Utensils & Kitchen Supplies","McCormick","McCormick Himalayan Pink Salt Grinder","McCormick Himalayan Pink Salt Grinder","2.49","1.0","","2.5 oz","2.5 oz","16870.jpg",,"9"
"379","Dorm Essentials","Food Storage & Kitchen Supplies","Utensils & Kitchen Supplies","Progresso","Progresso Deluxe Wooden Spoon","Progresso Deluxe Wooden Spoon","3.69","1.0","","1 ct","1 ct","No Image.jpg",,"12"
"380","Dorm Essentials","Food Storage & Kitchen Supplies","Utensils & Kitchen Supplies","Pyrex","Pyrex Easy Grab Oven Safe Glass with Large EASY GRAB Handles","Pyrex Easy Grab Oven Safe Glass with Large EASY GRAB Handles","10.99","1.0","","1 ct","1 ct","16863.jpg",,"12"
"381","Dorm Essentials","Food Storage & Kitchen Supplies","Utensils & Kitchen Supplies","Reynolds","Reynolds Bakeware Disposable 12.75 in x 9 in x 1.84 in Carrier Kit","Reynolds Bakeware Disposable 12.75 in x 9 in x 1.84 in Carrier Kit","4.89","1.0","","1 count","1 count","4483.jpg",,"12"
"382","Dorm Essentials","Food Storage & Kitchen Supplies","Utensils & Kitchen Supplies","Store Brand","Drinking Straws","Drinking Straws","1.29","1.0","","100 count","100 count","Market Basket.jpg",,"12"
"383","Dorm Essentials","Food Storage & Kitchen Supplies","Utensils & Kitchen Supplies","Store Brand","Foil Baking Cups","Foil Baking Cups","1.59","1.0","","50 count","50 count","Market Basket.jpg",,"12"
"384","Dorm Essentials","Food Storage & Kitchen Supplies","Utensils & Kitchen Supplies","Store Brand","Straws","Straws","1.49","1.0","","100 count","100 count","Market Basket.jpg",,"12"
"385","Dorm Essentials","Food Storage & Kitchen Supplies","Utensils & Kitchen Supplies","Store Brand","Toothpick Holder","Toothpick Holder","1.29","1.0","","1 count","1 count","Market Basket.jpg",,"12"
"386","Dorm Essentials","Food Storage & Kitchen Supplies","Utensils & Kitchen Supplies","Swing-A-Way","Swing-A-Way Can Opener, Portable","Swing-A-Way Can Opener, Portable","7.39","1.0","","1 count","1 count","16868.jpg",,"12"
"387","Dorm Essentials","Food Storage & Kitchen Supplies","Utensils & Kitchen Supplies","Ziploc","Ziploc Brand container with One Press Seal, Medium Round, Target Exclusive Print","Ziploc Brand container with One Press Seal, Medium Round, Target Exclusive Print","3.49","1.0","","3 count","3 count","4404.jpg",,"12"
"388","Dorm Essentials","Laundry","Fabric Softener","Ecos","Ecos Laundry Detergent, Hypoallergenic, Built-in Fabric Softener, Lavender","Ecos Laundry Detergent, Hypoallergenic, Built-in Fabric Softener, Lavender","14.99","1.0","","100 oz","100 oz","16907.jpg",,"15"
"389","Dorm Essentials","Laundry","Laundry Detergent","all","all Detergent Free Clear","all Detergent Free Clear","10.61","1.0","","94.5 fl oz","94.5 fl oz","4548.jpg",,"15"
"390","Dorm Essentials","Laundry","Laundry Detergent","Arm & Hammer","Arm & Hammer Laundry Detergent Liquid Clean Burst","Arm & Hammer Laundry Detergent Liquid Clean Burst","6.24","1.0","","75 fl oz","75 fl oz","4551.jpg",,"15"
"391","Dorm Essentials","Laundry","Laundry Detergent","Arm & Hammer","Arm & Hammer Laundry Detergent Liquid Clean Burst","Arm & Hammer Laundry Detergent Liquid Clean Burst","4.99","1.0","","50 fl oz","50 fl oz","4563.jpg",,"15"
"392","Dorm Essentials","Laundry","Laundry Detergent","Gain","Gain Aroma Boost Liquid Laundry Detergent, Original","Gain Aroma Boost Liquid Laundry Detergent, Original","7.49","1.0","","50 fl oz","50 fl oz","4586.jpg",,"15"
"393","Dorm Essentials","Laundry","Laundry Detergent","Gain","Gain Powder Laundry Detergent for Regular and HE Washers, Hawaiian Aloha Scent,","Gain Powder Laundry Detergent for Regular and HE Washers, Hawaiian Aloha Scent,","13.74","1.0","","100 oz","100 oz","4593.jpg",,"15"
"394","Dorm Essentials","Laundry","Laundry Detergent","Planet","Planet Laundry Detergent, 2x Ultra, Free & Clear","Planet Laundry Detergent, 2x Ultra, Free & Clear","12.49","1.0","","50 oz","50 oz","16875.jpg",,"15"
"395","Dorm Essentials","Laundry","Laundry Detergent","Purex","Purex Free & Clear Laundry Laundry Detergent","Purex Free & Clear Laundry Laundry Detergent","5.61","1.0","","75 fl oz","75 fl oz","16913.jpg",,"15"
"396","Dorm Essentials","Laundry","Laundry Detergent","Tide","Tide Liquid Laundry Detergent with a Touch of Downy, April Fresh","Tide Liquid Laundry Detergent with a Touch of Downy, April Fresh","14.99","1.0","","92 fl oz","92 fl oz","18069.jpg",,"15"
"397","Dorm Essentials","Laundry","Laundry Detergent","Tide","Tide Original Scent Liquid Plus Bleach Alternative Original Scent Liquid Laundry Detergent Plus Bleach Alternative","Tide Original Scent Liquid Plus Bleach Alternative Original Scent Liquid Laundry Detergent Plus Bleach Alternative","22.49","1.0","","138 oz","138 oz","4527.jpg",,"15"
"398","Dorm Essentials","Laundry","Laundry Detergent","Tide","Tide Plus Febreze, Sport Odor Defense Liquid Laundry Detergent Pacs","Tide Plus Febreze, Sport Odor Defense Liquid Laundry Detergent Pacs","16.24","1.0","","32 x 30 oz","32 x 30 oz","18077.jpg",,"15"
"399","Dorm Essentials","Laundry","Laundry Detergent","Tide","Tide Pods Liquid Laundry Detergent Pacs, Clean Breeze","Tide Pods Liquid Laundry Detergent Pacs, Clean Breeze","8.11","1.0","","16 oz","16 oz","4510.jpg",,"15"
"400","Dorm Essentials","Laundry","Other Laundry Products","Downy","Ultra Downy Ball Dispenser","Ultra Downy Ball Dispenser","2.11","1.0","","1 count","1 count","16904.jpg",,"15"
"401","Dorm Essentials","Laundry","Stain Remover","Oxi Clean","Oxi Clean White Revive Laundry Stain Remover","Oxi Clean White Revive Laundry Stain Remover","9.36","1.0","","50 fl oz","50 fl oz","16890.jpg",,"15"
"402","Dorm Essentials","Paper Goods","Bathroom Tissues / Toilet Paper","Angel Soft","Angel Soft Bathroom Tissue Softness & Strength, Double Rolls","Angel Soft Bathroom Tissue Softness & Strength, Double Rolls","8.74","1.0","","12 count","12 count","4663.jpg",,"14"
"403","Dorm Essentials","Paper Goods","Bathroom Tissues / Toilet Paper","Charmin","Charmin Ultra Soft MegaRoll Bathroom Tissue - 6 CT","Charmin Ultra Soft MegaRoll Bathroom Tissue - 6 CT","11.24","1.0","","6 count","6 count","16932.jpg",,"14"
"404","Dorm Essentials","Paper Goods","Bathroom Tissues / Toilet Paper","Charmin","Charmin Ultra Strong Toilet Paper 6 Rolls","Charmin Ultra Strong Toilet Paper 6 Rolls","11.24","1.0","","6 count","6 count","4624.jpg",,"14"
"405","Dorm Essentials","Paper Goods","Bathroom Tissues / Toilet Paper","Earth First","Earth First Recycled Paper Bath Tissue","Earth First Recycled Paper Bath Tissue","2.99","1.0","","4 count","4 count","No Image.jpg",,"14"
"406","Dorm Essentials","Paper Goods","Bathroom Tissues / Toilet Paper","Market Basket","Market Basket Bath Tissue","Market Basket Bath Tissue","3.13","1.0","","4 count","4 count","Market Basket.jpg",,"14"
"407","Dorm Essentials","Paper Goods","Bathroom Tissues / Toilet Paper","Market Basket","Market Basket Bathroom Tissue","Market Basket Bathroom Tissue","8.74","1.0","","12 count","12 count","Market Basket.jpg",,"14"
"408","Dorm Essentials","Paper Goods","Bathroom Tissues / Toilet Paper","Market Basket","Market Basket Bathroom Tissue","Market Basket Bathroom Tissue","14.99","1.0","","20 count","20 count","Market Basket.jpg",,"14"
"409","Dorm Essentials","Paper Goods","Bathroom Tissues / Toilet Paper","Quilted Northern","Quilted Northern Bathroom Tissue Paper, Ultra Soft & Strong Double Rolls","Quilted Northern Bathroom Tissue Paper, Ultra Soft & Strong Double Rolls","9.99","1.0","","12 count","12 count","16935.jpg",,"14"
"410","Dorm Essentials","Paper Goods","Bathroom Tissues / Toilet Paper","Scott","Scott Unscented Bathroom Tissue","Scott Unscented Bathroom Tissue","4.36","1.0","","4 count","4 count","DE0148.jpg",,"14"
"411","Dorm Essentials","Paper Goods","Bathroom Tissues / Toilet Paper","Scott","Scott Comfort Plus unscented bathroom tissue","Scott Comfort Plus unscented bathroom tissue","7.49","1.0","","12 count","12 count","DE0149.jpg",,"14"
"412","Dorm Essentials","Paper Goods","Bathroom Tissues / Toilet Paper","Scott","Scott Unscented Bathroom Tissue","Scott Unscented Bathroom Tissue","7.49","1.0","","12 count","12 count","DE0150.jpg",,"14"
"413","Dorm Essentials","Paper Goods","Bathroom Tissues / Toilet Paper","Market Basket","Market Basket Bathroom tissue","Market Basket Bathroom tissue","1.24","1.0","","1 unit","1 unit","Market Basket.jpg",,"14"
"414","Dorm Essentials","Trash Bags & Liners","Cooker Liner","Reynolds","Reynolds Kitchens Slow Cooker Liners","Reynolds Kitchens Slow Cooker Liners","3.09","1.0","","4 count","4 count","4693.jpg",,"12"
"415","Dorm Essentials","Trash Bags & Liners","Large Trash Bags","Glad","Glad Extra Strong 30 GAL Large Trash Drawstring Bags - 28 CT","Glad Extra Strong 30 GAL Large Trash Drawstring Bags - 28 CT","8.59","1.0","","28 count","28 count","4669.jpg",,"12"
"416","Dorm Essentials","Trash Bags & Liners","Large Trash Bags","Glad","Glad Force Flex Large Trash Drawstring Bags Extra Strong","Glad Force Flex Large Trash Drawstring Bags Extra Strong","15.89","1.0","","50 count","50 count","4680.jpg",,"12"
"417","Dorm Essentials","Trash Bags & Liners","Large Trash Bags","Hefty","Hefty Extra Strong Multipurpose Large Drawstring Mega Pack Trash Bags","Hefty Extra Strong Multipurpose Large Drawstring Mega Pack Trash Bags","14.09","1.0","","56 count","56 count","4686.jpg",,"12"
"418","Dorm Essentials","Trash Bags & Liners","Large Trash Bags","Hefty","Hefty Extra Strong Multipurpose Large Drawstring White Pine Odor Block Trash Bags","Hefty Extra Strong Multipurpose Large Drawstring White Pine Odor Block Trash Bags","8.59","1.0","","28 count","28 count","4687.jpg",,"12"
"419","Dorm Essentials","Trash Bags & Liners","Large Trash Bags","Hefty","Hefty Extra Strong Multipurpose Trash Drawstring Bags","Hefty Extra Strong Multipurpose Trash Drawstring Bags","8.59","1.0","","28 x 30 gal","28 x 30 gal","4683.jpg",,"12"
"420","Dorm Essentials","Trash Bags & Liners","Large Trash Bags","Glad","Glad Dual Defense Drawstring Large Trash Bags","Glad Dual Defense Drawstring Large Trash Bags","8.59","1.0","","30 gal","30 gal","4671.jpg",,"12"
"421","Dorm Essentials","Trash Bags & Liners","Large Trash Bags","Glad","Glad Strong Quick Tie Large Trash Bags","Glad Strong Quick Tie Large Trash Bags","9.19","1.0","","40 count","40 count","4674.jpg",,"12"
"422","Dorm Essentials","Trash Bags & Liners","Large Trash Bags","Hefty","Hefty Ultra Strong Multipurpose Large Trash Drawstring Bags","Hefty Ultra Strong Multipurpose Large Trash Drawstring Bags","7.99","1.0","","25 count","25 count","4688.jpg",,"12"
"423","Dorm Essentials","Trash Bags & Liners","Large Trash Bags","Market Basket","Market Basket White Jumbo Bags","Market Basket White Jumbo Bags","2.99","1.0","","12 count","12 count","Market Basket.jpg",,"12"
"424","Dorm Essentials","Trash Bags & Liners","Regular Trash Bags","Febreze","Glad Kitchen Pro Febreze Freshness Kitchen Drawstring Bags","Glad Kitchen Pro Febreze Freshness Kitchen Drawstring Bags","8.59","1.0","","30 count","30 count","4673.jpg",,"12"
"425","Dorm Essentials","Trash Bags & Liners","Regular Trash Bags","Glad","Glad Drawstring Trash Bags","Glad Drawstring Trash Bags","9.19","1.0","","28 count","28 count","4679.jpg",,"12"
"426","Dorm Essentials","Trash Bags & Liners","Regular Trash Bags","Glad","Glad Guaranteed Strong Trash Bags","Glad Guaranteed Strong Trash Bags","8.59","1.0","","45 x 13 gal","45 x 13 gal","4672.jpg",,"12"
"427","Dorm Essentials","Trash Bags & Liners","Regular Trash Bags","Glad","Glad Kitchen Trash Bags","Glad Kitchen Trash Bags","15.89","1.0","","80 count","80 count","4667.jpg",,"12"
"428","Dorm Essentials","Trash Bags & Liners","Regular Trash Bags","Hefty","Hefty Storage Quart Slider Bags","Hefty Storage Quart Slider Bags","3.69","1.0","","40 count","40 count","4684.jpg",,"12"
"429","Dorm Essentials","Trash Bags & Liners","Regular Trash Bags","Market Basket","Market Basket Drawstring Trash Bags","Market Basket Drawstring Trash Bags","3.69","1.0","","15 count","15 count","Market Basket.jpg",,"12"
"430","Dorm Essentials","Trash Bags & Liners","Regular Trash Bags","Market Basket","Market Basket Drawstring Trash Bags","Market Basket Drawstring Trash Bags","10.99","1.0","","56 count","56 count","Market Basket.jpg",,"12"
"431","Dorm Essentials","Trash Bags & Liners","Regular Trash Bags","Market Basket","Market Basket Grip N Tie Lawn And Leaf Bags","Market Basket Grip N Tie Lawn And Leaf Bags","2.79","1.0","","10 count","10 count","Market Basket.jpg",,"12"
"432","Dorm Essentials","Trash Bags & Liners","Small Trash Bag","Hefty","Hefty Winter Prints Storage Slider Bags","Hefty Winter Prints Storage Slider Bags","2.49","1.0","","15 x 1 gal","15 x 1 gal","4412.jpg",,"12"
"433","Dorm Essentials","Trash Bags & Liners","Tall Trash Bags","Essential Everyday","Essential Everyday Flap Top Tall Kitchen Trash Bags","Essential Everyday Flap Top Tall Kitchen Trash Bags","7.39","1.0","","96 x 13 gal","96 x 13 gal","4690.jpg",,"12"
"434","Dorm Essentials","Trash Bags & Liners","Tall Trash Bags","Glad","Glad ForceFlex Febreze Freshness Tall Kitchen Fresh Clean","Glad ForceFlex Febreze Freshness Tall Kitchen Fresh Clean","11.79","1.0","","34 count","34 count","4677.jpg",,"12"
"435","Dorm Essentials","Trash Bags & Liners","Tall Trash Bags","Glad","Glad OdorShield Tall Kitchen Drawstring Trash Bags, Febreze Fresh Clean","Glad OdorShield Tall Kitchen Drawstring Trash Bags, Febreze Fresh Clean","9.19","1.0","","13 gal","13 gal","4670.jpg",,"12"
"436","Dorm Essentials","Trash Bags & Liners","Tall Trash Bags","Glad","Glad ForceFlex Drawstring Tall Kitchen Trash Bags, Unscented","Glad ForceFlex Drawstring Tall Kitchen Trash Bags, Unscented","8.59","1.0","","38 count","38 count","4676.jpg",,"12"
"437","Dorm Essentials","Trash Bags & Liners","Tall Trash Bags","Glad","Glad ForceFlex Drawstring Tall Kitchen Trash Bags, Unscented","Glad ForceFlex Drawstring Tall Kitchen Trash Bags, Unscented","15.89","1.0","","76 count","76 count","4678.jpg",,"12"
"438","Dorm Essentials","Trash Bags & Liners","Tall Trash Bags","Glad","Glad Tall Kitchen Drawstring Bags Gain Original","Glad Tall Kitchen Drawstring Bags Gain Original","9.19","1.0","","40 count","40 count","4675.jpg",,"12"
"439","Dorm Essentials","Trash Bags & Liners","Tall Trash Bags","Glad","Glad Tall Kitchen Drawstring Bags Lavender","Glad Tall Kitchen Drawstring Bags Lavender","9.19","1.0","","40 count","40 count","4666.jpg",,"12"
"440","Dorm Essentials","Trash Bags & Liners","Tall Trash Bags","Glad","Glad Tall Kitchen Drawstring Trash Bags","Glad Tall Kitchen Drawstring Trash Bags","14.69","1.0","","90 count","90 count","4668.jpg",,"12"
"441","Dorm Essentials","Trash Bags & Liners","Tall Trash Bags","Glad","Glad Tall Kitchen Quick-Tie Trash Bags","Glad Tall Kitchen Quick-Tie Trash Bags","14.69","1.0","","80 count","80 count","4681.jpg",,"12"
"442","Dorm Essentials","Trash Bags & Liners","Tall Trash Bags","Hefty","Hefty Odor Block Tall Drawstring Lavender Vanilla 13 Gallon Kitchen Bags","Hefty Odor Block Tall Drawstring Lavender Vanilla 13 Gallon Kitchen Bags","8.59","1.0","","45 x 13 gal","45 x 13 gal","4691.jpg",,"12"
"443","Dorm Essentials","Trash Bags & Liners","Tall Trash Bags","Hefty","Hefty Strong Scent Free Tall Drawstring Bags","Hefty Strong Scent Free Tall Drawstring Bags","7.99","1.0","","45 x 1 gal","45 x 1 gal","4692.jpg",,"12"
"444","Dorm Essentials","Trash Bags & Liners","Tall Trash Bags","Hefty","Hefty Tall Drawstring Clean Burst Kitchen Bags","Hefty Tall Drawstring Clean Burst Kitchen Bags","7.99","1.0","","40 x 1 gal","40 x 1 gal","4682.jpg",,"12"
"445","Dorm Essentials","Trash Bags & Liners","Tall Trash Bags","Hefty","Hefty Tall Kitchen Drawstring Bags Mega Pack Kitchen Bags","Hefty Tall Kitchen Drawstring Bags Mega Pack Kitchen Bags","14.09","1.0","","90 x 1 gal","90 x 1 gal","4685.jpg",,"12"
"446","Dorm Essentials","Trash Bags & Liners","Tall Trash Bags","Hefty","Hefty Ultra Strong Tall Drawstring Crisp Orchard Apple Kitchen Bags","Hefty Ultra Strong Tall Drawstring Crisp Orchard Apple Kitchen Bags","8.59","1.0","","40 x 1 gal","40 x 1 gal","4689.jpg",,"12"
"447","Dorm Essentials","Trash Bags & Liners","Tall Trash Bags","Market Basket","Market Basket Drawstring Clear Tall Kitchen Bags","Market Basket Drawstring Clear Tall Kitchen Bags","3.69","1.0","","20 count","20 count","Market Basket.jpg",,"12"
"448","Dorm Essentials","Trash Bags & Liners","Tall Trash Bags","Market Basket","Market Basket Drawstring Tall Kitchen Bags","Market Basket Drawstring Tall Kitchen Bags","3.69","1.0","","22 count","22 count","Market Basket.jpg",,"12"
"449","Dorm Essentials","Trash Bags & Liners","Tall Trash Bags","Market Basket","Market Basket Drawstring Tall Kitchen Bags","Market Basket Drawstring Tall Kitchen Bags","3.69","1.0","","20 count","20 count","Market Basket.jpg",,"12"
"450","Dorm Essentials","Trash Bags & Liners","Tall Trash Bags","Market Basket","Market Basket Flex Drawstring Tall Kitchen Bags","Market Basket Flex Drawstring Tall Kitchen Bags","5.49","1.0","","38 count","38 count","Market Basket.jpg",,"12"
"451","Dorm Essentials","Trash Bags & Liners","Tall Trash Bags","Market Basket","Market Basket Flex Drawstring Tall Kitchen Bags","Market Basket Flex Drawstring Tall Kitchen Bags","10.99","1.0","","76 count","76 count","Market Basket.jpg",,"12"
"452","Dorm Essentials","Trash Bags & Liners","Tall Trash Bags","Market Basket","Market Basket Grip N Tie Tall Kitchen Bags","Market Basket Grip N Tie Tall Kitchen Bags","1.89","1.0","","15 count","15 count","Market Basket.jpg",,"12"
"453","Dorm Essentials","Trash Bags & Liners","Tall Trash Bags","Market Basket","Market Basket Grip N Tie Tall Kitchen Bags","Market Basket Grip N Tie Tall Kitchen Bags","3.69","1.0","","30 count","30 count","Market Basket.jpg",,"12"
"454","Dorm Essentials","Trash Bags & Liners","Tall Trash Bags","Market Basket","Market Basket Grip N Tie Tall Kitchen Bags","Market Basket Grip N Tie Tall Kitchen Bags","10.39","1.0","","80 count","80 count","Market Basket.jpg",,"12"
"455","Dorm Essentials","Trash Bags & Liners","Tall Trash Bags","Market Basket","Market Basket Tall Kitchen Black Drawstring Bags","Market Basket Tall Kitchen Black Drawstring Bags","6.09","1.0","","40 count","40 count","Market Basket.jpg",,"12"
"456","Dorm Essentials","Laundry","Laundry Detergent","Meyer","Meyer's Clean Day Laundry Detergent Lavender","Meyer's Clean Day Laundry Detergent Lavender","17.49","1.0","","64 fl oz","64 fl oz","DE0001.jpg",,"15"
"457","Dorm Essentials","Laundry","Laundry Detergent","Meyer","Meyer's Clean Day Laundry Detergent Lemon Verbena Scent","Meyer's Clean Day Laundry Detergent Lemon Verbena Scent","17.49","1.0","","64 fl oz","64 fl oz","DE0002.jpg",,"15"
"458","Dorm Essentials","Laundry","Laundry Detergent","Sun","Sun Triple Clean clean&fresh 32 medium loads laundry detergent","Sun Triple Clean clean&fresh 32 medium loads laundry detergent","2.49","1.0","","45.4 fl oz","45.4 fl oz","DE0003.jpg",,"15"
"459","Dorm Essentials","Laundry","Laundry Detergent","Sun","Sun Triple Clean plus OXI original fresh 28 medium loads laundry detergent","Sun Triple Clean plus OXI original fresh 28 medium loads laundry detergent","2.49","1.0","","45.4 fl oz","45.4 fl oz","DE0004.jpg",,"15"
"460","Dorm Essentials","Laundry","Laundry Detergent","Sun","Sun Triple Clean fresh morning breeze 32 medium loads laundry detergent","Sun Triple Clean fresh morning breeze 32 medium loads laundry detergent","2.49","1.0","","45.4 fl oz","45.4 fl oz","DE0005.jpg",,"15"
"461","Dorm Essentials","Laundry","Laundry Detergent","Sun","Sun Triple Clean Odor Release 134 medium loads laundry detergent","Sun Triple Clean Odor Release 134 medium loads laundry detergent","7.49","1.0","","188 fl oz","188 fl oz","DE0006.jpg",,"15"
"462","Dorm Essentials","Laundry","Laundry Detergent","Sun","Sun Triple Clean fresh morning breeze 134 medium loads laundry detergent","Sun Triple Clean fresh morning breeze 134 medium loads laundry detergent","7.49","1.0","","188 fl oz","188 fl oz","DE0007.jpg",,"15"
"463","Dorm Essentials","Laundry","Laundry Detergent","Sun","Sun Triple Clean clean&fresh 134 medium loads laundry detergent","Sun Triple Clean clean&fresh 134 medium loads laundry detergent","7.49","1.0","","188 fl oz","188 fl oz","DE0008.jpg",,"15"
"464","Dorm Essentials","Laundry","Laundry Detergent","Sun","Sun Triple Clean plus OXI original fresh 117 medium loads laundry detergent","Sun Triple Clean plus OXI original fresh 117 medium loads laundry detergent","7.49","1.0","","188 fl oz","188 fl oz","DE0009.jpg",,"15"
"465","Dorm Essentials","Laundry","Laundry Detergent","Sun","Sun Triple Clean tropical breeze 32 medium loads laundry detergent","Sun Triple Clean tropical breeze 32 medium loads laundry detergent","2.49","1.0","","45.4 fl oz","45.4 fl oz","DE0010.jpg",,"15"
"466","Dorm Essentials","Laundry","Laundry Detergent","Sun","Sun Triple Clean tropical breeze 178 medium loads laundry detergent","Sun Triple Clean tropical breeze 178 medium loads laundry detergent","9.86","1.0","","250 fl oz","250 fl oz","DE0011.jpg",,"15"
"467","Dorm Essentials","Laundry","Laundry Detergent","Sun","Sun Triple Clean plus OXI original fresh 156 medium loads laundry detergent","Sun Triple Clean plus OXI original fresh 156 medium loads laundry detergent","9.86","1.0","","250 fl oz","250 fl oz","DE0012.jpg",,"15"
"468","Dorm Essentials","Laundry","Laundry Detergent","Method","method laundry detergent ginger mango","method laundry detergent ginger mango","14.99","1.0","","1.58 L","1.58 L","DE0013.jpg",,"15"
"469","Dorm Essentials","Laundry","Laundry Detergent","Oxi Clean","OxiClean Laundry Detergent Sparkling Fresh 40 Loads","OxiClean Laundry Detergent Sparkling Fresh 40 Loads","8.74","1.0","","60 fl oz","60 fl oz","DE0014.jpg",,"15"
"470","Dorm Essentials","Laundry","Laundry Detergent","Oxi Clean","OxiClean Laundry Dark Protect Laundry Booster 40 Loads","OxiClean Laundry Dark Protect Laundry Booster 40 Loads","9.36","1.0","","50 fl oz","50 fl oz","DE0015.jpg",,"15"
"471","Dorm Essentials","Laundry","Laundry Detergent","Oxi Clean","OxiClean Laundry Booster Odor Blasters","OxiClean Laundry Booster Odor Blasters","9.36","1.0","","50 fl oz","50 fl oz","DE0016.jpg",,"15"
"472","Dorm Essentials","Laundry","Laundry Detergent","Oxi Clean","OxiClean Laundry Detergent Sparkling Fresh 67 Loads","OxiClean Laundry Detergent Sparkling Fresh 67 Loads","12.49","1.0","","100.5 fl oz","100.5 fl oz","DE0017.jpg",,"15"
"473","Dorm Essentials","Laundry","Laundry Detergent","Oxi Clean","OxiClean Stain Fighters Fresco aroma Laundry Detergent","OxiClean Stain Fighters Fresco aroma Laundry Detergent","6.86","1.0","","1.58 kg","1.58 kg","DE0018.jpg",,"15"
"474","Dorm Essentials","Laundry","Laundry Detergent","Seventh Generation","Seventh Generation Ultra Power Plus Laundry Detergent fresh CITRUS scent","Seventh Generation Ultra Power Plus Laundry Detergent fresh CITRUS scent","15.61","1.0","","95 fl oz","95 fl oz","DE0019.jpg",,"15"
"475","Dorm Essentials","Laundry","Laundry Detergent","Seventh Generation","Seventh Generation Laundry Detergent fresh Lavender scent","Seventh Generation Laundry Detergent fresh Lavender scent","9.99","1.0","","50 fl oz","50 fl oz","DE0020.jpg",,"15"
"476","Dorm Essentials","Laundry","Laundry Detergent","Purex Liquid Detergents","Purex Concentrated Detergent Mountain Breeze 57 loads","Purex Concentrated Detergent Mountain Breeze 57 loads","3.74","1.0","","75 fl oz","75 fl oz","DE0021.jpg",,"15"
"477","Dorm Essentials","Laundry","Laundry Detergent","Purex Liquid Detergents","Purex Concentrated Detergent Mountain Breeze 38 loads","Purex Concentrated Detergent Mountain Breeze 38 loads","4.99","1.0","","50 fl oz","50 fl oz","DE0022.jpg",,"15"
"478","Dorm Essentials","Laundry","Laundry Detergent","Purex Liquid Detergents","Purex Detergent Odor Release 43 Loads","Purex Detergent Odor Release 43 Loads","3.74","1.0","","65 fl oz","65 fl oz","DE0023.jpg",,"15"
"479","Dorm Essentials","Laundry","Laundry Detergent","Purex Liquid Detergents","Purex Concentrated Detergent After the Rain 57 loads","Purex Concentrated Detergent After the Rain 57 loads","3.74","1.0","","75 fl oz","75 fl oz","DE0024.jpg",,"15"
"480","Dorm Essentials","Laundry","Laundry Detergent","Purex Liquid Detergents","Purex Concentrated Detergent + CLOROX 85 loads","Purex Concentrated Detergent + CLOROX 85 loads","9.99","1.0","","128 fl oz","128 fl oz","DE0025.jpg",,"15"
"481","Dorm Essentials","Laundry","Laundry Detergent","Purex Liquid Detergents","Purex Concentrated Detergent After the Rain 115 loads","Purex Concentrated Detergent After the Rain 115 loads","9.99","1.0","","150 fl oz","150 fl oz","DE0026.jpg",,"15"
"482","Dorm Essentials","Laundry","Laundry Detergent","Purex Liquid Detergents","Purex Detergent Odor Release 85 Loads","Purex Detergent Odor Release 85 Loads","9.99","1.0","","128 fl oz","128 fl oz","DE0027.jpg",,"15"
"483","Dorm Essentials","Laundry","Laundry Detergent","Purex Liquid Detergents","Purex Natural Elements Linen & Lilies 57 Loads Laundry Detergent","Purex Natural Elements Linen & Lilies 57 Loads Laundry Detergent","3.74","1.0","","75 fl oz","75 fl oz","DE0028.jpg",,"15"
"484","Dorm Essentials","Laundry","Laundry Detergent","Purex Liquid Detergents","Purex Natural Elements Linen & Lilies 115 Loads Laundry Detergent","Purex Natural Elements Linen & Lilies 115 Loads Laundry Detergent","9.99","1.0","","150 fl oz","150 fl oz","DE0029.jpg",,"15"
"485","Dorm Essentials","Laundry","Laundry Detergent","Purex","Purex 4 in 1 Pacs Mountain Breeze 19 pack Laundry Detergent","Purex 4 in 1 Pacs Mountain Breeze 19 pack Laundry Detergent","4.99","1.0","","19 pack","19 pack","DE0030.jpg",,"15"
"486","Dorm Essentials","Laundry","Laundry Detergent","Purex","Purex 4 in 1 Pacs Mountain Breeze 22 pack Laundry Detergent","Purex 4 in 1 Pacs Mountain Breeze 22 pack Laundry Detergent","5.61","1.0","","22 pack","22 pack","DE0031.jpg",,"15"
"487","Dorm Essentials","Laundry","Laundry Detergent","Purex","Purex 4 in 1 Pacs Mountain Breeze 29 pack Laundry Detergent","Purex 4 in 1 Pacs Mountain Breeze 29 pack Laundry Detergent","5.61","1.0","","29 pack","29 pack","DE0032.jpg",,"15"
"488","Dorm Essentials","Laundry","Laundry Detergent","Purex","Purex 4 in 1 Pacs Mountain Breeze 45 pack Laundry Detergent","Purex 4 in 1 Pacs Mountain Breeze 45 pack Laundry Detergent","9.99","1.0","","45 pack","45 pack","DE0033.jpg",,"15"
"489","Dorm Essentials","Laundry","Laundry Detergent","Purex","Purex 4 in 1 Pacs Mountain Breeze 58 pack Laundry Detergent","Purex 4 in 1 Pacs Mountain Breeze 58 pack Laundry Detergent","9.99","1.0","","58 pack","58 pack","DE0034.jpg",,"15"
"490","Dorm Essentials","Laundry","Laundry Detergent","Tide","Tide Plus Bleach Original 53 Loads Laundry Detergent","Tide Plus Bleach Original 53 Loads Laundry Detergent","12.49","1.0","","95 oz","95 oz","DE0035.jpg",,"15"
"491","Dorm Essentials","Laundry","Laundry Detergent","Tide","Tide Simply Clean& Fresh Daybreak Fresh 89 Loads Laundry Detergent","Tide Simply Clean& Fresh Daybreak Fresh 89 Loads Laundry Detergent","11.86","1.0","","128 fl oz","128 fl oz","DE0036.jpg",,"15"
"492","Dorm Essentials","Laundry","Laundry Detergent","Tide","Tide Simply + OXI Refreshing Breeze 74 Loads Laundry Detergent","Tide Simply + OXI Refreshing Breeze 74 Loads Laundry Detergent","11.86","1.0","","115 fl oz","115 fl oz","DE0037.jpg",,"15"
"493","Dorm Essentials","Laundry","Laundry Detergent","Tide","Tide Simply + OXI Refreshing Breeze 20 Loads Laundry Detergent","Tide Simply + OXI Refreshing Breeze 20 Loads Laundry Detergent","4.36","1.0","","31 fl oz","31 fl oz","DE0038.jpg",,"15"
"494","Dorm Essentials","Laundry","Laundry Detergent","Tide","Tide Simply Clean& Fresh Daybreak Fresh 22 Loads Laundry Detergent","Tide Simply Clean& Fresh Daybreak Fresh 22 Loads Laundry Detergent","4.36","1.0","","31 fl oz","31 fl oz","DE0039.jpg",,"15"
"495","Dorm Essentials","Laundry","Laundry Detergent","Tide","Tide purclean plant based detergent Honey Lavender","Tide purclean plant based detergent Honey Lavender","14.99","1.0","","69 fl oz","69 fl oz","DE0040.jpg",,"15"
"496","Dorm Essentials","Laundry","Laundry Detergent","Tide","Tide Detergent Original 64 Loads","Tide Detergent Original 64 Loads","14.99","1.0","","92 fl oz","92 fl oz","DE0041.jpg",,"15"
"497","Dorm Essentials","Laundry","Laundry Detergent","Tide","Tide Fresh Coral Blast Detergent 64 Loads","Tide Fresh Coral Blast Detergent 64 Loads","14.99","1.0","","92 fl oz","92 fl oz","DE0042.jpg",,"15"
"498","Dorm Essentials","Laundry","Laundry Detergent","Tide","Tide Ultra OXI Detergent 59 Loads","Tide Ultra OXI Detergent 59 Loads","14.99","1.0","","92 fl oz","92 fl oz","DE0043.jpg",,"15"
"499","Dorm Essentials","Laundry","Laundry Detergent","Tide","Tide Plus Febreeze freshness spring & renewal Laundry Detergent","Tide Plus Febreeze freshness spring & renewal Laundry Detergent","14.99","1.0","","92 fl oz","92 fl oz","DE0044.jpg",,"15"
"500","Dorm Essentials","Laundry","Laundry Detergent","Tide","Tide Plus Coldwater Clean Detergent Original 59 Loads","Tide Plus Coldwater Clean Detergent Original 59 Loads","14.99","1.0","","92 fl oz","92 fl oz","DE0045.jpg",,"15"
"501","Dorm Essentials","Laundry","Laundry Detergent","Tide","Tide Detergent Original 96 Loads Laundry Detergent","Tide Detergent Original 96 Loads Laundry Detergent","22.49","1.0","","138 fl oz","138 fl oz","DE0046.jpg",,"15"
"502","Dorm Essentials","Laundry","Laundry Detergent","Tide","Tide Plus Febreeze freshness botanical rain 69 Loads","Tide Plus Febreeze freshness botanical rain 69 Loads","14.99","1.0","","92 fl oz","92 fl oz","DE0047.jpg",,"15"
"503","Dorm Essentials","Laundry","Laundry Detergent","Tide","Tide Plus Bleach Original 59 Loads Laundry Detergent","Tide Plus Bleach Original 59 Loads Laundry Detergent","14.99","1.0","","92 fl oz","92 fl oz","DE0048.jpg",,"15"
"504","Dorm Essentials","Laundry","Laundry Detergent","Tide","Tide Plus Downy Pods Laundry Detergent","Tide Plus Downy Pods Laundry Detergent","16.24","1.0","","32 x 30 oz","32 x 30 oz","DE0049.jpg",,"15"
"505","Dorm Essentials","Laundry","Laundry Detergent","Tide","Tide Plus ultra OXI pods Laundry Detergent","Tide Plus ultra OXI pods Laundry Detergent","16.24","1.0","","32 pack","32 pack","DE0050.jpg",,"15"
"506","Dorm Essentials","Laundry","Laundry Detergent","Tide","Tide Pods Fresh Coral Blast Laundry Detergent","Tide Pods Fresh Coral Blast Laundry Detergent","16.24","1.0","","42 pack","42 pack","DE0051.jpg",,"15"
"507","Dorm Essentials","Laundry","Laundry Detergent","Tide","Tide Pods free&gentle Laundry Detergent","Tide Pods free&gentle Laundry Detergent","22.49","1.0","","72 pack","72 pack","DE0052.jpg",,"15"
"508","Dorm Essentials","Laundry","Laundry Detergent","Tide","Tide Pods Sport Odor Defense Laundry Detergent","Tide Pods Sport Odor Defense Laundry Detergent","8.11","1.0","","411 g","411 g","DE0053.jpg",,"15"
"509","Dorm Essentials","Laundry","Laundry Detergent","Tide","Tide Pods 3 in 1 Original Laundry Detergent","Tide Pods 3 in 1 Original Laundry Detergent","8.11","1.0","","460 g","460 g","DE0054.jpg",,"15"
"510","Dorm Essentials","Laundry","Laundry Detergent","Mrs Stewarts","Mrs Stewarts Concentrated Liquid Bluing Laundry Detergent","Mrs Stewarts Concentrated Liquid Bluing Laundry Detergent","2.49","1.0","","8 fl oz","8 fl oz","DE0055.jpg",,"15"
"511","Dorm Essentials","Laundry","Laundry Detergent","Dreft","Dreft Stage 2:active baby Laundry Detergent 32 Loads","Dreft Stage 2:active baby Laundry Detergent 32 Loads","12.49","1.0","","50 fl oz","50 fl oz","DE0056.jpg",,"15"
"512","Dorm Essentials","Laundry","Laundry Detergent","Market Basket","Market Basket Laundry Detergent OXI Fresh Scent","Market Basket Laundry Detergent OXI Fresh Scent","3.74","1.0","","50 fl oz","50 fl oz","Market Basket.jpg",,"15"
"513","Dorm Essentials","Laundry","Laundry Detergent","Market Basket","Market Basket Laundry Detergent Mountain Scent","Market Basket Laundry Detergent Mountain Scent","3.74","1.0","","50 fl oz","50 fl oz","Market Basket.jpg",,"15"
"514","Dorm Essentials","Laundry","Laundry Detergent","Market Basket","Market Basket Laundry Detergent High Efficiency","Market Basket Laundry Detergent High Efficiency","6.86","1.0","","100 fl oz","100 fl oz","Market Basket.jpg",,"15"
"515","Dorm Essentials","Laundry","Fabric Softener","Market Basket","Market Basket Ultra Fabric Softener Spring Scent 40 Loads","Market Basket Ultra Fabric Softener Spring Scent 40 Loads","4.99","1.0","","34 fl oz","34 fl oz","Market Basket.jpg",,"15"
"516","Dorm Essentials","Laundry","Laundry Detergent","Market Basket","Market Basket Stain Fighter & Color Booster Concentated 48 Loads Laundry Detergent","Market Basket Stain Fighter & Color Booster Concentated 48 Loads Laundry Detergent","7.49","1.0","","66 fl oz","66 fl oz","Market Basket.jpg",,"15"
"517","Dorm Essentials","Laundry","Laundry Detergent","Dynamo","Dynamo Purple Wildflowers 60 Loads Laundry Detergent","Dynamo Purple Wildflowers 60 Loads Laundry Detergent","4.36","1.0","","60 fl oz","60 fl oz","DE0057.jpg",,"15"
"518","Dorm Essentials","Laundry","Laundry Detergent","Dynamo","Dynamo Laundry Detergent Quick Dissolve Sheets 30 Flicks","Dynamo Laundry Detergent Quick Dissolve Sheets 30 Flicks","1.24","1.0","","20 pack","20 pack","DE0058.jpg",,"15"
"519","Dorm Essentials","Laundry","Laundry Detergent","Ivory Snow","Ivory Snow Gentle Care Detergent 16 Loads","Ivory Snow Gentle Care Detergent 16 Loads","6.86","1.0","","25 fl oz","25 fl oz","DE0059.jpg",,"15"
"520","Dorm Essentials","Laundry","Laundry Detergent","Arm & Hammer","Arm & Hammer Plus the Power of OxiClean Stain Fighters Sparkling Waters Laundry Detergent","Arm & Hammer Plus the Power of OxiClean Stain Fighters Sparkling Waters Laundry Detergent","4.99","1.0","","43.75 fl oz","43.75 fl oz","DE0060.jpg",,"15"
"521","Dorm Essentials","Laundry","Laundry Detergent","Arm & Hammer","Arm & Hammer Clean& Simple Laundry Detergent Crisp Clean","Arm & Hammer Clean& Simple Laundry Detergent Crisp Clean","9.99","1.0","","122.5 fl oz","122.5 fl oz","DE0061.jpg",,"15"
"522","Dorm Essentials","Laundry","Laundry Detergent","Arm & Hammer","Arm & Hammer Clean& Simple Laundry Detergent Crisp Clean","Arm & Hammer Clean& Simple Laundry Detergent Crisp Clean","4.99","1.0","","43.75 fl oz","43.75 fl oz","DE0062.jpg",,"15"
"523","Dorm Essentials","Laundry","Laundry Detergent","Arm & Hammer","Arm & Hammer Plus the Power of OxiClean Stain Fighters Fresh Scent Laundry Detergent","Arm & Hammer Plus the Power of OxiClean Stain Fighters Fresh Scent Laundry Detergent","9.99","1.0","","122.5 fl oz","122.5 fl oz","DE0063.jpg",,"15"
"524","Dorm Essentials","Laundry","Laundry Detergent","Arm & Hammer","Arm & Hammer Sensitive Skin plus Fresh Scent 100 Loads Laundry Detergent","Arm & Hammer Sensitive Skin plus Fresh Scent 100 Loads Laundry Detergent","9.99","1.0","","150 fl oz","150 fl oz","DE0064.jpg",,"15"
"525","Dorm Essentials","Laundry","Laundry Detergent","Arm & Hammer","Arm & Hammer Sensitive Skin fresh & Clear 32 Loads Laundry Detergent","Arm & Hammer Sensitive Skin fresh & Clear 32 Loads Laundry Detergent","4.99","1.0","","50 fl oz","50 fl oz","DE0065.jpg",,"15"
"526","Dorm Essentials","Laundry","Laundry Detergent","Arm & Hammer","Arm & Hammer Sensitive Skin fresh & Clear 50 Loads Laundry Detergent","Arm & Hammer Sensitive Skin fresh & Clear 50 Loads Laundry Detergent","6.24","1.0","","75 fl oz","75 fl oz","DE0066.jpg",,"15"
"527","Dorm Essentials","Laundry","Laundry Detergent","Arm & Hammer","Arm & Hammer detergent plus Softener Orchard Blosson","Arm & Hammer detergent plus Softener Orchard Blosson","4.99","1.0","","50 fl oz","50 fl oz","DE0067.jpg",,"15"
"528","Dorm Essentials","Laundry","Laundry Detergent","Arm & Hammer","Arm & Hammer plus OXI CLEAN 5 in 1 power packs Laundry Detergent","Arm & Hammer plus OXI CLEAN 5 in 1 power packs Laundry Detergent","9.99","1.0","","40 packs","40 packs","DE0068.jpg",,"15"
"529","Dorm Essentials","Laundry","Scent Booster","Arm & Hammer","Arm & Hammer Clean Scentsations Scent booster Fresh Burst","Arm & Hammer Clean Scentsations Scent booster Fresh Burst","4.99","1.0","","24 oz","24 oz","DE0069.jpg",,"15"
"530","Dorm Essentials","Laundry","Scent Booster","Arm & Hammer","Arm & Hammer Clean Scentsations Scent booster Clean Meadow","Arm & Hammer Clean Scentsations Scent booster Clean Meadow","4.99","1.0","","24 oz","24 oz","DE0070.jpg",,"15"
"531","Dorm Essentials","Laundry","Scent Booster","Arm & Hammer","Arm & Hammer Clean Scentsations Scent booster Purifying Waters","Arm & Hammer Clean Scentsations Scent booster Purifying Waters","4.99","1.0","","24 oz","24 oz","DE0071.jpg",,"15"
"532","Dorm Essentials","Laundry","Fabric Softener","all","all fabric softener free clear 40 loads","all fabric softener free clear 40 loads","3.74","1.0","","32 fl oz","32 fl oz","DE0072.jpg",,"15"
"533","Dorm Essentials","Laundry","Laundry Detergent","all","all stainlifters original 4 in 1 mighty pacs Laundry Detergent","all stainlifters original 4 in 1 mighty pacs Laundry Detergent","10.61","1.0","","39 pacs","39 pacs","DE0073.jpg",,"15"
"534","Dorm Essentials","Laundry","Laundry Detergent","all","all stainlifters free clear 4 in 1 mighty pacs Laundry Detergent","all stainlifters free clear 4 in 1 mighty pacs Laundry Detergent","10.61","1.0","","39 pacs","39 pacs","DE0074.jpg",,"15"
"535","Dorm Essentials","Laundry","Laundry Detergent","all","all stainlifters fresh tropical mist detergent 26 Loads Laundry Detergent","all stainlifters fresh tropical mist detergent 26 Loads Laundry Detergent","3.74","1.0","","40 fl oz","40 fl oz","DE0075.jpg",,"15"
"536","Dorm Essentials","Laundry","Laundry Detergent","all","all stainlifters original detergent 66 Loads Laundry Detergent","all stainlifters original detergent 66 Loads Laundry Detergent","10.61","1.0","","100 fl oz","100 fl oz","DE0076.jpg",,"15"
"537","Dorm Essentials","Laundry","Laundry Detergent","all","all stainlifters free clear detergent 24 Loads Laundry Detergent","all stainlifters free clear detergent 24 Loads Laundry Detergent","3.74","1.0","","36 fl oz","36 fl oz","DE0077.jpg",,"15"
"538","Dorm Essentials","Laundry","Laundry Detergent","all","all stainlifters baby detergent 24 Loads Laundry Detergent","all stainlifters baby detergent 24 Loads Laundry Detergent","3.74","1.0","","36 fl oz","36 fl oz","DE0078.jpg",,"15"
"539","Dorm Essentials","Laundry","Laundry Detergent","all","all stainlifters free clear odor relief 49 Loads Laundry Detergent","all stainlifters free clear odor relief 49 Loads Laundry Detergent","10.61","1.0","","88 fl oz","88 fl oz","DE0079.jpg",,"15"
"540","Dorm Essentials","Laundry","Laundry Detergent","all","all stainlifters exhilarating laender 66 Loads Laundry Detergent","all stainlifters exhilarating laender 66 Loads Laundry Detergent","10.61","1.0","","100 fl oz","100 fl oz","DE0080.jpg",,"15"
"541","Dorm Essentials","Laundry","Laundry Detergent","all","all stainlifters original detergent 100 Loads","all stainlifters original detergent 100 Loads","13.11","1.0","","150 fl oz","150 fl oz","DE0081.jpg",,"15"
"542","Dorm Essentials","Laundry","Laundry Detergent","all","all stainlifters original 60 packs Laundry Detergent","all stainlifters original 60 packs Laundry Detergent","13.11","1.0","","39.7 oz","39.7 oz","DE0082.jpg",,"15"
"543","Dorm Essentials","Laundry","Laundry Detergent","all","all stainlifters free clear Laundry Detergent","all stainlifters free clear Laundry Detergent","3.74","1.0","","19 pack","19 pack","DE0083.jpg",,"15"
"544","Dorm Essentials","Laundry","Laundry Detergent","all","all stainlifters free clear detergent 4 Loads9","all stainlifters free clear detergent 4 Loads9","13.11","1.0","","141 fl oz","141 fl oz","DE0084.jpg",,"15"
"545","Dorm Essentials","Laundry","Laundry Detergent","all","all with Stainlifters free clear with OXI Laundry Detergent","all with Stainlifters free clear with OXI Laundry Detergent","13.11","1.0","","141 fl oz","141 fl oz","DE0085.jpg",,"15"
"546","Dorm Essentials","Laundry","Laundry Detergent","Gain","Gain Aroma Boost Liquid Laundry Detergent, blissful breeze","Gain Aroma Boost Liquid Laundry Detergent, blissful breeze","13.74","1.0","","100 fl oz","100 fl oz","DE0086.jpg",,"15"
"547","Dorm Essentials","Laundry","Laundry Detergent","Gain","Gain Aroma Boost Liquid Laundry Detergent, island fresh","Gain Aroma Boost Liquid Laundry Detergent, island fresh","13.74","1.0","","100 fl oz","100 fl oz","DE0087.jpg",,"15"
"548","Dorm Essentials","Laundry","Laundry Detergent","Gain","Gain Aroma Boost Liquid Laundry Detergent, moonlight breeze","Gain Aroma Boost Liquid Laundry Detergent, moonlight breeze","13.74","1.0","","100 fl oz","100 fl oz","DE0088.jpg",,"15"
"549","Dorm Essentials","Laundry","Laundry Detergent","Gain","Gain Fireworks in wash scent moonlight breeze Laundry Detergent","Gain Fireworks in wash scent moonlight breeze Laundry Detergent","8.74","1.0","","285 g","285 g","DE0089.jpg",,"15"
"550","Dorm Essentials","Laundry","Laundry Detergent","Gain","Gain Fireworks in wash scent island fresh Laundry Detergent","Gain Fireworks in wash scent island fresh Laundry Detergent","8.74","1.0","","285 g","285 g","DE0090.jpg",,"15"
"551","Dorm Essentials","Laundry","Laundry Detergent","Gain","Gain Fireworks in wash scent original Laundry Detergent","Gain Fireworks in wash scent original Laundry Detergent","8.74","1.0","","285 g","285 g","DE0091.jpg",,"15"
"552","Dorm Essentials","Laundry","Fabric Softener","Gain","Gain fabric Softener original 60 Loads","Gain fabric Softener original 60 Loads","6.86","1.0","","1.53 L","1.53 L","DE0092.jpg",,"15"
"553","Dorm Essentials","Laundry","Laundry Detergent","cheer","Cheer colorguard Detergent 64 Loads","Cheer colorguard Detergent 64 Loads","13.74","1.0","","100 fl oz","100 fl oz","DE0093.jpg",,"15"
"554","Dorm Essentials","Laundry","Laundry Detergent","Xtra","Xtra Detergent 128 Loads Lavender & Sweet Vanilla","Xtra Detergent 128 Loads Lavender & Sweet Vanilla","7.49","1.0","","192 fl oz","192 fl oz","DE0094.jpg",,"15"
"555","Dorm Essentials","Laundry","Laundry Detergent","Xtra","Xtra Plus OXI Clean Crystal Clean 108 Loads Laundry Detergent","Xtra Plus OXI Clean Crystal Clean 108 Loads Laundry Detergent","7.49","1.0","","192 fl oz","192 fl oz","DE0095.jpg",,"15"
"556","Dorm Essentials","Laundry","Laundry Detergent","Xtra","Xtra Plus Long Lasting Freshness Sparkling Fresh 42 Loads Laundry Detergent","Xtra Plus Long Lasting Freshness Sparkling Fresh 42 Loads Laundry Detergent","3.74","1.0","","75 fl oz","75 fl oz","DE0096.jpg",,"15"
"557","Dorm Essentials","Laundry","Laundry Detergent","Xtra","Xtra Detergent Mountain Rain 50 Loads","Xtra Detergent Mountain Rain 50 Loads","3.74","1.0","","75 fl oz","75 fl oz","DE0097.jpg",,"15"
"558","Dorm Essentials","Laundry","Laundry Detergent","Xtra","Xtra Detergent Tropical Passion","Xtra Detergent Tropical Passion","3.74","1.0","","75 fl oz","75 fl oz","DE0098.jpg",,"15"
"559","Dorm Essentials","Laundry","Laundry Detergent","Xtra","Xtra Plus OXI Clean Crystal Clean 40 Loads Laundry Detergent","Xtra Plus OXI Clean Crystal Clean 40 Loads Laundry Detergent","3.74","1.0","","75 fl oz","75 fl oz","DE0099.jpg",,"15"
"560","Dorm Essentials","Laundry","Laundry Detergent","Woolite","Woolite All Clothes Laundry Detergent 33 Loads","Woolite All Clothes Laundry Detergent 33 Loads","12.49","1.0","","50 fl oz","50 fl oz","DE0100.jpg",,"15"
"561","Dorm Essentials","Laundry","Laundry Detergent","Woolite","Woolite All Darks Laundry Detergent 33 Loads","Woolite All Darks Laundry Detergent 33 Loads","12.49","1.0","","50 fl oz","50 fl oz","DE0101.jpg",,"15"
"562","Dorm Essentials","Laundry","Laundry Detergent","Woolite","woolite Delicates 8 washes Laundry Detergent","woolite Delicates 8 washes Laundry Detergent","6.24","1.0","","16 fl oz","16 fl oz","DE0102.jpg",,"15"
"563","Dorm Essentials","Laundry","Laundry Detergent","Era","Era OXIBooster Detergent","Era OXIBooster Detergent","14.99","1.0","","50 fl oz","50 fl oz","DE0103.jpg",,"15"
"564","Dorm Essentials","Laundry","Laundry Detergent","Persil","Persil ProClean Intense Fresh Detergent Deep Clean 25 Loads","Persil ProClean Intense Fresh Detergent Deep Clean 25 Loads","7.49","1.0","","40 fl oz","40 fl oz","DE0104.jpg",,"15"
"565","Dorm Essentials","Laundry","Laundry Detergent","Persil","Persil ProClean plus Odor Fighter Detergent Deep Clean 20 Loads","Persil ProClean plus Odor Fighter Detergent Deep Clean 20 Loads","7.49","1.0","","40 fl oz","40 fl oz","DE0105.jpg",,"15"
"566","Dorm Essentials","Laundry","Laundry Detergent","Persil","Persil ProCLean Original Detergent Deep Clean 64 Loads","Persil ProCLean Original Detergent Deep Clean 64 Loads","15.61","1.0","","100 fl oz","100 fl oz","DE0106.jpg",,"15"
"567","Dorm Essentials","Laundry","Laundry Detergent","Downy","Ultra Downy april fresh 120 Loads Laundry Detergent","Ultra Downy april fresh 120 Loads Laundry Detergent","11.24","1.0","","3.06 L","3.06 L","DE0107.jpg",,"15"
"568","Dorm Essentials","Laundry","Laundry Detergent","Downy","Ultra Downy cool cotton 120 Loads Laundry Detergent","Ultra Downy cool cotton 120 Loads Laundry Detergent","11.24","1.0","","3.06 L","3.06 L","DE0108.jpg",,"15"
"569","Dorm Essentials","Laundry","Laundry Detergent","Downy","Ultra Downy april fresh 60 Loads Laundry Detergent","Ultra Downy april fresh 60 Loads Laundry Detergent","6.86","1.0","","1.53 L","1.53 L","DE0109.jpg",,"15"
"570","Dorm Essentials","Laundry","Laundry Detergent","Downy","Ultra Downy april fresh 40 Loads Laundry Detergent","Ultra Downy april fresh 40 Loads Laundry Detergent","4.99","1.0","","1.02 L","1.02 L","DE0110.jpg",,"15"
"571","Dorm Essentials","Laundry","Laundry Detergent","Downy","Ultra Downy free & gentle 60 loads Laundry Detergent","Ultra Downy free & gentle 60 loads Laundry Detergent","6.86","1.0","","1.53 L","1.53 L","DE0111.jpg",,"15"
"572","Dorm Essentials","Laundry","Laundry Detergent","Downy","Downy infusions CALM lavender & Vanilla bean 48 loads Laundry Detergent","Downy infusions CALM lavender & Vanilla bean 48 loads Laundry Detergent","7.49","1.0","","0.96 L","0.96 L","DE0112.jpg",,"15"
"573","Dorm Essentials","Laundry","Laundry Detergent","Downy","Downy infusions BLISS Sparkling Amber & Rose 48 loads Laundry Detergent","Downy infusions BLISS Sparkling Amber & Rose 48 loads Laundry Detergent","7.49","1.0","","0.96 L","0.96 L","DE0113.jpg",,"15"
"574","Dorm Essentials","Laundry","Laundry Detergent","Downy","Downy infusions ROMANTIC White Tea & Peony 48 loads Laundry Detergent","Downy infusions ROMANTIC White Tea & Peony 48 loads Laundry Detergent","7.49","1.0","","0.96 L","0.96 L","DE0114.jpg",,"15"
"575","Dorm Essentials","Laundry","Laundry Detergent","Downy","Downy Odor Protect april fresh in wash scent booster Laundry Detergent","Downy Odor Protect april fresh in wash scent booster Laundry Detergent","8.74","1.0","","285 g","285 g","DE0115.jpg",,"15"
"576","Dorm Essentials","Laundry","Laundry Detergent","Downy","Downy fresh Protect with febreze in wash ODOR Defense active fresh Laundry Detergent","Downy fresh Protect with febreze in wash ODOR Defense active fresh Laundry Detergent","8.74","1.0","","285 g","285 g","DE0116.jpg",,"15"
"577","Dorm Essentials","Laundry","Laundry Detergent","Downy","Downy fresh Protect with febreze in wash ODOR Defense april fresh Laundry Detergent","Downy fresh Protect with febreze in wash ODOR Defense april fresh Laundry Detergent","8.74","1.0","","285 g","285 g","DE0117.jpg",,"15"
"578","Dorm Essentials","Laundry","Fabric Softener","Downy","Downy WrinkleGuard Fabric Conditioner","Downy WrinkleGuard Fabric Conditioner","6.86","1.0","","740 ml","740 ml","DE0118.jpg",,"15"
"579","Dorm Essentials","Laundry","Scent Booster","Downy","Downy Unstoppables inwash scent booster Outdoor fresh","Downy Unstoppables inwash scent booster Outdoor fresh","8.74","1.0","","285 g","285 g","DE0119.jpg",,"15"
"580","Dorm Essentials","Laundry","Scent Booster","Downy","Downy Unstoppables inwash scent booster Lush Somptueux","Downy Unstoppables inwash scent booster Lush Somptueux","8.74","1.0","","285 g","285 g","DE0120.jpg",,"15"
"581","Dorm Essentials","Laundry","Scent Booster","Downy","Downy Unstoppables inwash scent booster Fresh Frais","Downy Unstoppables inwash scent booster Fresh Frais","8.74","1.0","","285 g","285 g","DE0121.jpg",,"15"
"582","Dorm Essentials","Laundry","Fabric Softener","Snuggle","Snuggle Plus super fresh Fabric conditioner Violet Breeze","Snuggle Plus super fresh Fabric conditioner Violet Breeze","3.74","1.0","","31.7 fl oz","31.7 fl oz","DE0122.jpg",,"15"
"583","Dorm Essentials","Laundry","Fabric Softener","Snuggle","Snuggle exhilarations blue iris and ocean bridge fabric conditioner","Snuggle exhilarations blue iris and ocean bridge fabric conditioner","3.74","1.0","","32 fl oz","32 fl oz","DE0123.jpg",,"15"
"584","Dorm Essentials","Laundry","Fabric Softener","Snuggle","Snuggle exhilarations amber woods and honeysuckle fabric conditioner","Snuggle exhilarations amber woods and honeysuckle fabric conditioner","3.74","1.0","","32 fl oz","32 fl oz","DE0124.jpg",,"15"
"585","Dorm Essentials","Laundry","Fabric Softener","Snuggle","Snuggle exhilarations island hibiscus & rainflower fabric conditioner","Snuggle exhilarations island hibiscus & rainflower fabric conditioner","3.74","1.0","","32 fl oz","32 fl oz","DE0125.jpg",,"15"
"586","Dorm Essentials","Laundry","Scent Booster","Snuggle","Snuggle Scent Shakes Scent Booster Blue Sparkle","Snuggle Scent Shakes Scent Booster Blue Sparkle","5.61","1.0","","255 g","255 g","DE0126.jpg",,"15"
"587","Dorm Essentials","Laundry","Scent Booster","Snuggle","Snuggle Scent Shakes Scent Booster Original","Snuggle Scent Shakes Scent Booster Original","5.61","1.0","","255 g","255 g","DE0127.jpg",,"15"
"588","Dorm Essentials","Laundry","Scent Booster","Snuggle","Snuggle Scent Shakes Scent Booster Spring Burst","Snuggle Scent Shakes Scent Booster Spring Burst","5.61","1.0","","255 g","255 g","DE0128.jpg",,"15"
"589","Dorm Essentials","Laundry","Scent Booster","Snuggle","Snuggle Scnt booster Concentrated Scent Pacs 20 loads","Snuggle Scnt booster Concentrated Scent Pacs 20 loads","4.99","1.0","","400 g","400 g","DE0129.jpg",,"15"
"590","Dorm Essentials","Laundry","Fabric Softener","Snuggle","Ultra Snuggle Fabric Conditioner with Fresh Release Blue Sparkle 120 loads","Ultra Snuggle Fabric Conditioner with Fresh Release Blue Sparkle 120 loads","8.74","1.0","","96 fl oz","96 fl oz","DE0130.jpg",,"15"
"591","Dorm Essentials","Laundry","Fabric Softener","Final Touch","Final Touch Fabric Softener plus conditioner Lavender 36 Loads","Final Touch Fabric Softener plus conditioner Lavender 36 Loads","2.74","1.0","","72 fl oz","72 fl oz","DE0131.jpg",,"15"
"592","Dorm Essentials","Laundry","Fabric Softener","Final Touch","Final Touch Fabric Softener plus conditioner Spring Fresh 36 Loads","Final Touch Fabric Softener plus conditioner Spring Fresh 36 Loads","2.74","1.0","","72 fl oz","72 fl oz","DE0132.jpg",,"15"
"593","Dorm Essentials","Laundry","Laundry Whitener","Out","Out white brite Laundry whitener","Out white brite Laundry whitener","7.86","1.0","","1 lb","1 lb","DE0133.jpg",,"15"
"594","Dorm Essentials","Laundry","Laundry Detergent","Febreze","Febreze Odor Eliminator Quick Dry Mist Crisp Clean Laundry Detergent","Febreze Odor Eliminator Quick Dry Mist Crisp Clean Laundry Detergent","6.24","1.0","","15 fl oz","15 fl oz","DE0134.jpg",,"15"
"595","Dorm Essentials","Paper Goods","Bathroom Tissues / Toilet Paper","Market Basket","Market Basket Supreme strong & soft Bathroom Tissues","Market Basket Supreme strong & soft Bathroom Tissues","4.99","1.0","","6 count","6 count","Market Basket.jpg",,"14"
"596","Dorm Essentials","Paper Goods","Bathroom Tissues / Toilet Paper","Market Basket","Market Basket Supreme strong & soft Bathroom Tissues","Market Basket Supreme strong & soft Bathroom Tissues","17.49","1.0","","24 count","24 count","Market Basket.jpg",,"14"
"597","Dorm Essentials","Paper Goods","Bathroom Tissues / Toilet Paper","Market Basket","Market Basket Supreme strong & soft Mega Call Bathroom Tissues","Market Basket Supreme strong & soft Mega Call Bathroom Tissues","7.49","1.0","","6 count","6 count","Market Basket.jpg",,"14"
"598","Dorm Essentials","Paper Goods","Bathroom Tissues / Toilet Paper","Market Basket","Market Basket Premium Bathroom Tissue Ultra Strong","Market Basket Premium Bathroom Tissue Ultra Strong","3.13","1.0","","4 count","4 count","Market Basket.jpg",,"14"
"599","Dorm Essentials","Paper Goods","Bathroom Tissues / Toilet Paper","Market Basket","Market Basket Premium Bathroom Tissue Ultra Strong","Market Basket Premium Bathroom Tissue Ultra Strong","6.24","1.0","","8 count","8 count","Market Basket.jpg",,"14"
"600","Dorm Essentials","Paper Goods","Bathroom Tissues / Toilet Paper","Market Basket","Market Basket Premium Bathroom Tissue Ultra Strong","Market Basket Premium Bathroom Tissue Ultra Strong","8.74","1.0","","12 count","12 count","Market Basket.jpg",,"14"
"601","Dorm Essentials","Paper Goods","Bathroom Tissues / Toilet Paper","Market Basket","Market Basket Premium Bathroom Tissue Ultra Strong","Market Basket Premium Bathroom Tissue Ultra Strong","17.49","1.0","","24 count","24 count","Market Basket.jpg",,"14"
"602","Dorm Essentials","Paper Goods","Bathroom Tissues / Toilet Paper","AngelSoft","AngelSoft 4 Mega Bathroom Tissue","AngelSoft 4 Mega Bathroom Tissue","6.24","1.0","","4 count","4 count","DE0152.jpg",,"14"
"603","Dorm Essentials","Paper Goods","Bathroom Tissues / Toilet Paper","Quilted Northern","Quilted Northern Bathroom Tissue Paper, Ultra Soft & Strong Mega Rolls","Quilted Northern Bathroom Tissue Paper, Ultra Soft & Strong Mega Rolls","9.99","1.0","","6 count","6 count","DE0153.jpg",,"14"
"604","Dorm Essentials","Paper Goods","Bathroom Tissues / Toilet Paper","Earth First","Earth First Recycled Paper Bath Tissue Double Roll","Earth First Recycled Paper Bath Tissue Double Roll","8.74","1.0","","12 count","12 count","DE0154.jpg",,"14"
"605","Dorm Essentials","Paper Goods","Bathroom Tissues / Toilet Paper","Charmin","Charmin Ultra Strong Toilet Paper 9 Mega Rolls","Charmin Ultra Strong Toilet Paper 9 Mega Rolls","16.24","1.0","","9 count","9 count","DE0155.jpg",,"14"
"606","Dorm Essentials","Paper Goods","Facial Tissues","Market Basket","Market Basket Facial Tissue","Market Basket Facial Tissue","1.24","1.0","","80 count","80 count","Market Basket.jpg",,"14"
"607","Dorm Essentials","Paper Goods","Paper Napkins","Market Basket","Market Basket Napkins","Market Basket Napkins","3.74","1.0","","250 count","250 count","Market Basket.jpg",,"14"
"608","Dorm Essentials","Paper Goods","Paper Napkins","Market Basket","Market Basket Premium Dinner Napkins","Market Basket Premium Dinner Napkins","1.49","1.0","","40 count","40 count","Market Basket.jpg",,"14"
"609","Dorm Essentials","Paper Goods","Paper Napkins","Medline","ReadyFlush Select Dispensable CleansingClothes","ReadyFlush Select Dispensable CleansingClothes","3.74","1.0","","48 count","48 count","DE0151.jpg",,"14"
"610","Dorm Essentials","Paper Goods","Paper Napkins","Clorox","HandiWipes MultiUse Reusable Cloths","HandiWipes MultiUse Reusable Cloths","2.49","1.0","","1 pack","1 pack","DE0156.jpg",,"14"
"611","Dorm Essentials","Paper Goods","Paper Towels","Market Basket","Market Basket Premium 2 Ply Paper Towels","Market Basket Premium 2 Ply Paper Towels","18.74","1.0","","12 count","12 count","Market Basket.jpg",,"14"
"612","Dorm Essentials","Paper Goods","Paper Towels","Viva Choose-A-Sheet","Viva/Bounty Choose-A-Sheet Regular Roll Paper Towels","Viva/Bounty Choose-A-Sheet Regular Roll Paper Towels","12.49","1.0","","6 count","6 count","16923.jpg",,"14"
"613","Dorm Essentials","Paper Goods","Straws","Market Basket","Market Basket 250 Straws","Market Basket 250 Straws","2.74","1.0","","250 count","250 count","Market Basket.jpg",,"14"
"614","Dorm Essentials","Paper Goods","Wipes","Charmin","Charmin Freshmates Flushable Wipes","Charmin Freshmates Flushable Wipes","3.24","1.0","","40 count","40 count","4631.jpg",,"14"
"615","Dorm Essentials","Paper Goods","Wipes","Puffs","Puffs Plus Lotion","Puffs Plus Lotion","6.24","1.0","","4 boxes","4 boxes","DE0135.jpg",,"14"
"616","Dorm Essentials","Paper Goods","Wipes","Puffs","Puffs Softly Eases Sneezes","Puffs Softly Eases Sneezes","2.74","1.0","","80 count","80 count","DE0136.jpg",,"14"
"617","Dorm Essentials","Paper Goods","Wipes","Puffs","Puffs Ultra Soft Comforts Needy Noses","Puffs Ultra Soft Comforts Needy Noses","2.74","1.0","","124 count","124 count","DE0137.jpg",,"14"
"618","Dorm Essentials","Paper Goods","Wipes","Puffs","Puffs Plus Lotion Soothes Sore Sniffers","Puffs Plus Lotion Soothes Sore Sniffers","2.74","1.0","","124 count","124 count","DE0138.jpg",,"14"
"619","Dorm Essentials","Paper Goods","Wipes","Kleenex","Kleenex Ultra Soft","Kleenex Ultra Soft","2.5","1.0","","110 count","110 count","DE0139.jpg",,"14"
"620","Dorm Essentials","Paper Goods","Wipes","Kleenex","Kleenex trusted care","Kleenex trusted care","2.5","1.0","","144 count","144 count","DE0140.jpg",,"14"
"621","Dorm Essentials","Paper Goods","Wipes","Kleenex","Kleenex ultra soft","Kleenex ultra soft","7.49","1.0","","4 boxes","4 boxes","DE0141.jpg",,"14"
"622","Dorm Essentials","Paper Goods","Wipes","Scotties","Scotties everyday comfort","Scotties everyday comfort","1.24","1.0","","64 count","64 count","DE0142.jpg",,"14"
"623","Dorm Essentials","Paper Goods","Wipes","Scotties","Scotties triple soft","Scotties triple soft","1.24","1.0","","66 count","66 count","DE0143.jpg",,"14"
"624","Dorm Essentials","Paper Goods","Wipes","Scotties","Scotties everyday comfort","Scotties everyday comfort","1.24","1.0","","110 count","110 count","DE0144.jpg",,"14"
"625","Dorm Essentials","Paper Goods","Wipes","Scotties","Scotties everyday comfort","Scotties everyday comfort","2.86","1.0","","230 count","230 count","DE0145.jpg",,"14"
"626","Dorm Essentials","Paper Goods","Wipes","Scotties","Scotties Pocket Pack Ultra Plush","Scotties Pocket Pack Ultra Plush","0.25","1.0","","10 count","10 count","DE0146.jpg",,"14"
"627","Dorm Essentials","Paper Goods","Wipes","Scotties","Scotties Pocket Packs ultra plush","Scotties Pocket Packs ultra plush","1.88","1.0","","8 count","8 count","DE0147.jpg",,"14"
"628","Dorm Essentials","Paper Goods","Wipes","Market Basket","Market Basket Flushable Moist Wipes","Market Basket Flushable Moist Wipes","3.11","1.0","","1 unit","1 unit","Market Basket.jpg",,"14"
"629","Dorm Essentials","Paper Goods","Wipes","Market Basket","Market Basket Flushable Moist Wipes Refill & Travel Pack","Market Basket Flushable Moist Wipes Refill & Travel Pack","1.49","1.0","","1 unit","1 unit","Market Basket.jpg",,"14"
"630","Dorm Essentials","Paper Goods","Wipes","Market Basket","Market Basket Flushable Wipes scented","Market Basket Flushable Wipes scented","3.49","1.0","","1 unit","1 unit","Market Basket.jpg",,"14"
"631","Dorm Essentials","Paper Goods","Wipes","Market Basket","Market Basket Fragrance Free Cleansing Wipes 36 wipes","Market Basket Fragrance Free Cleansing Wipes 36 wipes","1.49","1.0","","1 unit","1 unit","Market Basket.jpg",,"14"
"3428","Fresh Produce","Fresh Fruits","Apple","Market Basket","Apples Oranges Combo","Apples Oranges Combo","9.89","0.0","","1 bag(s)","1 bag(s)","f1.jpg",,"20"
"3429","Fresh Produce","Fresh Fruits","Apple","Market Basket","Bag Red Delicious Apples","Bag Red Delicious Apples","6.99","0.0","","5 lb","5 lb","f2.jpg",,"20"
"3430","Fresh Produce","Fresh Fruits","Apple","Market Basket","Braeburn Apples","Braeburn Apples","2.0","0.0","","1 lb","1 lb","f3.jpg",,"20"
"3431","Fresh Produce","Fresh Fruits","Apple","Market Basket","Cortland Apples","Cortland Apples","1.64","0.0","","1 lb","1 lb","f4.jpg",,"20"
"3432","Fresh Produce","Fresh Fruits","Apple","Market Basket","Cortland Apples Bag- 3lbs","Cortland Apples Bag- 3lbs","3.84","0.0","","1 lb","1 lb","f5.jpg",,"20"
"3433","Fresh Produce","Fresh Fruits","Apple","Market Basket","Empire Apples","Empire Apples","1.64","0.0","","1 lb","1 lb","f6.jpg",,"20"
"3434","Fresh Produce","Fresh Fruits","Apple","Market Basket","Fuji Apples","Fuji Apples","2.19","0.0","","1 lb","1 lb","f7.jpg",,"20"
"3435","Fresh Produce","Fresh Fruits","Apple","Market Basket","Gala Apples","Gala Apples","1.64","0.0","","1 lb","1 lb","f8.jpg",,"20"
"3436","Fresh Produce","Fresh Fruits","Apple","Market Basket","Granny Smith Apples","Granny Smith Apples","1.64","0.0","","1 lb","1 lb","f9.jpg",,"20"
"3437","Fresh Produce","Fresh Fruits","Apple","Market Basket","Large Honey Crisp Apples","Large Honey Crisp Apples","2.74","0.0","","1 lb","1 lb","f11.jpg",,"20"
"3438","Fresh Produce","Fresh Fruits","Apple","Market Basket","Red Delicious Apples","Red Delicious Apples","1.64","0.0","","1 lb","1 lb","f15.jpg",,"20"
"3439","Fresh Produce","Fresh Fruits","Banana","Market Basket","Banana Bunches (Approx: 3 Count)","Banana Bunches (Approx: 3 Count)","1.09","0.0","","1 lb","1 lb","f16.jpg",,"20"
"3440","Fresh Produce","Fresh Fruits","Banana","Market Basket","Green Plain Banana","Green Plain Banana","1.09","0.0","","2 count","2 count","f17.jpg",,"20"
"3441","Fresh Produce","Fresh Fruits","Blackberries","Market Basket","Tasty Sweet Balckberries","Tasty Sweet Balckberries","5.49","0.0","","2 box","2 box","f18.jpg",,"20"
"3442","Fresh Produce","Fresh Fruits","Blueberries","Market Basket","Blueberries","Blueberries","7.14","0.0","","2 box","2 box","f19.jpg",,"20"
"3443","Fresh Produce","Fresh Fruits","Cantaloupe","Market Basket","Cantaloups","Cantaloups","7.14","0.0","","2 count","2 count","f20.jpg",,"20"
"3444","Fresh Produce","Fresh Fruits","Clementine","Market Basket","Cutie Clementines","Cutie Clementines","7.14","0.0","","3 lb","3 lb","f22.jpg",,"20"
"3445","Fresh Produce","Fresh Fruits","Clementine","Market Basket","Peelz Clementines","Peelz Clementines","7.14","0.0","","3 lb","3 lb","f23.jpg",,"20"
"3446","Fresh Produce","Fresh Fruits","Coconut","Market Basket","Coconut in Mesh Bag","Coconut in Mesh Bag","2.74","0.0","","1 count","1 count","f24.jpg",,"20"
"3447","Fresh Produce","Fresh Fruits","Dragon Fruit","Market Basket","Golden Dragon Fruit","Golden Dragon Fruit","8.79","0.0","","1 lb","1 lb","f25.jpg",,"20"
"3448","Fresh Produce","Fresh Fruits","Gooseberries","Market Basket","Gooseberries","Gooseberries","4.94","0.0","","6 oz","6 oz","f26.jpg",,"20"
"3449","Fresh Produce","Fresh Fruits","Grapes","Market Basket","Bag of Black Grapes","Bag of Black Grapes","6.69","0.0","","2 lb bag","2 lb bag","f27.jpg",,"20"
"3450","Fresh Produce","Fresh Fruits","Grapes","Market Basket","Jumbo Red Globe Grapes","Jumbo Red Globe Grapes","6.49","0.0","","2 lb bag","2 lb bag","f28.jpg",,"20"
"3451","Fresh Produce","Fresh Fruits","Grapes","Market Basket","Bag of Red Seedless Grapes","Bag of Red Seedless Grapes","7.49","0.0","","2 lb bag","2 lb bag","f29.jpg",,"20"
"3452","Fresh Produce","Fresh Fruits","Grapes","Market Basket","White Grapes","White Grapes","5.49","0.0","","1 lb","1 lb","f30.jpg",,"20"
"3453","Fresh Produce","Fresh Fruits","Kiwi","Market Basket","Large Kiwi","Large Kiwi","1.09","0.0","","2 count","2 count","f31.jpg",,"20"
"3454","Fresh Produce","Fresh Fruits","Kiwi","Market Basket","Value Basket Fresh Kiwi","Value Basket Fresh Kiwi","5.49","0.0","","1 basket","1 basket","f32.jpg",,"20"
"3455","Fresh Produce","Fresh Fruits","Mandarin","Market Basket","Stem & Leaf Mandarins","Stem & Leaf Mandarins","7.14","0.0","","3 lbs","3 lbs","f34.jpg",,"20"
"3456","Fresh Produce","Fresh Organic Herbs","Basil","Happy Valley Farms","Happy Valley Farms Organic Basil","Happy Valley Farms Organic Basil","3.78","0.0","","0.75 oz","0.75 oz","102.jpg",,"20"
"3457","Fresh Produce","Fresh Fruits","Mango","Market Basket","Ataulfo Mangoes","Ataulfo Mangoes","2.19","0.0","","1 each","1 each","f36.jpg",,"20"
"3458","Fresh Produce","Fresh Fruits","Mango","Market Basket","Tropical Mango","Tropical Mango","2.19","0.0","","1 each","1 each","f37.jpg",,"20"
"3459","Fresh Produce","Fresh Fruits","Melon","Market Basket","Honeydew Melons","Honeydew Melons","5.49","0.0","","1 each","1 each","f38.jpg",,"20"
"3460","Fresh Produce","Fresh Fruits","Melon","Market Basket","Pepino Melons","Pepino Melons","3.84","0.0","","1 count","1 count","f39.jpg",,"20"
"3461","Fresh Produce","Fresh Fruits","Orange","Market Basket","Bag Cara Cara Oranges","Bag Cara Cara Oranges","5.49","0.0","","1 bag(s)","1 bag(s)","f42.jpg",,"20"
"3462","Fresh Produce","Fresh Fruits","Orange","Market Basket","Large Navel Oranges Bag","Large Navel Oranges Bag","7.14","0.0","","1 bag(s)","1 bag(s)","f45.jpg",,"20"
"3463","Fresh Produce","Fresh Fruits","Orange","Market Basket","Sour Oranges","Sour Oranges","2.74","0.0","","1 lb","1 lb","f46.jpg",,"20"
"3464","Fresh Produce","Fresh Fruits","Papaya","Market Basket","Imported Papaya","Imported Papaya","4.39","0.0","","1 count","1 count","f47.jpg",,"20"
"3465","Fresh Produce","Fresh Fruits","Papaya","Market Basket","Papaya","Papaya","1.64","0.0","","1 count","1 count","f48.jpg",,"20"
"3466","Fresh Produce","Fresh Fruits","Pear","Market Basket","Large Bartlett Pears","Large Bartlett Pears","2.19","0.0","","1 lb","1 lb","f51.jpg",,"20"
"3467","Fresh Produce","Fresh Fruits","Pear","Market Basket","Organic Pouch Bag Anjou Pears","Organic Pouch Bag Anjou Pears","4.49","0.0","","2 lb","2 lb","f52.jpg",,"20"
"3468","Fresh Produce","Fresh Fruits","Pineapple","Market Basket","Golden Ripe Pineapples","Golden Ripe Pineapples","3.3","0.0","","1 count","1 count","f53.jpg",,"20"
"3469","Fresh Produce","Fresh Fruits","Plum","Market Basket","Plums","Plums","3.29","0.0","","1 lb","1 lb","f54.jpg",,"20"
"3470","Fresh Produce","Fresh Fruits","Pomegranate","Market Basket","Fresh Pomegranate","Fresh Pomegranate","4.39","0.0","","1 count","1 count","f55.jpg",,"20"
"3471","Fresh Produce","Fresh Fruits","Red Quava","Market Basket","Red Guava","Red Guava","6.59","0.0","","1 lb","1 lb","f57.jpg",,"20"
"3472","Fresh Produce","Fresh Fruits","Watermelon","Market Basket","Fresh Watermelon","Fresh Watermelon","9.89","0.0","","1 count","1 count","f58.jpg",,"20"
"3473","Fresh Produce","Fresh Fruits","Watermelon","Market Basket","Personal Watermelon","Personal Watermelon","4.94","0.0","","1 count","1 count","f59.jpg",,"20"
"3474","Fresh Produce","Fresh Herbs","Basil","Market Basket","Fresh Bunch Basil","Fresh Bunch Basil","3.84","0.0","","1 bunch","1 bunch","f61.jpg",,"20"
"3475","Fresh Produce","Fresh Herbs","Dil Leaves","Market Basket","Dil Leaves","Dil Leaves","2.19","0.0","","1 bunch","1 bunch","f63.jpg",,"20"
"3476","Fresh Produce","Fresh Herbs","Flowers","Market Basket","Banana Flowers","Banana Flowers","3.29","0.0","","1 lb","1 lb","f64.jpg",,"20"
"3477","Fresh Produce","Fresh Herbs","Garlic","Market Basket","Garlic (1 bag contains 5 Garlic bulbs)","Garlic (1 bag contains 5 Garlic bulbs)","2.39","0.0","","1 bag(s)","1 bag(s)","f66.jpg",,"20"
"3478","Fresh Produce","Fresh Herbs","Ginger","Market Basket","Ginger Root","Ginger Root","4.94","0.0","","1 lb","1 lb","f67.jpg",,"20"
"3479","Fresh Produce","Fresh Herbs","Mint","Market Basket","Fresh Bunch Mint","Fresh Bunch Mint","2.85","0.0","","1 bunch","1 bunch","f68.jpg",,"20"
"3480","Fresh Produce","Fresh Herbs","Parsley","Market Basket","Curley Parsley","Curley Parsley","1.64","0.0","","1 count","1 count","f69.jpg",,"20"
"3481","Fresh Produce","Fresh Herbs","Parsley","Market Basket","Italian Parsley","Italian Parsley","1.64","0.0","","1 count","1 count","f70.jpg",,"20"
"3482","Fresh Produce","Fresh Herbs","Turmeric","Market Basket","Turmeric","Turmeric","5.49","0.0","","1 lb","1 lb","f71.jpg",,"20"
"3483","Fresh Produce","Fresh Organic Fruits","Apple","Market Basket","Organic Gala Apples","Organic Gala Apples","4.39","0.0","","2 lb","2 lb","f73.jpg",,"20"
"3484","Fresh Produce","Fresh Organic Fruits","Apple","Market Basket","Organic Red Delicious Apples","Organic Red Delicious Apples","4.39","0.0","","2 lb","2 lb","f76.jpg",,"20"
"3485","Fresh Produce","Fresh Organic Fruits","Banana","Market Basket","Organic Banana","Organic Banana","1.09","0.0","","1 lb","1 lb","f77.jpg",,"20"
"3486","Fresh Produce","Fresh Fruits","Blackberries","Market Basket","Special Fruits Blackberries","Special Fruits Blackberries","4.49","0.0","","6 oz","6 oz","f78.jpg",,"20"
"3487","Fresh Produce","Fresh Organic Fruits","Blueberries","Market Basket","Organic Blueberries","Organic Blueberries","5.49","0.0","","6 oz","6 oz","f79.jpg",,"20"
"3488","Fresh Produce","Fresh Organic Fruits","Clementine","Market Basket","Organic Clementines","Organic Clementines","5.49","0.0","","2 lb","2 lb","f80.jpg",,"20"
"3489","Fresh Produce","Fresh Organic Fruits","Mango","Market Basket","Organic Mango","Organic Mango","2.19","0.0","","1 count","1 count","f82.jpg",,"20"
"3490","Fresh Produce","Fresh Organic Fruits","Strawberries","Market Basket","Organic Strawberries","Organic Strawberries","5.49","0.0","","1 box","1 box","f88.jpg",,"20"
"3491","Fresh Produce","Fresh Organic Herbs","Basil","Infinite Herbs","Infinite Herbs Organic Basil Herb","Infinite Herbs Organic Basil Herb","4.7","0.0","","0.75 oz","0.75 oz","88.jpg",,"20"
"3492","Fresh Produce","Fresh Organic Herbs","Dill","HerbThyme Farms","HerbThyme Farms Fresh Organic Dill","HerbThyme Farms Fresh Organic Dill","2.99","0.0","","0.67 oz","0.67 oz","FP42.jpg",,"20"
"3493","Fresh Produce","Fresh Organic Herbs","Garlic","Market Basket","Organic 3 bulb sleeve Garlic","Organic 3 bulb sleeve Garlic","3.29","0.0","","3 count","3 count","f89.jpg",,"20"
"3494","Fresh Produce","Fresh Organic Herbs","Garlic","Market Basket","Organic Peeled Garlic","Organic Peeled Garlic","4.39","0.0","","6 oz","6 oz","f90.jpg",,"20"
"3495","Fresh Produce","Fresh Organic Vegetables","Broccoli","Market Basket","Organic Broccoli Crowns","Organic Broccoli Crowns","6.79","0.0","","1.25 lb","1.25 lb","f96.jpg",,"20"
"3496","Fresh Produce","Fresh Organic Vegetables","Broccoli","Market Basket","Organic Broccoli Florets","Organic Broccoli Florets","4.94","0.0","","3 oz","3 oz","f97.jpg",,"20"
"3497","Fresh Produce","Fresh Organic Vegetables","Cabbage","Market Basket","Orgainc Green Cabbage","Orgainc Green Cabbage","2.19","0.0","","1 lb","1 lb","f98.jpg",,"20"
"3498","Fresh Produce","Fresh Organic Vegetables","Carrot","Market Basket","Organic Carrots","Organic Carrots","1.64","0.0","","1 lb","1 lb","f100.jpg",,"20"
"3499","Fresh Produce","Fresh Organic Vegetables","Carrot","Market Basket","Organic Petite Carrots","Organic Petite Carrots","2.74","0.0","","1 count","1 count","f102.jpg",,"20"
"3500","Fresh Produce","Fresh Organic Vegetables","Cauliflower","Market Basket","Organic Cauliflower","Organic Cauliflower","7.14","0.0","","1 count","1 count","f106.jpg",,"20"
"3501","Fresh Produce","Fresh Organic Vegetables","Cucumber","Market Basket","Organic European Cucumbers","Organic European Cucumbers","3.29","0.0","","1 count","1 count","f110.jpg",,"20"
"3502","Fresh Produce","Fresh Organic Vegetables","Eggplant","Market Basket","Organic Single Wrap Eggplant","Organic Single Wrap Eggplant","4.39","0.0","","1 count","1 count","f112.jpg",,"20"
"3503","Fresh Produce","Fresh Organic Vegetables","Lemon","Market Basket","Organic Lemons","Organic Lemons","4.94","0.0","","3 count","3 count","f116.jpg",,"20"
"3504","Fresh Produce","Fresh Organic Vegetables","Lettuce","Market Basket","Organic Green Leaf Lettuce","Organic Green Leaf Lettuce","3.29","0.0","","1 count","1 count","f118.jpg",,"20"
"3505","Fresh Produce","Fresh Organic Vegetables","Lettuce","Market Basket","Organic Iceberg lettuce","Organic Iceberg lettuce","4.39","0.0","","1 head","1 head","f120.jpg",,"20"
"3506","Fresh Produce","Fresh Organic Vegetables","Mushroom","Market Basket","Organic Sliced Baby Bellas","Organic Sliced Baby Bellas","2.74","0.0","","8 oz","8 oz","f123.jpg",,"20"
"3507","Fresh Produce","Fresh Organic Vegetables","Mushroom","Market Basket","Organic Sliced White Mushrooms","Organic Sliced White Mushrooms","2.74","0.0","","8 oz","8 oz","f124.jpg",,"20"
"3508","Fresh Produce","Fresh Organic Vegetables","Mushroom","Market Basket","Organic Whole White mushrooms","Organic Whole White mushrooms","4.39","0.0","","8 oz","8 oz","f126.jpg",,"20"
"3509","Fresh Produce","Fresh Organic Vegetables","Onion","Market Basket","Organic Bag of Vidalia Onions","Organic Bag of Vidalia Onions","4.06","0.0","","2 lb","2 lb","f127.jpg",,"20"
"3510","Fresh Produce","Fresh Organic Vegetables","Onion","Market Basket","Organic Red Onions","Organic Red Onions","4.39","0.0","","2 lb","2 lb","f128.jpg",,"20"
"3511","Fresh Produce","Fresh Organic Vegetables","Onion","Market Basket","Organic Shallots","Organic Shallots","3.29","0.0","","3 oz","3 oz","f129.jpg",,"20"
"3512","Fresh Produce","Fresh Organic Vegetables","Onion","Market Basket","Organic Yellow Onions","Organic Yellow Onions","4.39","0.0","","2 lb","2 lb","f130.jpg",,"20"
"3513","Fresh Produce","Fresh Organic Vegetables","Pepper","Market Basket","Organic Mini Peppers","Organic Mini Peppers","7.14","0.0","","1 lb","1 lb","f131.jpg",,"20"
"3514","Fresh Produce","Fresh Organic Vegetables","Pepper","Market Basket","Organic Stoplight Pepper","Organic Stoplight Pepper","7.14","0.0","","1 bag(s)","1 bag(s)","f133.jpg",,"20"
"3515","Fresh Produce","Fresh Organic Vegetables","Pepper","Market Basket","Organic Wrapped Green Peppers","Organic Wrapped Green Peppers","2.74","0.0","","1 count","1 count","f134.jpg",,"20"
"3516","Fresh Produce","Fresh Organic Vegetables","Potato","Market Basket","Organic Bag Red Potatoes","Organic Bag Red Potatoes","4.94","0.0","","3 lb","3 lb","f136.jpg",,"20"
"3517","Fresh Produce","Fresh Organic Vegetables","Potato","Market Basket","Organic Bag Russet Potatoes","Organic Bag Russet Potatoes","4.94","0.0","","3 lb","3 lb","f137.jpg",,"20"
"3518","Fresh Produce","Fresh Organic Vegetables","Potato","Market Basket","Organic Sunrise Potatoes Medley","Organic Sunrise Potatoes Medley","5.49","0.0","","24 oz","24 oz","f138.jpg",,"20"
"3519","Fresh Produce","Fresh Organic Vegetables","Spinach","Market Basket","Organic Bunch Spinach","Organic Bunch Spinach","2.74","0.0","","1 bunch","1 bunch","f139.jpg",,"20"
"3520","Fresh Produce","Fresh Organic Vegetables","Squash","Market Basket","Organic Butternut Squash","Organic Butternut Squash","2.19","0.0","","1 lb","1 lb","f141.jpg",,"20"
"3521","Fresh Produce","Fresh Organic Vegetables","Tomato","Market Basket","Organic Stem Cluster Tomatoes","Organic Stem Cluster Tomatoes","4.94","0.0","","1 lb","1 lb","f144.jpg",,"20"
"3522","Fresh Produce","Fresh Vegetables","Aloe Vera","Market Basket","Aloe Vera Leaves","Aloe Vera Leaves","1.48","0.0","","1 count","1 count","FP96.jpg",,"20"
"3523","Fresh Produce","Fresh Vegetables","Anise","Market Basket","Anise","Anise","2.74","0.0","","1 count","1 count","f145.jpg",,"20"
"3524","Fresh Produce","Fresh Vegetables","Apricot","Market Basket","Apricot","Apricot","0.63","0.0","","1 count","1 count","17931.jpg",,"20"
"3525","Fresh Produce","Fresh Vegetables","Asparagus","Emerald Cove","Emerald Cove Asparagus, Bunch","Emerald Cove Asparagus, Bunch","6.31","0.0","","1 count","1 count","14407.jpg",,"20"
"3526","Fresh Produce","Fresh Vegetables","Asparagus","Market Basket","Asparagus","Asparagus","6.31","0.0","","1 bunch","1 bunch","14348.jpg",,"20"
"3527","Fresh Produce","Fresh Vegetables","Asparagus","Market Basket","Local Asparagus","Local Asparagus","4.93","0.0","","1 count","1 count","14321.jpg",,"20"
"3528","Fresh Produce","Fresh Vegetables","Asparagus","Market Basket","SB Asparagus","SB Asparagus","3.55","0.0","","1 count","1 count","14332.jpg",,"20"
"3529","Fresh Produce","Fresh Vegetables","Asparagus","Market Basket","White Asparagus","White Asparagus","6.99","0.0","","1 count","1 count","FP146.jpg",,"20"
"3530","Fresh Produce","Fresh Vegetables","Avacado","Market Basket","Hass Avacado","Hass Avacado","1.69","0.0","","1 count","1 count","f148.jpg",,"20"
"3531","Fresh Produce","Fresh Vegetables","Avacado","Market Basket","Avocado","Avocado","1.99","0.0","","1 count","1 count","14316.jpg",,"20"
"3532","Fresh Produce","Fresh Vegetables","Avacado","Mission Chilean","Mission Chilean Hass Avocado","Mission Chilean Hass Avocado","5.62","0.0","","4 count","4 count","14396.jpg",,"20"
"3533","Fresh Produce","Fresh Vegetables","Baby Carrot","Bolthouse Farms","Bolthouse Farms Baby-Cut Carrots","Bolthouse Farms Baby-Cut Carrots","2.17","0.0","","16 oz","16 oz","14301.jpg",,"20"
"3534","Fresh Produce","Fresh Vegetables","Baby Carrot","Grimmway Farms","Grimmway Farms Cut & Peeled Baby Carrots","Grimmway Farms Cut & Peeled Baby Carrots","2.17","0.0","","16 oz bag","16 oz bag","FP65.jpg",,"20"
"3535","Fresh Produce","Fresh Vegetables","Beans","Market Basket","Green Beans","Green Beans","3.29","0.0","","1.5 lb","1.5 lb","f149.jpg",,"20"
"3536","Fresh Produce","Fresh Vegetables","Beet","Market Basket","Bunch Beets","Bunch Beets","3.29","0.0","","1 count","1 count","f150.jpg",,"20"
"3537","Fresh Produce","Fresh Vegetables","Beet","Market Basket","Delicious Fresh Cut Beets","Delicious Fresh Cut Beets","2.31","0.0","","1 lb","1 lb","f151.jpg",,"20"
"3538","Fresh Produce","Fresh Vegetables","Beet","Market Basket","Golden Beets","Golden Beets","3.84","0.0","","1 bunch","1 bunch","f152.jpg",,"20"
"3539","Fresh Produce","Fresh Vegetables","Beet","Market Basket","Love Beets","Love Beets","2.74","0.0","","1 count","1 count","f153.jpg",,"20"
"3540","Fresh Produce","Fresh Vegetables","Beet","Market Basket","Golden Beets","Golden Beets","3.55","0.0","","1 lb","1 lb","FP107.jpg",,"20"
"3541","Fresh Produce","Fresh Vegetables","Bell Pepper","Bailey Farms","Bailey Farms BellaFina Baby Bell Peppers","Bailey Farms BellaFina Baby Bell Peppers","6.99","0.0","","2 lb bag","2 lb bag","14367.jpg",,"20"
"3542","Fresh Produce","Fresh Vegetables","Bell Pepper","Market Basket","Bell Peppers","Bell Peppers","2.4","0.0","","1 count","1 count","FP97.jpg",,"20"
"3543","Fresh Produce","Fresh Vegetables","Bell Pepper","Market Basket","Green Bell Pepper","Green Bell Pepper","4.24","0.0","","1 count","1 count","14389.jpg",,"20"
"3544","Fresh Produce","Fresh Vegetables","Bell Pepper","Market Basket","Orange Bell Pepper","Orange Bell Pepper","4.99","0.0","","1 lb","1 lb","14347.jpg",,"20"
"3545","Fresh Produce","Fresh Vegetables","Bell Pepper","Market Basket","Red Bell Pepper","Red Bell Pepper","2.47","0.0","","1 count","1 count","14296.jpg",,"20"
"3546","Fresh Produce","Fresh Vegetables","Bell Pepper","Market Basket","Red Bell Peppers","Red Bell Peppers","4.93","0.0","","1 lb","1 lb","FP129.jpg",,"20"
"3547","Fresh Produce","Fresh Vegetables","Bitter Melon","Market Basket","Indian Bitter Melon Pack","Indian Bitter Melon Pack","5.88","0.0","","1 pack","1 pack","FP74.jpg",,"20"
"3548","Fresh Produce","Fresh Herbs","Curry Leaves","Market Basket","Curry Leaves Packet","Curry Leaves Packet","4.39","0.0","","1 pack","1 pack","f185.jpg",,"20"
"3549","Fresh Produce","Fresh Vegetables","Bok Choy","Market Basket","Bag Baby Bok Choy","Bag Baby Bok Choy","3.84","0.0","","1 lb","1 lb","f155.jpg",,"20"
"3550","Fresh Produce","Fresh Vegetables","Bok Choy","Market Basket","Baby Bok Choy","Baby Bok Choy","3.21","0.0","","1 lb bag","1 lb bag","14352.jpg",,"20"
"3551","Fresh Produce","Fresh Vegetables","Bok Choy","Market Basket","Baby Bok Choy Pack","Baby Bok Choy Pack","4.7","0.0","","1 count","1 count","FP67.jpg",,"20"
"3552","Fresh Produce","Fresh Vegetables","Bok Choy","Market Basket","Bok Choy","Bok Choy","4.35","0.0","","1 count","1 count","14373.jpg",,"20"
"3553","Fresh Produce","Fresh Vegetables","Bok Choy","Market Basket","Bok Choy Tips","Bok Choy Tips","3.55","0.0","","1 lb","1 lb","FP99.jpg",,"20"
"3554","Fresh Produce","Fresh Vegetables","Bok Choy","Market Basket","Nayo Bok Choy","Nayo Bok Choy","2.17","0.0","","1 lb","1 lb","FP116.jpg",,"20"
"3555","Fresh Produce","Fresh Vegetables","Broccoli","Market Basket","Andy Boy 1 Bunch Borccoli Rabe-rappini","Andy Boy 1 Bunch Borccoli Rabe-rappini","4.24","0.0","","1 lb","1 lb","14354.jpg",,"20"
"3556","Fresh Produce","Fresh Vegetables","Broccoli","Market Basket","Broccoli Crowns","Broccoli Crowns","5.28","0.0","","1.48 lb","1.48 lb","FP100.jpg",,"20"
"3557","Fresh Produce","Fresh Vegetables","Broccoli","Market Basket","Broccolini","Broccolini","3.55","0.0","","1 count","1 count","14309.jpg",,"20"
"3558","Fresh Produce","Fresh Vegetables","Brussel Sprouts","Market Basket","Tender Brussels Sprouts","Tender Brussels Sprouts","3.52","0.0","","1 lb","1 lb","f158.jpg",,"20"
"3559","Fresh Produce","Fresh Vegetables","Brussel Sprouts","Market Basket","Brussels Sprouts pack","Brussels Sprouts pack","2.86","0.0","","1 pack","1 pack","14302.jpg",,"20"
"3560","Fresh Produce","Fresh Vegetables","Brussel Sprouts","Uncle Vinny's","Uncle Vinny's Brussels Sprouts - 12 CT","Uncle Vinny's Brussels Sprouts - 12 CT","4.24","0.0","","1 container","1 container","14398.jpg",,"20"
"3561","Fresh Produce","Fresh Vegetables","Butterhead Lettuce","Market Basket","Butterhead (Boston Package)","Butterhead (Boston Package)","4.24","0.0","","1 container","1 container","14343.jpg",,"20"
"3562","Fresh Produce","Fresh Vegetables","Cabbage","Market Basket","Fresh Green Cabbage","Fresh Green Cabbage","1.64","0.0","","1 lb","1 lb","f159.jpg",,"20"
"3563","Fresh Produce","Fresh Vegetables","Cabbage","Market Basket","Red Cabbage","Red Cabbage","3.29","0.0","","2 lb","2 lb","f161.jpg",,"20"
"3564","Fresh Produce","Fresh Vegetables","Cabbage","Market Basket","Green Savoy Cabbage","Green Savoy Cabbage","2.39","0.0","","1 count","1 count","14375.jpg",,"20"
"3565","Fresh Produce","Fresh Vegetables","Cabbage","Market Basket","Napa Cabbage","Napa Cabbage","2.17","0.0","","1 lb","1 lb","FP115.jpg",,"20"
"3566","Fresh Produce","Fresh Vegetables","Carrot","Market Basket","Baby Carrots","Baby Carrots","2.19","0.0","","1 bag","1 bag","f162.jpg",,"20"
"3567","Fresh Produce","Fresh Vegetables","Carrot","Market Basket","Bunch Carrots","Bunch Carrots","2.74","0.0","","1 bunch","1 bunch","f163.jpg",,"20"
"3568","Fresh Produce","Fresh Vegetables","Carrot","Bunny Love ","Fresh Carrots","Fresh Carrots","2.19","0.0","","2 lb","2 lb","f166.jpg",,"20"
"3569","Fresh Produce","Fresh Vegetables","Carrot","Market Basket","Shredded Carrots","Shredded Carrots","3.84","0.0","","1 lb","1 lb","f169.jpg",,"20"
"3570","Fresh Produce","Fresh Vegetables","Carrot","Market Basket","Carrot","Carrot","1.52","0.0","","1 count","1 count","14329.jpg",,"20"
"3571","Fresh Produce","Fresh Vegetables","Carrot","Market Basket","Carrot","Carrot","4.24","0.0","","2 lb bag","2 lb bag","14353.jpg",,"20"
"3572","Fresh Produce","Fresh Vegetables","Carrot","Market Basket","Carrot Sticks pack","Carrot Sticks pack","4.24","0.0","","1 count","1 count","FP102.jpg",,"20"
"3573","Fresh Produce","Fresh Vegetables","Cauliflower","Market Basket","Cauliflower","Cauliflower","2.99","0.0","","1 count","1 count","14303.jpg",,"20"
"3574","Fresh Produce","Fresh Vegetables","Cauliflower","Market Basket","Cauliflower Heads","Cauliflower Heads","5.62","0.0","","1 bag","1 bag","14448.jpg",,"20"
"3575","Fresh Produce","Fresh Vegetables","Cauliflower","Market Basket","Green Giant Fresh Cauliflower","Green Giant Fresh Cauliflower","4.93","0.0","","1 count","1 count","14446.jpg",,"20"
"3576","Fresh Produce","Fresh Vegetables","Cauliflower","Market Basket","Vegetables Produce Cauliflower","Vegetables Produce Cauliflower","4.93","0.0","","1 count","1 count","14434.jpg",,"20"
"3577","Fresh Produce","Fresh Vegetables","Celery","Market Basket","Celery Hearts","Celery Hearts","4.39","0.0","","1 lb","1 lb","f170.jpg",,"20"
"3578","Fresh Produce","Fresh Vegetables","Celery","Market Basket","Celery Hearts","Celery Hearts","3.29","0.0","","1 lb","1 lb","f171.jpg",,"20"
"3579","Fresh Produce","Fresh Vegetables","Celery","Market Basket","Celery Roots","Celery Roots","4.39","0.0","","1 pack","1 pack","f172.jpg",,"20"
"3580","Fresh Produce","Fresh Vegetables","Celery","Market Basket","Celery Sticks","Celery Sticks","3.29","0.0","","1 lb","1 lb","f173.jpg",,"20"
"3581","Fresh Produce","Fresh Vegetables","Celery","Market Basket","Snacked Packed Celery Sticks","Snacked Packed Celery Sticks","3.49","0.0","","1 pack","1 pack","f174.jpg",,"20"
"3582","Fresh Produce","Fresh Vegetables","Celery","Dole","Dole Fresh Celery","Dole Fresh Celery","3.55","0.0","","1 bag","1 bag","14416.jpg",,"20"
"3583","Fresh Produce","Fresh Vegetables","Celery","Dole","Dole Fresh Celery Stalk","Dole Fresh Celery Stalk","2.86","0.0","","1 bag","1 bag","14443.jpg",,"20"
"3584","Fresh Produce","Fresh Vegetables","Celery","Market Basket","Celery Bunch","Celery Bunch","3.55","0.0","","1 lb bunch","1 lb bunch","14361.jpg",,"20"
"3585","Fresh Produce","Fresh Vegetables","Celery","Market Basket","Celery Root","Celery Root","8.49","0.0","","1 ct","1 ct","FP69.jpg",,"20"
"3586","Fresh Produce","Fresh Vegetables","Celery","Market Basket","Queen Victoria Celery","Queen Victoria Celery","3.55","0.0","","1 bunch","1 bunch","14366.jpg",,"20"
"3587","Fresh Produce","Fresh Vegetables","Celery","Northeast","Northeast Fresh Celery Hearts","Northeast Fresh Celery Hearts","3.55","0.0","","20 oz bag","20 oz bag","FP64.jpg",,"20"
"3588","Fresh Produce","Fresh Vegetables","Cherry Tomato","Market Basket","Backyard Farms. Cocktail Cherry Tomatoes","Backyard Farms. Cocktail Cherry Tomatoes","4.93","0.0","","10 oz","10 oz","14322.jpg",,"20"
"3589","Fresh Produce","Fresh Vegetables","Cherry Tomato","Market Basket","Limited Edition Cherry Tomatoes","Limited Edition Cherry Tomatoes","2.4","0.0","","1 count","1 count","14311.jpg",,"20"
"3590","Fresh Produce","Fresh Vegetables","Cherry Tomato","Nature Sweet","NatureSweet Sunburst Sweet Tomatoes","NatureSweet Sunburst Sweet Tomatoes","4.24","0.0","","10.5 oz","10.5 oz","14335.jpg",,"20"
"3591","Fresh Produce","Fresh Vegetables","Chicory","Market Basket","Radicchio","Radicchio","8.79","0.0","","1 lb","1 lb","f176.jpg",,"20"
"3592","Fresh Produce","Fresh Vegetables","Corn","Market Basket","Tender Sweet Corn","Tender Sweet Corn","4.39","0.0","","5 count","5 count","f179.jpg",,"20"
"3593","Fresh Produce","Fresh Vegetables","Corn","Market Basket","Whole Butter & Sugar Corn Pack - 5 CT","Whole Butter & Sugar Corn Pack - 5 CT","4.24","0.0","","1 pack","1 pack","FP93.jpg",,"20"
"3594","Fresh Produce","Fresh Vegetables","Cucumber","Market Basket","Baby Seedless Cucumber","Baby Seedless Cucumber","3.29","0.0","","1 lb","1 lb","f180.jpg",,"20"
"3595","Fresh Produce","Fresh Vegetables","Cucumber","Market Basket","Pickling Cucumbers","Pickling Cucumbers","2.19","0.0","","1 count","1 count","f182.jpg",,"20"
"3596","Fresh Produce","Fresh Vegetables","Cucumber","Market Basket","Seedless European Cucumbers","Seedless European Cucumbers","1.64","0.0","","1 count","1 count","f183.jpg",,"20"
"3597","Fresh Produce","Fresh Vegetables","Cucumber","Market Basket","Super Select cucumbers","Super Select cucumbers","1.09","0.0","","1 count","1 count","Market Basket.jpg",,"20"
"3598","Fresh Produce","Fresh Vegetables","Cucumber","Market Basket","Baby Seedless Cucumbers","Baby Seedless Cucumbers","2.86","0.0","","14 oz","14 oz","14351.jpg",,"20"
"3599","Fresh Produce","Fresh Vegetables","Cucumber","Market Basket","Cucumber","Cucumber","0.91","0.0","","1 count","1 count","14291.jpg",,"20"
"3600","Fresh Produce","Fresh Vegetables","Cucumber","Market Basket","Long Seedless English Cucumber","Long Seedless English Cucumber","5.62","0.0","","1 lb","1 lb","14384.jpg",,"20"
"3601","Fresh Produce","Fresh Vegetables","Cucumber","Market Basket","Mini Cucumbers","Mini Cucumbers","4.7","0.0","","14 oz","14 oz","14320.jpg",,"20"
"3602","Fresh Produce","Fresh Vegetables","Cucumber","Market Basket","Mini Seedess Cucumber","Mini Seedess Cucumber","4.7","0.0","","14 oz pack","14 oz pack","14350.jpg",,"20"
"3603","Fresh Produce","Fresh Vegetables","Cucumber","Market Basket","Seedless Cucumbers","Seedless Cucumbers","1.83","0.0","","1 count","1 count","FP134.jpg",,"20"
"3604","Fresh Produce","Fresh Vegetables","Cucumber","Market Basket","Tricar Gold Gourmet English Cucumbers","Tricar Gold Gourmet English Cucumbers","5.51","0.0","","1 count","1 count","14451.jpg",,"20"
"3605","Fresh Produce","Fresh Vegetables","Edamame","Market Basket","Shelled Edamame","Shelled Edamame","4.28","0.0","","9 oz","9 oz","f188.jpg",,"20"
"3606","Fresh Produce","Fresh Vegetables","Edamame","Market Basket","Edamame Beans","Edamame Beans","3.21","0.0","","1 count","1 count","17933.jpg",,"20"
"3607","Fresh Produce","Fresh Vegetables","Eddos","Market Basket","Eddos","Eddos","1.97","0.0","","1 lb","1 lb","f189.jpg",,"20"
"3608","Fresh Produce","Fresh Vegetables","Eggplant","Market Basket","Chinese Eggplant","Chinese Eggplant","1.64","0.0","","1 lb","1 lb","f190.jpg",,"20"
"3609","Fresh Produce","Fresh Vegetables","Eggplant","Market Basket","Japnese Eggplant","Japnese Eggplant","3.29","0.0","","1 lb","1 lb","f191.jpg",,"20"
"3610","Fresh Produce","Fresh Vegetables","Eggplant","Market Basket","Packaged Baby Eggplant","Packaged Baby Eggplant","4.39","0.0","","1 lb","1 lb","f193.jpg",,"20"
"3611","Fresh Produce","Fresh Vegetables","Eggplant","Market Basket","Tender Fresh Eggplant (Approx: 1.5 lb)","Tender Fresh Eggplant (Approx: 1.5 lb)","4.68","0.0","","1 count","1 count","f194.jpg",,"20"
"3612","Fresh Produce","Fresh Vegetables","Eggplant","Market Basket","Thai Egg Plant","Thai Egg Plant","2.19","0.0","","1 lb","1 lb","f195.jpg",,"20"
"3613","Fresh Produce","Fresh Vegetables","Eggplant","Market Basket","Chinese Eggplant pack (Approx 2 CT)","Chinese Eggplant pack (Approx 2 CT)","3.55","0.0","","1 pack","1 pack","FP70.jpg",,"20"
"3614","Fresh Produce","Fresh Vegetables","Eggplant","Market Basket","Eggplant","Eggplant","5.52","0.0","","1 ct","1 ct","14362.jpg",,"20"
"3615","Fresh Produce","Fresh Vegetables","Eggplant","Market Basket","Indian Eggplant Pack","Indian Eggplant Pack","4.93","0.0","","1 pack","1 pack","FP75.jpg",,"20"
"3616","Fresh Produce","Fresh Vegetables","Eggplant","Market Basket","Japanese Eggplant (Approx: 2 CT)","Japanese Eggplant (Approx: 2 CT)","3.55","0.0","","1 pack","1 pack","FP110.jpg",,"20"
"3617","Fresh Produce","Fresh Vegetables","Eggplant","Market Basket","Thai Eggplant Pack (Approx: 1 lb)","Thai Eggplant Pack (Approx: 1 lb)","4.7","0.0","","1 pack","1 pack","FP87.jpg",,"20"
"3618","Fresh Produce","Fresh Vegetables","Endive","Market Basket","Packed Belgiam Endive","Packed Belgiam Endive","3.07","0.0","","1 count","1 count","f196.jpg",,"20"
"3619","Fresh Produce","Fresh Fruits","Apple","Market Basket","Bag of Granny Smith Apples","Bag of Granny Smith Apples","2.97","0.0","","1 lb","1 lb","FP3.jpg",,"20"
"3620","Fresh Produce","Fresh Fruits","Apple","Market Basket","Cortland Apples","Cortland Apples","0.64","0.0","","1 ct","1 ct","FP15.jpg",,"20"
"3621","Fresh Produce","Fresh Fruits","Apple","Market Basket","Cortland Apples From New York","Cortland Apples From New York","5.74","0.0","","10 count","10 count","14259.jpg",,"20"
"3622","Fresh Produce","Fresh Fruits","Apple","Market Basket","Fuji Apple","Fuji Apple","1.78","0.0","","1 count","1 count","14228.jpg",,"20"
"3623","Fresh Produce","Fresh Fruits","Apple","Market Basket","Fuji Apples","Fuji Apples","0.92","0.0","","1 count","1 count","FP21.jpg",,"20"
"3624","Fresh Produce","Fresh Fruits","Apple","Market Basket","Gala Apple","Gala Apple","0.64","0.0","","1 count","1 count","14186.jpg",,"20"
"3625","Fresh Produce","Fresh Fruits","Apple","Market Basket","Gala Apples","Gala Apples","0.7","0.0","","1 count","1 count","14193.jpg",,"20"
"3626","Fresh Produce","Fresh Fruits","Apple","Market Basket","Golden Delicious Apples","Golden Delicious Apples","0.75","0.0","","1 count","1 count","FP22.jpg",,"20"
"3627","Fresh Produce","Fresh Fruits","Apple","Market Basket","Granny Smith Apples","Granny Smith Apples","0.75","0.0","","1 count","1 count","14192.jpg",,"20"
"3628","Fresh Produce","Fresh Fruits","Apple","Market Basket","Jonathan Apple Bag","Jonathan Apple Bag","3.78","0.0","","3 lb","3 lb","FP24.jpg",,"20"
"3629","Fresh Produce","Fresh Fruits","Apple","Market Basket","McIntosh Apple Bag","McIntosh Apple Bag","3.21","0.0","","3 lb","3 lb","14203.jpg",,"20"
"3630","Fresh Produce","Fresh Fruits","Apple","Market Basket","McIntosh Apples","McIntosh Apples","0.55","0.0","","1 count","1 count","FP27.jpg",,"20"
"3631","Fresh Produce","Fresh Fruits","Apple","Market Basket","Pink Lady Cripps Apple","Pink Lady Cripps Apple","1.0","0.0","","1 count","1 count","14196.jpg",,"20"
"3632","Fresh Produce","Fresh Fruits","Apple","Market Basket","Red Delicious Apple Package (Approx: 5 CT)","Red Delicious Apple Package (Approx: 5 CT)","3.78","0.0","","1 pack","1 pack","14227.jpg",,"20"
"3633","Fresh Produce","Fresh Fruits","Avacado","Market Basket","Hass Avocado","Hass Avocado","1.69","0.0","","1 count","1 count","14181.jpg",,"20"
"3634","Fresh Produce","Fresh Fruits","Banana","Market Basket","Banana","Banana","0.28","0.0","","1 count","1 count","14180.jpg",,"20"
"3635","Fresh Produce","Fresh Fruits","Banana","Market Basket","Bananas","Bananas","0.68","0.0","","1 lb","1 lb","14188.jpg",,"20"
"3636","Fresh Produce","Fresh Fruits","Blackberries","Driscoll's","Driscoll's Blackberries","Driscoll's Blackberries","4.24","0.0","","6 oz container","6 oz container","5.jpg",,"20"
"3637","Fresh Produce","Fresh Fruits","Blackberries","Sunbelle","Sunbelle Blackberries","Sunbelle Blackberries","4.19","0.0","","6 oz container","6 oz container","11.jpg",,"20"
"3638","Fresh Produce","Fresh Fruits","Blackberries","Sunbelle","Sunbelle GreenBelle Blackberries","Sunbelle GreenBelle Blackberries","5.62","0.0","","6 oz container","6 oz container","12.jpg",,"20"
"3639","Fresh Produce","Fresh Fruits","Blueberries","Market Basket","Blueberries Package","Blueberries Package","5.62","0.0","","1 pint container","1 pint container","14184.jpg",,"20"
"3640","Fresh Produce","Fresh Fruits","Blueberries","Market Basket","Fresh Blueberries","Fresh Blueberries","3.74","0.0","","6 oz","6 oz","14283.jpg",,"20"
"3641","Fresh Produce","Fresh Fruits","Blueberries","Market Basket","Global Growers Marketing Blueberries","Global Growers Marketing Blueberries","4.24","0.0","","1 pint container","1 pint container","14222.jpg",,"20"
"3642","Fresh Produce","Fresh Fruits","Blueberries","Market Basket","Oppy Blueberries","Oppy Blueberries","5.62","0.0","","16 oz container","16 oz container","14273.jpg",,"20"
"3643","Fresh Produce","Fresh Fruits","Blueberries","Market Basket","Prize Blueberries","Prize Blueberries","5.62","0.0","","1 pint container","1 pint container","FP35.jpg",,"20"
"3644","Fresh Produce","Fresh Fruits","Blueberries","Market Basket","Tal S.a. Blueberries","Tal S.a. Blueberries","4.29","0.0","","11 oz container","11 oz container","FP38.jpg",,"20"
"3645","Fresh Produce","Fresh Fruits","Blueberries","naturipe","naturipe Blueberries","naturipe Blueberries","5.62","0.0","","1 pint container","1 pint container","20.jpg",,"20"
"3646","Fresh Produce","Fresh Fruits","Blueberries","Sunbelle","Sunbelle Blueberries","Sunbelle Blueberries","5.62","0.0","","12 oz container","12 oz container","13.jpg",,"20"
"3647","Fresh Produce","Fresh Fruits","Blueberries","Valley Fresh","Valley Fresh Berries Blueberries","Valley Fresh Berries Blueberries","4.24","0.0","","1 pint container","1 pint container","14258.jpg",,"20"
"3648","Fresh Produce","Fresh Fruits","Cantaloupe","Market Basket","Cantaloupe Chunks","Cantaloupe Chunks","4.93","0.0","","1 lb","1 lb","FP12.jpg",,"20"
"3649","Fresh Produce","Fresh Fruits","Cantaloupe","Market Basket","Cantaloupe Melon","Cantaloupe Melon","2.86","0.0","","1 count","1 count","14197.jpg",,"20"
"3650","Fresh Produce","Fresh Fruits","Clementine","Market Basket","Bagged Clementines","Bagged Clementines","5.62","0.0","","2 lb","2 lb","14235.jpg",,"20"
"3651","Fresh Produce","Fresh Fruits","Clementine","Market Basket","Clementine","Clementine","4.99","0.0","","3 lb bag","3 lb bag","14217.jpg",,"20"
"3652","Fresh Produce","Fresh Fruits","Clementine","Market Basket","Mandarin/Clementine Bag","Mandarin/Clementine Bag","9.19","0.0","","5 lb","5 lb","FP25.jpg",,"20"
"3653","Fresh Produce","Fresh Fruits","Clementine","Sunkist","Sunkist Clementine","Sunkist Clementine","7.0","0.0","","3 lb bag","3 lb bag","10.jpg",,"20"
"3654","Fresh Produce","Fresh Fruits","Combo","Market Basket","Combo 3 Granny Smith 3 Red Delicious Apples 3 Oranges","Combo 3 Granny Smith 3 Red Delicious Apples 3 Oranges","9.19","0.0","","1 count","1 count","FP13.jpg",,"20"
"3655","Fresh Produce","Fresh Fruits","Dates","Market Basket","Medjool Dates","Medjool Dates","4.01","0.0","","1 count","1 count","14230.jpg",,"20"
"3656","Fresh Produce","Fresh Fruits","Grapes","Market Basket","Bag of Green Seedless Grapes","Bag of Green Seedless Grapes","7.99","0.0","","2 lb bag","2 lb bag","14200.jpg",,"20"
"3657","Fresh Produce","Fresh Fruits","Grapes","Market Basket","Bag of Red Globe Grapes","Bag of Red Globe Grapes","6.49","0.0","","2 lb bag","2 lb bag","14253.jpg",,"20"
"3658","Fresh Produce","Fresh Fruits","Grapes","Market Basket","Bag of Red Grapes","Bag of Red Grapes","6.49","0.0","","2 lb bag","2 lb bag","14248.jpg",,"20"
"3659","Fresh Produce","Fresh Fruits","Grapes","Market Basket","Valdovinos Red Seedless Grapes","Valdovinos Red Seedless Grapes","4.93","0.0","","1 lb","1 lb","14255.jpg",,"20"
"3660","Fresh Produce","Fresh Fruits","Grapes","Sun World","Sun World Midnight Beauty Black Seedless Grapes","Sun World Midnight Beauty Black Seedless Grapes","7.99","0.0","","1 bag","1 bag","14266.jpg",,"20"
"3661","Fresh Produce","Fresh Fruits","Grapes","Sun World","Sun World Scarlotta Seedless Red Seedless Grapes","Sun World Scarlotta Seedless Red Seedless Grapes","4.24","0.0","","1 lb","1 lb","FP40.jpg",,"20"
"3662","Fresh Produce","Fresh Fruits","Honeydew Melon","Market Basket","Honeydew Melon","Honeydew Melon","4.93","0.0","","1 count","1 count","14250.jpg",,"20"
"3663","Fresh Produce","Fresh Fruits","Kiwi","Aj","Aj Trucco Kiwi Basket","Aj Trucco Kiwi Basket","4.93","0.0","","32 oz","32 oz","FP6.jpg",,"20"
"3664","Fresh Produce","Fresh Fruits","Kiwi","Market Basket","Green Kiwi","Green Kiwi","3.55","0.0","","1 count","1 count","14261.jpg",,"20"
"3665","Fresh Produce","Fresh Fruits","Kiwi","Market Basket","Green Kiwi Package","Green Kiwi Package","4.98","0.0","","1 container","1 container","14201.jpg",,"20"
"3666","Fresh Produce","Fresh Fruits","Kiwi","Market Basket","Kiwi","Kiwi","0.79","0.0","","1 count","1 count","14204.jpg",,"20"
"3667","Fresh Produce","Fresh Fruits","Kiwi","Market Basket","Zespri Bag of Kiwis","Zespri Bag of Kiwis","3.99","0.0","","1 lb","1 lb","14254.jpg",,"20"
"3668","Fresh Produce","Fresh Fruits","Lemon","Market Basket","Lemon","Lemon","0.91","0.0","","1 count","1 count","14190.jpg",,"20"
"3669","Fresh Produce","Fresh Fruits","Lemon","Market Basket","Lemon bag","Lemon bag","3.9","0.0","","1 bag(s)","1 bag(s)","14246.jpg",,"20"
"3670","Fresh Produce","Fresh Fruits","Lemon","Meyer","Meyer Lemons","Meyer Lemons","4.24","0.0","","1 lb","1 lb","14284.jpg",,"20"
"3671","Fresh Produce","Fresh Fruits","Lemon","Sunkist","SK From Sunkist Lemons","SK From Sunkist Lemons","4.24","0.0","","32 oz bag","32 oz bag","14205.jpg",,"20"
"3672","Fresh Produce","Fresh Fruits","Lemon","Sunkist","Sunkist Lemons, Baby","Sunkist Lemons, Baby","4.01","0.0","","1 lb","1 lb","7.jpg",,"20"
"3673","Fresh Produce","Fresh Fruits","Lime","Coast Tropical","Coast Tropical Persian Limes","Coast Tropical Persian Limes","3.55","0.0","","2 lb","2 lb","FP1.jpg",,"20"
"3674","Fresh Produce","Fresh Fruits","Lime","Market Basket","Lime","Lime","0.79","0.0","","1 count","1 count","14195.jpg",,"20"
"3675","Fresh Produce","Fresh Fruits","Mandarin","Market Basket","Mandarins Bag","Mandarins Bag","7.69","0.0","","3 lb","3 lb","14189.jpg",,"20"
"3676","Fresh Produce","Fresh Fruits","Mango","Market Basket","Ataulfo Mangoes","Ataulfo Mangoes","1.83","0.0","","1 each","1 each","FP7.jpg",,"20"
"3677","Fresh Produce","Fresh Fruits","Mango","Market Basket","Mango","Mango","1.71","0.0","","1 each","1 each","Market Basket.jpg",,"20"
"3678","Fresh Produce","Fresh Fruits","Melon","Market Basket","Melon","Melon","5.62","0.0","","1 each","1 each","14236.jpg",,"20"
"3679","Fresh Produce","Fresh Fruits","Minneola","Market Basket","Minneola","Minneola","1.48","0.0","","1 lb","1 lb","FP28.jpg",,"20"
"3680","Fresh Produce","Fresh Fruits","Minneola","Market Basket","Minneola Tangelo Bag","Minneola Tangelo Bag","5.62","0.0","","3 lb bag","3 lb bag","14219.jpg",,"20"
"3681","Fresh Produce","Fresh Fruits","Mixed Fruit platters and bowls","Market Basket","Fruit Platter With Dip","Fruit Platter With Dip","27.82","0.0","","1 each","1 each","Market Basket.jpg",,"20"
"3682","Fresh Produce","Fresh Fruits","Mixed Fruit platters and bowls","Market Basket","Fruit Salad","Fruit Salad","5.62","0.0","","1 lb","1 lb","Market Basket.jpg",,"20"
"3683","Fresh Produce","Fresh Fruits","Mixed Fruit platters and bowls","Market Basket","Snackers Platter","Snackers Platter","39.32","0.0","","1 each","1 each","Market Basket.jpg",,"20"
"3684","Fresh Produce","Fresh Fruits","Orange","Market Basket","Bag Of California Navel Oranges (Approx: 8 CT)","Bag Of California Navel Oranges (Approx: 8 CT)","9.88","0.0","","1 bag(s)","1 bag(s)","2.jpg",,"20"
"3685","Fresh Produce","Fresh Fruits","Orange","Market Basket","Cara Cara Pink Navel Orange","Cara Cara Pink Navel Orange","1.2","0.0","","1 count","1 count","14212.jpg",,"20"
"3686","Fresh Produce","Fresh Fruits","Orange","Market Basket","Florida Oranges, Bag","Florida Oranges, Bag","4.24","0.0","","4 lb","4 lb","14245.jpg",,"20"
"3687","Fresh Produce","Fresh Fruits","Orange","Market Basket","Navel Orange","Navel Orange","1.25","0.0","","1 count","1 count","14208.jpg",,"20"
"3688","Fresh Produce","Fresh Fruits","Orange","Market Basket","Navel Orange Bag","Navel Orange Bag","7.0","0.0","","4 lb bag","4 lb bag","14272.jpg",,"20"
"3689","Fresh Produce","Fresh Fruits","Orange","Market Basket","Orange","Orange","7.0","0.0","","1 count","1 count","14279.jpg",,"20"
"3690","Fresh Produce","Fresh Fruits","Orange","Market Basket","Sweet Hearts Stem & Leaf Mandarins Orange","Sweet Hearts Stem & Leaf Mandarins Orange","7.0","0.0","","4 lb","4 lb","FP37.jpg",,"20"
"3691","Fresh Produce","Fresh Fruits","Orange","Sunkist","Sunkist Cara Cara Oranges","Sunkist Cara Cara Oranges","7.0","0.0","","8 lb","8 lb","9.jpg",,"20"
"3692","Fresh Produce","Fresh Fruits","Orange","Sunkist","Sunkist Orange Extremely Sweet Cara Cara Seedless, Net","Sunkist Orange Extremely Sweet Cara Cara Seedless, Net","6.49","0.0","","3 lb bag","3 lb bag","8.jpg",,"20"
"3693","Fresh Produce","Fresh Fruits","Other Special fruits","Market Basket","Grapefruit","Grapefruit","1.14","0.0","","1 count","1 count","14216.jpg",,"20"
"3694","Fresh Produce","Fresh Fruits","Other Special fruits","Market Basket","Nectarine","Nectarine","1.48","0.0","","1 count","1 count","14202.jpg",,"20"
"3695","Fresh Produce","Fresh Fruits","Other Special fruits","Market Basket","Pomegranates","Pomegranates","3.78","0.0","","1 count","1 count","FP34.jpg",,"20"
"3696","Fresh Produce","Fresh Fruits","Other Special fruits","Market Basket","Red Plums","Red Plums","1.28","0.0","","1 count","1 count","14213.jpg",,"20"
"3697","Fresh Produce","Fresh Fruits","Other Special fruits","NatureSweet","NatureSweet Cherubs","NatureSweet Cherubs","2.17","0.0","","18 oz","18 oz","14231.jpg",,"20"
"3698","Fresh Produce","Fresh Fruits","Other Special fruits","Nutra Fig","Nutra Fig Calimyrna Figs","Nutra Fig Calimyrna Figs","5.05","0.0","","8 oz","8 oz","14277.jpg",,"20"
"3699","Fresh Produce","Fresh Fruits","Other Special fruits","Spice World","Spice World Squeeze Ginger","Spice World Squeeze Ginger","4.93","0.0","","10 oz","10 oz","14267.jpg",,"20"
"3700","Fresh Produce","Fresh Fruits","Papaya","Market Basket","Caribbean Red Maradol Papaya","Caribbean Red Maradol Papaya","4.12","0.0","","1 count","1 count","14234.jpg",,"20"
"3701","Fresh Produce","Fresh Fruits","Peach","Market Basket","Peach","Peach","0.37","0.0","","1 count","1 count","14187.jpg",,"20"
"3702","Fresh Produce","Fresh Fruits","Pear","Market Basket","Bartlett Pear","Bartlett Pear","0.98","0.0","","1 count","1 count","14211.jpg",,"20"
"3703","Fresh Produce","Fresh Fruits","Pear","Market Basket","Bosc Pear","Bosc Pear","1.21","0.0","","1 count","1 count","14206.jpg",,"20"
"3704","Fresh Produce","Fresh Fruits","Pear","Market Basket","Bosc Pears","Bosc Pears","2.4","0.0","","1 lb","1 lb","FP11.jpg",,"20"
"3705","Fresh Produce","Fresh Fruits","Pineapple","Del Monte","Del Monte Pineapple","Del Monte Pineapple","4.13","0.0","","1 count","1 count","14262.jpg",,"20"
"3706","Fresh Produce","Fresh Fruits","Pineapple","Dole","Dole Tropical Gold Pineapple","Dole Tropical Gold Pineapple","4.24","0.0","","1 count","1 count","15.jpg",,"20"
"3707","Fresh Produce","Fresh Fruits","Pineapple","Market Basket","Chiquita Pineapple","Chiquita Pineapple","3.55","0.0","","1 count","1 count","14233.jpg",,"20"
"3708","Fresh Produce","Fresh Fruits","Pineapple","Market Basket","Cored Pineapple","Cored Pineapple","5.62","0.0","","20 oz container","20 oz container","FP14.jpg",,"20"
"3709","Fresh Produce","Fresh Fruits","Pineapple","Market Basket","Freshen Ready Cored Pineapple","Freshen Ready Cored Pineapple","5.62","0.0","","20 oz","20 oz","FP18.jpg",,"20"
"3710","Fresh Produce","Fresh Fruits","Pineapple","Market Basket","Pineapple Chunks","Pineapple Chunks","3.74","0.0","","1 lb","1 lb","FP4.jpg",,"20"
"3711","Fresh Produce","Fresh Fruits","Pineapple","Market Basket","Pineapple Spears","Pineapple Spears","5.62","0.0","","16 oz","16 oz","FP32.jpg",,"20"
"3712","Fresh Produce","Fresh Fruits","Plantain","Market Basket","Plantain","Plantain","1.48","0.0","","1 lb","1 lb","FP33.jpg",,"20"
"3713","Fresh Produce","Fresh Fruits","Plantain","Market Basket","Plantain","Plantain","0.68","0.0","","1 count","1 count","14214.jpg",,"20"
"3714","Fresh Produce","Fresh Fruits","Raspberries","Market Basket","Raspberries","Raspberries","4.93","0.0","","6 oz container","6 oz container","14271.jpg",,"20"
"3715","Fresh Produce","Fresh Fruits","Raspberries","Market Basket","Raspberries","Raspberries","4.24","0.0","","1 count","1 count","14411.jpg",,"20"
"3716","Fresh Produce","Fresh Fruits","Raspberries","Market Basket","Raspberries Package","Raspberries Package","3.49","0.0","","6 oz container","6 oz container","14182.jpg",,"20"
"3717","Fresh Produce","Fresh Fruits","Strawberries","Always Fresh Farms","Always Fresh Farms Florida Strawberries Fraises","Always Fresh Farms Florida Strawberries Fraises","6.23","0.0","","1 pint container","1 pint container","FP2.jpg",,"20"
"3718","Fresh Produce","Fresh Fruits","Strawberries","Beach Street Farms","Beach Street Farms Strawberries","Beach Street Farms Strawberries","12.46","0.0","","32 oz container","32 oz container","14285.jpg",,"20"
"3719","Fresh Produce","Fresh Fruits","Strawberries","Driscoll's","Driscoll's Strawberries","Driscoll's Strawberries","6.23","0.0","","16 oz container","16 oz container","3.jpg",,"20"
"3720","Fresh Produce","Fresh Fruits","Strawberries","Driscoll's","Driscoll's Strawberries","Driscoll's Strawberries","12.46","0.0","","32 oz container","32 oz container","4.jpg",,"20"
"3721","Fresh Produce","Fresh Fruits","Strawberries","Market Basket","Cal Fruit Strawberries","Cal Fruit Strawberries","6.23","0.0","","16 oz","16 oz","14263.jpg",,"20"
"3722","Fresh Produce","Fresh Fruits","Strawberries","Market Basket","California Giant Strawberries","California Giant Strawberries","6.23","0.0","","16 oz container","16 oz container","14194.jpg",,"20"
"3723","Fresh Produce","Fresh Fruits","Strawberries","Market Basket","Florida Star Strawberries","Florida Star Strawberries","6.23","0.0","","16 oz","16 oz","FP17.jpg",,"20"
"3724","Fresh Produce","Fresh Fruits","Strawberries","Market Basket","Fresh box of Strawberries","Fresh box of Strawberries","6.23","0.0","","16 oz","16 oz","14191.jpg",,"20"
"3725","Fresh Produce","Fresh Fruits","Strawberries","Market Basket","Strawberries","Strawberries","6.23","0.0","","1 lb container","1 lb container","14207.jpg",,"20"
"3726","Fresh Produce","Fresh Fruits","Strawberries","Market Basket","Strawberries","Strawberries","12.46","0.0","","2 lb container","2 lb container","14287.jpg",,"20"
"3727","Fresh Produce","Fresh Fruits","Strawberries","Market Basket","Bobalu Boxed Strawberries","Bobalu Boxed Strawberries","6.23","0.0","","1 lb container","1 lb container","14242.jpg",,"20"
"3728","Fresh Produce","Fresh Fruits","Strawberries","Market Basket","Whole Strawberry","Whole Strawberry","12.46","0.0","","32 oz","32 oz","FP39.jpg",,"20"
"3729","Fresh Produce","Fresh Fruits","Watermelon","Market Basket","Seedless Watermelon","Seedless Watermelon","6.14","0.0","","1 count","1 count","14238.jpg",,"20"
"3730","Fresh Produce","Fresh Fruits","Watermelon","Market Basket","Strawberry Watermelon Drink Enhancer Drops","Strawberry Watermelon Drink Enhancer Drops","2.86","0.0","","1 count","1 count","Market Basket.jpg",,"20"
"3731","Fresh Produce","Fresh Fruits","Watermelon","Market Basket","Watermelon packed","Watermelon packed","1.48","0.0","","1 lb","1 lb","14183.jpg",,"20"
"3732","Fresh Produce","Fresh Fruits","Watermelon","Melon Up","Melon Up Watermelon Mini Seedless","Melon Up Watermelon Mini Seedless","4.93","0.0","","1 count","1 count","14224.jpg",,"20"
"3733","Fresh Produce","Fresh Fruits","Watermelon","Sun State","Sun State Produce Sales, Seedless Watermelon","Sun State Produce Sales, Seedless Watermelon","11.26","0.0","","1 count","1 count","14280.jpg",,"20"
"3734","Fresh Produce","Fresh Herbs","Basil","Edible Gardens","Edible Gardens Basil, Bag","Edible Gardens Basil, Bag","8.5","0.0","","1 bag(s)","1 bag(s)","14555.jpg",,"20"
"3735","Fresh Produce","Fresh Herbs","Basil","HerbThyme Farms","HerbThyme Farms Basil","HerbThyme Farms Basil","2.86","0.0","","0.75 oz","0.75 oz","101.jpg",,"20"
"3736","Fresh Produce","Fresh Herbs","Basil","Infinite Herbs","Infinite Herbs Basil","Infinite Herbs Basil","2.86","0.0","","0.66 oz","0.66 oz","FP48.jpg",,"20"
"3737","Fresh Produce","Fresh Herbs","Basil","Infinite Herbs","Infinite Herbs Fresh Basil","Infinite Herbs Fresh Basil","4.24","0.0","","1 oz","1 oz","91.jpg",,"20"
"3738","Fresh Produce","Fresh Herbs","Basil","Infinite Herbs","Infinite Herbs Sleeved Basil Bunch","Infinite Herbs Sleeved Basil Bunch","3.78","0.0","","1 count","1 count","No Image.jpg",,"20"
"3739","Fresh Produce","Fresh Herbs","Basil","Market Basket","Basil","Basil","2.86","0.0","","1 count","1 count","14546.jpg",,"20"
"3740","Fresh Produce","Fresh Herbs","Basil","Market Basket","Basil","Basil","4.24","0.0","","3 oz container","3 oz container","14554.jpg",,"20"
"3741","Fresh Produce","Fresh Herbs","Basil","Market Basket","Basil Package","Basil Package","2.86","0.0","","1 oz container","1 oz container","14545.jpg",,"20"
"3742","Fresh Produce","Fresh Herbs","Basil","Market Basket","Sweet Hot Basil","Sweet Hot Basil","11.26","0.0","","1 lb","1 lb","FP58.jpg",,"20"
"3743","Fresh Produce","Fresh Herbs","Bay Leaves","Infinite Herbs","Infinite Herbs Fresh Bay Leaves","Infinite Herbs Fresh Bay Leaves","2.86","0.0","","0.67 oz","0.67 oz","FP43.jpg",,"20"
"3744","Fresh Produce","Fresh Herbs","Chives","Infinite Herbs","Infinite Herbs Herbs Chives","Infinite Herbs Herbs Chives","4.7","0.0","","1 oz","1 oz","87.jpg",,"20"
"3745","Fresh Produce","Fresh Herbs","Chives","Uncle Vinny's","Uncle Vinny's Chives","Uncle Vinny's Chives","4.7","0.0","","0.75 oz","0.75 oz","94.jpg",,"20"
"3746","Fresh Produce","Fresh Herbs","Cilantro","Gourmet Garden","Gourmet Gardena, Cilantro Stir-In Paste","Gourmet Gardena, Cilantro Stir-In Paste","4.93","0.0","","4 oz","4 oz","100.jpg",,"20"
"3747","Fresh Produce","Fresh Herbs","Cilantro","Market Basket","Cilantro","Cilantro","1.83","0.0","","1 bunch","1 bunch","14543.jpg",,"20"
"3748","Fresh Produce","Fresh Herbs","Dill","Market Basket","Dill","Dill","2.17","0.0","","1 bunch","1 bunch","14547.jpg",,"20"
"3749","Fresh Produce","Fresh Herbs","Garlic","Gourmet Garden","Gourmet Gardena, Garlic Stir-In Paste","Gourmet Gardena, Garlic Stir-In Paste","4.93","0.0","","4 oz","4 oz","96.jpg",,"20"
"3750","Fresh Produce","Fresh Herbs","Garlic","Market Basket","Garlic","Garlic","1.94","0.0","","1 lb","1 lb","14544.jpg",,"20"
"3751","Fresh Produce","Fresh Herbs","Ginger","Gourmet Garden","Gourmet Gardena, Ginger Stir-In Paste","Gourmet Gardena, Ginger Stir-In Paste","4.93","0.0","","4 oz","4 oz","98.jpg",,"20"
"3752","Fresh Produce","Fresh Herbs","Lemongrass","Gourmet Garden","Gourmet Gardena, Lemongrass Stir-In Paste","Gourmet Gardena, Lemongrass Stir-In Paste","4.93","0.0","","4 oz","4 oz","99.jpg",,"20"
"3753","Fresh Produce","Fresh Herbs","Mint","Infinite Herbs","Infinite Herbs Fresh Mint Herb","Infinite Herbs Fresh Mint Herb","4.24","0.0","","1 each","1 each","FP44.jpg",,"20"
"3754","Fresh Produce","Fresh Herbs","Mint","Infinite Herbs","Infinite Herbs Mint","Infinite Herbs Mint","2.86","0.0","","1 oz","1 oz","FP49.jpg",,"20"
"3755","Fresh Produce","Fresh Herbs","Oregano","Infinite Herbs","Infinite Herbs Oregano","Infinite Herbs Oregano","2.86","0.0","","1 oz","1 oz","FP50.jpg",,"20"
"3756","Fresh Produce","Fresh Herbs","Oregano","Market Basket","Oregano","Oregano","2.86","0.0","","1 bunch","1 bunch","14549.jpg",,"20"
"3757","Fresh Produce","Fresh Herbs","Parsley","Market Basket","Curly Parsley Bunch","Curly Parsley Bunch","1.48","0.0","","1 bunch","1 bunch","14550.jpg",,"20"
"3758","Fresh Produce","Fresh Herbs","Parsley","Market Basket","Parsley","Parsley","1.48","0.0","","1 bunch","1 bunch","FP57.jpg",,"20"
"3759","Fresh Produce","Fresh Herbs","Poultry Bouquet","HerbThyme Farms","HerbThyme Farms Poultry Bouquet","HerbThyme Farms Poultry Bouquet","2.86","0.0","","0.67 oz","0.67 oz","FP54.jpg",,"20"
"3760","Fresh Produce","Fresh Herbs","Rosemary","HerbThyme Farms","HerbThyme Farms Rosemary","HerbThyme Farms Rosemary","2.86","0.0","","0.67 oz","0.67 oz","FP55.jpg",,"20"
"3761","Fresh Produce","Fresh Herbs","Rosemary","Infinite Herbs","Infinite Herbs Rosemary","Infinite Herbs Rosemary","2.86","0.0","","1 oz","1 oz","90.jpg",,"20"
"3762","Fresh Produce","Fresh Herbs","Rosemary","Market Basket","Rosemary","Rosemary","4.7","0.0","","1 oz container","1 oz container","14552.jpg",,"20"
"3763","Fresh Produce","Fresh Herbs","Rosemary","Market Basket","Rosemary","Rosemary","44.72","0.0","","1 bunch","1 bunch","14556.jpg",,"20"
"3764","Fresh Produce","Fresh Herbs","Sage","HerbThyme Farms","HerbThyme Farms Sage","HerbThyme Farms Sage","2.86","0.0","","0.67 oz","0.67 oz","No Image.jpg",,"20"
"3765","Fresh Produce","Fresh Herbs","Sage","Market Basket","Sage","Sage","2.86","0.0","","1 oz bunch","1 oz bunch","14553.jpg",,"20"
"3766","Fresh Produce","Fresh Herbs","Sage","Uncle Vinny's","Uncle Vinny's Fresh Sage","Uncle Vinny's Fresh Sage","4.7","0.0","","0.75 oz","0.75 oz","FP46.jpg",,"20"
"3767","Fresh Produce","Fresh Herbs","Tarragon","Infinite Herbs","Infinite Herbs Tarragon","Infinite Herbs Tarragon","2.86","0.0","","1 oz","1 oz","89.jpg",,"20"
"3768","Fresh Produce","Fresh Herbs","Tarragon","Uncle Vinny's","Uncle Vinny's Tarragon","Uncle Vinny's Tarragon","2.86","0.0","","0.75 oz","0.75 oz","95.jpg",,"20"
"3769","Fresh Produce","Fresh Herbs","Thyme","Infinite Herbs","Infinite Herbs Fresh Thyme","Infinite Herbs Fresh Thyme","2.86","0.0","","0.67 oz","0.67 oz","FP45.jpg",,"20"
"3770","Fresh Produce","Fresh Herbs","Thyme","Infinite Herbs","Infinite Herbs Thyme","Infinite Herbs Thyme","2.86","0.0","","1 oz","1 oz","FP53.jpg",,"20"
"3771","Fresh Produce","Fresh Herbs","Thyme","Uncle Vinny's","Uncle Vinny's Fresh Thyme","Uncle Vinny's Fresh Thyme","2.86","0.0","","1 oz","1 oz","93.jpg",,"20"
"3772","Fresh Produce","Fresh Organic Fruits","Apple","Market Basket","Organic Fuji Apple","Organic Fuji Apple","1.78","0.0","","1 count","1 count","14237.jpg",,"20"
"3773","Fresh Produce","Fresh Organic Fruits","Apple","Market Basket","Organic Large Gala Apple","Organic Large Gala Apple","3.78","0.0","","1 lb","1 lb","14241.jpg",,"20"
"3774","Fresh Produce","Fresh Organic Fruits","Banana","Market Basket","Organic Bananas","Organic Bananas","0.47","0.0","","1 count","1 count","14243.jpg",,"20"
"3775","Fresh Produce","Fresh Organic Fruits","Blueberries","Market Basket","Organic Blueberries Package","Organic Blueberries Package","5.62","0.0","","4.4 oz container","4.4 oz container","14221.jpg",,"20"
"3776","Fresh Produce","Fresh Organic Fruits","Blueberries","naturipe","naturipe Organic Blueberries Bleuets","naturipe Organic Blueberries Bleuets","5.62","0.0","","6 oz container","6 oz container","19.jpg",,"20"
"3777","Fresh Produce","Fresh Organic Fruits","Cucumber","Market Basket","Organic Cucumber","Organic Cucumber","2.4","0.0","","1 count","1 count","14240.jpg",,"20"
"3778","Fresh Produce","Fresh Organic Fruits","Grapefruit","Market Basket","Organic Grapefruit","Organic Grapefruit","2.75","0.0","","1 count","1 count","14269.jpg",,"20"
"3779","Fresh Produce","Fresh Organic Fruits","Grapes","Market Basket","Organic Green Seedless Grapes","Organic Green Seedless Grapes","8.5","0.0","","1 lb","1 lb","14268.jpg",,"20"
"3780","Fresh Produce","Fresh Organic Fruits","Grapes","Market Basket","Organic Red Grapes","Organic Red Grapes","7.49","0.0","","2 lb","2 lb","FP30.jpg",,"20"
"3781","Fresh Produce","Fresh Organic Fruits","Lemon","Market Basket","Organic Lemons - 3 CT","Organic Lemons - 3 CT","4.7","0.0","","1 bag(s)","1 bag(s)","14265.jpg",,"20"
"3782","Fresh Produce","Fresh Organic Fruits","Orange","Market Basket","Organic Cara Cara Orange","Organic Cara Cara Orange","4.93","0.0","","1 count","1 count","14289.jpg",,"20"
"3783","Fresh Produce","Fresh Organic Fruits","Orange","Market Basket","Organic Orange","Organic Orange","8.04","0.0","","1 count","1 count","14288.jpg",,"20"
"3784","Fresh Produce","Fresh Organic Fruits","Orange","Market Basket","Organic Oranges, Bag","Organic Oranges, Bag","6.99","0.0","","3 lb","3 lb","FP29.jpg",,"20"
"3785","Fresh Produce","Fresh Organic Fruits","Orange","Market Basket","Organic Valencia Orange","Organic Valencia Orange","4.24","0.0","","1 count","1 count","14278.jpg",,"20"
"3786","Fresh Produce","Fresh Organic Fruits","Pea","Jonathan's Sprouts","Jonathan's Sprouts Organic Pea Shoots","Jonathan's Sprouts Organic Pea Shoots","5.28","0.0","","6 oz","6 oz","14264.jpg",,"20"
"3787","Fresh Produce","Fresh Organic Fruits","Pear","Market Basket","Organic Bosc Pear","Organic Bosc Pear","1.44","0.0","","1 count","1 count","14239.jpg",,"20"
"3788","Fresh Produce","Fresh Organic Fruits","Pear","Market Basket","Organic D'Anjou Pears","Organic D'Anjou Pears","1.44","0.0","","1 count","1 count","14226.jpg",,"20"
"3789","Fresh Produce","Fresh Organic Fruits","Pineapple","Dole","Dole Organic Pineapple","Dole Organic Pineapple","6.99","0.0","","1 count","1 count","16.jpg",,"20"
"3790","Fresh Produce","Fresh Organic Fruits","Raspberries","Market Basket","Green Belle Organic Raspberries","Green Belle Organic Raspberries","6.99","0.0","","0.5 pint container","0.5 pint container","FP23.jpg",,"20"
"3791","Fresh Produce","Fresh Organic Fruits","Raspberries","Market Basket","Organic Raspberries","Organic Raspberries","5.62","0.0","","6 oz","6 oz","14179.jpg",,"20"
"3792","Fresh Produce","Fresh Organic Fruits","Strawberries","Foxy Organic","Foxy Organic Fresh Strawberries","Foxy Organic Fresh Strawberries","8.5","0.0","","16 oz container","16 oz container","14270.jpg",,"20"
"3793","Fresh Produce","Fresh Organic Fruits","Strawberries","Market Basket","Fresh Organic Strawberry","Fresh Organic Strawberry","8.5","0.0","","16 oz container","16 oz container","18.jpg",,"20"
"3794","Fresh Produce","Fresh Organic Fruits","Tangerine","Market Basket","Organic Murcott Tangerine","Organic Murcott Tangerine","6.99","0.0","","32 oz bag","32 oz bag","14274.jpg",,"20"
"3795","Fresh Produce","Fresh Organic Herbs","Garlic","Market Basket","Whole Peeled Garlic","Whole Peeled Garlic","5.49","0.0","","1 lb","1 lb","f91.jpg",,"20"
"3796","Fresh Produce","Fresh Organic Herbs","Ginger","Market Basket","Organic Ginger Root","Organic Ginger Root","2.74","0.0","","4 oz","4 oz","f92.jpg",,"20"
"3797","Fresh Produce","Fresh Organic Herbs","Lemongrass","Infinite Herbs","Infinite Herbs Organic Lemongrass Herb","Infinite Herbs Organic Lemongrass Herb","2.4","0.0","","1 oz","1 oz","No Image.jpg",,"20"
"3798","Fresh Produce","Fresh Fruits","Mango","Market Basket","Ataulfo Mangoes","Ataulfo Mangoes","2.19","0.0","","1 each","1 each","f36.jpg",,"20"
"3799","Fresh Produce","Fresh Organic Herbs","Oregano","Goodness Gardens","Goodness Gardens Organic Infinite Oregano","Goodness Gardens Organic Infinite Oregano","2.86","0.0","","4 oz","4 oz","FP47.jpg",,"20"
"3800","Fresh Produce","Fresh Organic Herbs","Parsley","Foxy Organic","Foxy Organic Italian Parsley","Foxy Organic Italian Parsley","2.4","0.0","","1 lb","1 lb","FP41.jpg",,"20"
"3801","Fresh Produce","Fresh Organic Herbs","Parsley","Gourmet Garden","Gourmet Gardena, Lightly Dried Organic Parsley","Gourmet Gardena, Lightly Dried Organic Parsley","5.62","0.0","","0.35 oz","0.35 oz","97.jpg",,"20"
"3802","Fresh Produce","Fresh Organic Herbs","Thyme","Infinite Herbs","Infinite Herbs Organic Thyme","Infinite Herbs Organic Thyme","5.62","0.0","","4 oz","4 oz","92.jpg",,"20"
"3803","Fresh Produce","Fresh Organic Vegetables","Asparagus","Market Basket","Organic Large Asparagus bunch","Organic Large Asparagus bunch","8.5","0.0","","1 lb","1 lb","14364.jpg",,"20"
"3804","Fresh Produce","Fresh Organic Vegetables","Avacado","Market Basket","Organic Hass Avocados Bag","Organic Hass Avocados Bag","6.99","0.0","","1 bag(s)","1 bag(s)","14391.jpg",,"20"
"3805","Fresh Produce","Fresh Organic Vegetables","Beet","Market Basket","Organic Beets","Organic Beets","4.24","0.0","","1 count","1 count","FP119.jpg",,"20"
"3806","Fresh Produce","Fresh Organic Vegetables","Bell Pepper","Market Basket","Organic Green Bell Pepper","Organic Green Bell Pepper","1.44","0.0","","1 count","1 count","14297.jpg",,"20"
"3807","Fresh Produce","Fresh Organic Vegetables","Bell Pepper","Market Basket","Organic Orange Bell Pepper","Organic Orange Bell Pepper","2.13","0.0","","1 count","1 count","14295.jpg",,"20"
"3808","Fresh Produce","Fresh Organic Vegetables","Bell Pepper","Market Basket","Organic Red Bell Pepper","Organic Red Bell Pepper","3.51","0.0","","1 count","1 count","14359.jpg",,"20"
"3809","Fresh Produce","Fresh Organic Vegetables","Bell Pepper","Market Basket","Organic Yellow Bell Pepper","Organic Yellow Bell Pepper","3.51","0.0","","1 count","1 count","14345.jpg",,"20"
"3810","Fresh Produce","Fresh Organic Vegetables","Broccoli","Jonathan's Sprouts","Jonathan's Sprouts Organic Broccoli Sprouts","Jonathan's Sprouts Organic Broccoli Sprouts","4.47","0.0","","4 oz container","4 oz container","103.jpg",,"20"
"3811","Fresh Produce","Fresh Organic Vegetables","Broccoli","Market Basket","Organic Broccoli Florettes","Organic Broccoli Florettes","4.24","0.0","","9 oz bag","9 oz bag","14333.jpg",,"20"
"3812","Fresh Produce","Fresh Organic Vegetables","Cauliflower","Cal Organic Farms","Cal Organic Farms Cauliflower","Cal Organic Farms Cauliflower","5.62","0.0","","1 count","1 count","41.jpg",,"20"
"3813","Fresh Produce","Fresh Organic Vegetables","Cauliflower","Pacific","Pure Pacific Organic Wrapped Cauliflower","Pure Pacific Organic Wrapped Cauliflower","3.55","0.0","","1 count","1 count","14325.jpg",,"20"
"3814","Fresh Produce","Fresh Organic Vegetables","Celery","Foxy Organic","Foxy Organic Celery","Foxy Organic Celery","4.93","0.0","","1 bag","1 bag","14378.jpg",,"20"
"3815","Fresh Produce","Fresh Organic Vegetables","Celery","Market Basket","Organic Celery","Organic Celery","4.93","0.0","","1 count","1 count","14417.jpg",,"20"
"3816","Fresh Produce","Fresh Organic Vegetables","Celery","Olivia's Organics","Olivia's Organics Celery Heart","Olivia's Organics Celery Heart","4.24","0.0","","10 oz bag","10 oz bag","14342.jpg",,"20"
"3817","Fresh Produce","Fresh Organic Vegetables","Cucumber","Market Basket","Concombre Anglais Biologique/Organic English Cucumbers","Concombre Anglais Biologique/Organic English Cucumbers","2.17","0.0","","1 count","1 count","14383.jpg",,"20"
"3818","Fresh Produce","Fresh Organic Vegetables","Cucumber","Market Basket","Organic Cucumbers","Organic Cucumbers","3.55","0.0","","1 count","1 count","FP120.jpg",,"20"
"3819","Fresh Produce","Fresh Organic Vegetables","Cucumber","Market Basket","Organic English Cucumber","Organic English Cucumber","4.24","0.0","","1 count","1 count","14406.jpg",,"20"
"3820","Fresh Produce","Fresh Organic Vegetables","Cucumber","Market Basket","Organic English Seedless Cucumber","Organic English Seedless Cucumber","1.48","0.0","","1 count","1 count","14298.jpg",,"20"
"3821","Fresh Produce","Fresh Organic Vegetables","Cucumber","Market Basket","Organic Seedless Cucumber","Organic Seedless Cucumber","4.24","0.0","","1 count","1 count","14426.jpg",,"20"
"3822","Fresh Produce","Fresh Organic Vegetables","Eggplant","Market Basket","Organic Whole Trade Eggplant","Organic Whole Trade Eggplant","4.24","0.0","","1 lb","1 lb","FP125.jpg",,"20"
"3823","Fresh Produce","Fresh Organic Vegetables","Garlic","Spice World","Spice World Organic Fresh Garlic Bulbs","Spice World Organic Fresh Garlic Bulbs","2.86","0.0","","1 bag(s)","1 bag(s)","30.jpg",,"20"
"3824","Fresh Produce","Fresh Organic Vegetables","Garlic","Spice World","Spice World Peeled Garlic Organic","Spice World Peeled Garlic Organic","4.24","0.0","","6 oz container","6 oz container","28.jpg",,"20"
"3825","Fresh Produce","Fresh Organic Vegetables","Ginger","Market Basket","Garden Sweet Organic Ginger Clam","Garden Sweet Organic Ginger Clam","4.24","0.0","","6 oz","6 oz","FP106.jpg",,"20"
"3826","Fresh Produce","Fresh Organic Vegetables","Kale","Cal Organic Farms","Cal Organic Farms Organic Green Kale Bunch","Cal Organic Farms Organic Green Kale Bunch","4.24","0.0","","1 lb","1 lb","42.jpg",,"20"
"3827","Fresh Produce","Fresh Organic Vegetables","Kale","Market Basket","Lakeside (Locally Grown) Organic Curly Kale","Lakeside (Locally Grown) Organic Curly Kale","4.24","0.0","","1 count","1 count","14422.jpg",,"20"
"3828","Fresh Produce","Fresh Organic Vegetables","Kale","Market Basket","Organic Kale","Organic Kale","4.24","0.0","","1 bunch","1 bunch","14399.jpg",,"20"
"3829","Fresh Produce","Fresh Organic Vegetables","Mushroom","Hokto","Hokto Kinoko Company Organic Bunapi Mushroom","Hokto Kinoko Company Organic Bunapi Mushroom","3.55","0.0","","1 lb","1 lb","14412.jpg",,"20"
"3830","Fresh Produce","Fresh Organic Vegetables","Mushroom","Hokto","Hokto Organic Maitake Mushrooms","Hokto Organic Maitake Mushrooms","3.55","0.0","","3.5 oz bag","3.5 oz bag","17935.jpg",,"20"
"3831","Fresh Produce","Fresh Organic Vegetables","Mushroom","Monterey","Monterey Mushrooms Whole Organic Baby Bella Mushrooms","Monterey Mushrooms Whole Organic Baby Bella Mushrooms","4.24","0.0","","8 oz container","8 oz container","45.jpg",,"20"
"3832","Fresh Produce","Fresh Organic Vegetables","Onion","Market Basket","Organic Onion","Organic Onion","4.24","0.0","","32 oz","32 oz","14438.jpg",,"20"
"3833","Fresh Produce","Fresh Organic Vegetables","Onion","Market Basket","Organic Yellow Onion Bag","Organic Yellow Onion Bag","3.78","0.0","","2 lb bag","2 lb bag","14413.jpg",,"20"
"3834","Fresh Produce","Fresh Organic Vegetables","Pepper","Market Basket","Organic Mini Sweet Peppers","Organic Mini Sweet Peppers","6.99","0.0","","1 oz","1 oz","14445.jpg",,"20"
"3835","Fresh Produce","Fresh Organic Vegetables","Roster Potato","Market Basket","Organic Gold Roaster Potato Bag","Organic Gold Roaster Potato Bag","6.31","0.0","","5 lb bag","5 lb bag","14431.jpg",,"20"
"3836","Fresh Produce","Fresh Organic Vegetables","Russet Potato","Market Basket","Organic Russet Potatoes Bag","Organic Russet Potatoes Bag","6.31","0.0","","5 lb","5 lb","14437.jpg",,"20"
"3837","Fresh Produce","Fresh Organic Vegetables","Shallots","Auerpak","Auerpak Organic Shallots","Auerpak Organic Shallots","2.86","0.0","","3 oz","3 oz","32.jpg",,"20"
"3838","Fresh Produce","Fresh Organic Vegetables","Squash","Market Basket","Organic Kabocha Squash","Organic Kabocha Squash","5.73","0.0","","1 count","1 count","14444.jpg",,"20"
"3839","Fresh Produce","Fresh Organic Vegetables","Squash","Market Basket","Organic Spaghetti Squash","Organic Spaghetti Squash","8.59","0.0","","1 count","1 count","14392.jpg",,"20"
"3840","Fresh Produce","Fresh Organic Vegetables","Sweet Potato","Market Basket","Barnes Farming Organic Sweet Potatoes","Barnes Farming Organic Sweet Potatoes","3.21","0.0","","2 lb bag","2 lb bag","14409.jpg",,"20"
"3841","Fresh Produce","Fresh Organic Vegetables","Sweet Potato","Market Basket","Organic Sweet Potato Bag","Organic Sweet Potato Bag","1.48","0.0","","7 oz bag","7 oz bag","14336.jpg",,"20"
"3842","Fresh Produce","Fresh Organic Vegetables","Tomato","Market Basket","Organic Greenhouse Grown Tomato","Organic Greenhouse Grown Tomato","5.62","0.0","","1 count","1 count","FP121.jpg",,"20"
"3843","Fresh Produce","Fresh Organic Vegetables","Tomato","Market Basket","Organic Stem Cluster Tomatoes (Approx: 8 ct)","Organic Stem Cluster Tomatoes (Approx: 8 ct)","4.24","0.0","","1 lb","1 lb","FP124.jpg",,"20"
"3844","Fresh Produce","Fresh Organic Vegetables","Tomato","Market Basket","Sunset Organic Campari Tomatoes","Sunset Organic Campari Tomatoes","4.93","0.0","","12 oz","12 oz","14318.jpg",,"20"
"3845","Fresh Produce","Fresh Organic Vegetables","White Mushroom","Monterey","Monterey Mushrooms Whole Organic White Mushrooms","Monterey Mushrooms Whole Organic White Mushrooms","3.78","0.0","","8 oz container","8 oz container","44.jpg",,"20"
"3846","Fresh Produce","Fresh Vegetables","Endives","Market Basket","Endives","Endives","3.99","0.0","","3 count","3 count","14386.jpg",,"20"
"3847","Fresh Produce","Fresh Vegetables","Fennel Powder/Seeds/Lucknowi","Market Basket","Fennel Bulb","Fennel Bulb","2.86","0.0","","1 count","1 count","14393.jpg",,"20"
"3848","Fresh Produce","Fresh Vegetables","French Beans","Market Basket","French Green Beans","French Green Beans","2.86","0.0","","1 lb","1 lb","14319.jpg",,"20"
"3849","Fresh Produce","Fresh Vegetables","French Beans","Market Basket","Rosemont French Green Beans","Rosemont French Green Beans","4.24","0.0","","12 oz bag","12 oz bag","FP133.jpg",,"20"
"3850","Fresh Produce","Fresh Vegetables","Garlic","Spice World","Spice World Fresh Garlic Bulbs bag - 5 CT","Spice World Fresh Garlic Bulbs bag - 5 CT","2.4","0.0","","1 bag","1 bag","31.jpg",,"20"
"3851","Fresh Produce","Fresh Vegetables","Garlic","Spice World","Spice World Jumbo Garlic bulb","Spice World Jumbo Garlic bulb","0.99","0.0","","2 count","2 count","27.jpg",,"20"
"3852","Fresh Produce","Fresh Vegetables","Gold Potato","Market Basket","Yukon Gold Potatoes","Yukon Gold Potatoes","4.24","0.0","","5 lb","5 lb","14349.jpg",,"20"
"3853","Fresh Produce","Fresh Vegetables","Gold Potato","Market Basket","Yukon Gold Potatoes bag","Yukon Gold Potatoes bag","4.24","0.0","","5 lb bag","5 lb bag","25.jpg",,"20"
"3854","Fresh Produce","Fresh Vegetables","Grape Tomato","Market Basket","Cutie Brand Fancy Sweet Grape Tomatoes - 1 Quart","Cutie Brand Fancy Sweet Grape Tomatoes - 1 Quart","4.24","0.0","","1 pack","1 pack","14435.jpg",,"20"
"3855","Fresh Produce","Fresh Vegetables","Grape Tomato","Market Basket","Harvest Queen Red Grape Tomatoes","Harvest Queen Red Grape Tomatoes","2.29","0.0","","12 oz","12 oz","14307.jpg",,"20"
"3856","Fresh Produce","Fresh Vegetables","Green Onion","Market Basket","Green Onions (Scallions)","Green Onions (Scallions)","1.19","0.0","","3 oz bunch","3 oz bunch","14306.jpg",,"20"
"3857","Fresh Produce","Fresh Vegetables","Green Onion","Market Basket","Green Onions (Scallions)","Green Onions (Scallions)","2.4","0.0","","1 lb bunch","1 lb bunch","14385.jpg",,"20"
"3858","Fresh Produce","Fresh Vegetables","Green Onions","Market Basket","Green Onions (Scallions)","Green Onions (Scallions)","1.19","0.0","","1 bunch","1 bunch","14542.jpg",,"20"
"3859","Fresh Produce","Fresh Vegetables","Greens","Market Basket","Collard Greens","Collard Greens","2.86","0.0","","1 lb","1 lb","14382.jpg",,"20"
"3860","Fresh Produce","Fresh Vegetables","Greens","Market Basket","Dandelion Greens","Dandelion Greens","3.21","0.0","","1 bunch","1 bunch","FP105.jpg",,"20"
"3861","Fresh Produce","Fresh Vegetables","Hot Pepper","Market Basket","Jalapeno Hot Peppers","Jalapeno Hot Peppers","3.29","0.0","","1 lb","1 lb","f201.jpg",,"20"
"3862","Fresh Produce","Fresh Vegetables","Hot Pepper","Market Basket","Long Hot Peppers (Hot)","Long Hot Peppers (Hot)","3.29","0.0","","1 lb","1 lb","f202.jpg",,"20"
"3863","Fresh Produce","Fresh Vegetables","Hot Pepper","Market Basket","Serrano Peppers (Hot)","Serrano Peppers (Hot)","3.29","0.0","","1 lb","1 lb","f203.jpg",,"20"
"3864","Fresh Produce","Fresh Vegetables","Hot Pepper","Market Basket","Thai Green Hot Peppers","Thai Green Hot Peppers","6.59","0.0","","1 lb","1 lb","f204.jpg",,"20"
"3865","Fresh Produce","Fresh Vegetables","Ivy gourd","Market Basket","Tindora","Tindora","4.72","0.0","","1 lb","1 lb","f206.jpg",,"20"
"3866","Fresh Produce","Fresh Vegetables","Jackfruit","Market Basket","Jackfruit","Jackfruit","3.29","0.0","","1 lb","1 lb","f207.jpg",,"20"
"3867","Fresh Produce","Fresh Vegetables","Jackfruit","Market Basket","Jackfruit Packed","Jackfruit Packed","3.4","0.0","","16 oz","16 oz","f208.jpg",,"20"
"3868","Fresh Produce","Fresh Vegetables","Kale","Market Basket","Kale Greens","Kale Greens","2.19","0.0","","1 count","1 count","f210.jpg",,"20"
"3869","Fresh Produce","Fresh Vegetables","Kale","Market Basket","J&D Produce Red Kale","J&D Produce Red Kale","3.55","0.0","","1 bunch","1 bunch","FP109.jpg",,"20"
"3870","Fresh Produce","Fresh Vegetables","Kale","Market Basket","Kale","Kale","2.86","0.0","","1 bunch","1 bunch","14429.jpg",,"20"
"3871","Fresh Produce","Fresh Vegetables","Leeks/Spring onions","Market Basket","Leeks","Leeks","3.84","0.0","","1 bunch","1 bunch","f212.jpg",,"20"
"3872","Fresh Produce","Fresh Vegetables","Lemon","Market Basket","Bag Mayer Lemons","Bag Mayer Lemons","2.74","0.0","","1 lb","1 lb","f214.jpg",,"20"
"3873","Fresh Produce","Fresh Vegetables","Lemon","Market Basket","Bag of lemon","Bag of lemon","2.63","0.0","","1 bag(s)","1 bag(s)","f215.jpg",,"20"
"3874","Fresh Produce","Fresh Vegetables","Lemon","Market Basket","Lemon Sunkist Lemons","Lemon Sunkist Lemons","0.76","0.0","","1 count","1 count","f217.jpg",,"20"
"3875","Fresh Produce","Fresh Vegetables","Lemongrass","Market Basket","Lemongrass Bunch","Lemongrass Bunch","3.92","0.0","","1 count","1 count","FP78.jpg",,"20"
"3876","Fresh Produce","Fresh Vegetables","Lettuce","Market Basket","Boston Butter Lettuce","Boston Butter Lettuce","1.97","0.0","","1 count","1 count","f219.jpg",,"20"
"3877","Fresh Produce","Fresh Vegetables","Lettuce","Market Basket","Fresh Romaine Lettuce","Fresh Romaine Lettuce","1.97","0.0","","1 count","1 count","f220.jpg",,"20"
"3878","Fresh Produce","Fresh Vegetables","Lettuce","Market Basket","Green Leaf Lettuce","Green Leaf Lettuce","1.97","0.0","","1 count","1 count","f221.jpg",,"20"
"3879","Fresh Produce","Fresh Vegetables","Lettuce","Market Basket","Iceberg Lettuce","Iceberg Lettuce","1.88","0.0","","1 count","1 count","1589079928.jpg",,"20"
"3880","Fresh Produce","Fresh Vegetables","Lettuce","Market Basket","Red Leaf Lettuce","Red Leaf Lettuce","1.97","0.0","","1 count","1 count","f224.jpg",,"20"
"3881","Fresh Produce","Fresh Vegetables","Lime","Market Basket","Bag Key Limes","Bag Key Limes","4.06","0.0","","1 lb","1 lb","f213.jpg",,"20"
"3882","Fresh Produce","Fresh Vegetables","Lime","Market Basket","Bagged Lime","Bagged Lime","3.19","0.0","","1 bag(s)","1 bag(s)","f216.jpg",,"20"
"3883","Fresh Produce","Fresh Vegetables","Lime","Market Basket","Limes","Limes","1.1","0.0","","1 count","1 count","f218.jpg",,"20"
"3884","Fresh Produce","Fresh Vegetables","Malanga","Market Basket","Malanga Blanca","Malanga Blanca","1.97","0.0","","1 lbs","1 lbs","f227.jpg",,"20"
"3885","Fresh Produce","Fresh Vegetables","Melon","Market Basket","Indian Bitter Melon Pack","Indian Bitter Melon Pack","2.89","0.0","","Approx. 0.80 lb per 12.8 oz","Approx. 0.80 lb per 12.8 oz","f231.jpg",,"20"
"3886","Fresh Produce","Fresh Vegetables","Mushroom","Hokto","Hokto King Trumpet Mushrooms","Hokto King Trumpet Mushrooms","5.62","0.0","","9.5 oz","9.5 oz","14421.jpg",,"20"
"3887","Fresh Produce","Fresh Vegetables","Mushroom","Market Basket","Mushrooms","Mushrooms","6.99","0.0","","24 oz","24 oz","FP113.jpg",,"20"
"3888","Fresh Produce","Fresh Vegetables","Mushroom","Market Basket","Oyster Mushroom","Oyster Mushroom","3.55","0.0","","1 each","1 each","14356.jpg",,"20"
"3889","Fresh Produce","Fresh Vegetables","Mushroom","Market Basket","Shiitake Mushroom","Shiitake Mushroom","4.24","0.0","","1 each","1 each","14419.jpg",,"20"
"3890","Fresh Produce","Fresh Vegetables","Mushroom","Monterey","Monterey Mushrooms Whole Baby Bella Mushrooms","Monterey Mushrooms Whole Baby Bella Mushrooms","4.24","0.0","","16 oz","16 oz","FP94.jpg",,"20"
"3891","Fresh Produce","Fresh Vegetables","Mushroom","Monterey","Monterey Mushrooms, Baby Brown Pearls","Monterey Mushrooms, Baby Brown Pearls","2.17","0.0","","6 oz","6 oz","34.jpg",,"20"
"3892","Fresh Produce","Fresh Vegetables","Mushroom","Monterey","Monterey Whole Mushrooms","Monterey Whole Mushrooms","4.24","0.0","","12 oz","12 oz","FP95.jpg",,"20"
"3893","Fresh Produce","Fresh Vegetables","Mushroom","Pennsylvania Dutchman","Pennsylvania Dutchman Sliced Mushrooms","Pennsylvania Dutchman Sliced Mushrooms","2.4","0.0","","1 each","1 each","FP126.jpg",,"20"
"3894","Fresh Produce","Fresh Vegetables","Mushroom","Phillips Gourmet","Phillips Gourmet Mushrooms Baby Bella","Phillips Gourmet Mushrooms Baby Bella","4.24","0.0","","10 oz container","10 oz container","14402.jpg",,"20"
"3895","Fresh Produce","Fresh Vegetables","Mushroom","Prima","Prima Oyster Mushrooms","Prima Oyster Mushrooms","3.55","0.0","","3.5 oz","3.5 oz","17930.jpg",,"20"
"3896","Fresh Produce","Fresh Vegetables","Mushroom","Prima","Prima Shiitake Mushrooms","Prima Shiitake Mushrooms","4.24","0.0","","3.5 oz container","3.5 oz container","17932.jpg",,"20"
"3897","Fresh Produce","Fresh Vegetables","Okra","Market Basket","Okra","Okra","3.29","0.0","","1 lb","1 lb","f233.jpg",,"20"
"3898","Fresh Produce","Fresh Vegetables","Okra","Market Basket","Market Basket Okra container (Approx 0.70 lb)","Market Basket Okra container (Approx 0.70 lb)","4.99","0.0","","1 container","1 container","FP80.jpg",,"20"
"3899","Fresh Produce","Fresh Vegetables","Onion","Market Basket","Jumbo Yellow Onions","Jumbo Yellow Onions","1.29","0.0","","1 lb","1 lb","f235.jpg",,"20"
"3900","Fresh Produce","Fresh Vegetables","Onion","Auertak","Pearl Onions","Pearl Onions","3.29","0.0","","10 oz","10 oz","f236.jpg",,"20"
"3901","Fresh Produce","Fresh Vegetables","Onion","Market Basket","Red Onions","Red Onions","1.64","0.0","","1 lb","1 lb","f237.jpg",,"20"
"3902","Fresh Produce","Fresh Vegetables","Onion","Vidalia","Vidalia Sweet Onions","Vidalia Sweet Onions","6.59","0.0","","2 lb","2 lb","f238.jpg",,"20"
"3903","Fresh Produce","Fresh Vegetables","Onion","Market Basket","White Onions","White Onions","1.09","0.0","","1 lb","1 lb","f239.jpg",,"20"
"3904","Fresh Produce","Fresh Vegetables","Onion","Market Basket","Yellow Onion Bag","Yellow Onion Bag","1.86","0.0","","2 lb","2 lb","f240.jpg",,"20"
"3905","Fresh Produce","Fresh Vegetables","Onion","Auerpak","Auerpak Brand Cipolline Onions","Auerpak Brand Cipolline Onions","3.21","0.0","","8 oz","8 oz","14432.jpg",,"20"
"3906","Fresh Produce","Fresh Vegetables","Onion","Fresh from the Start","Fresh from the Start Bag of Onions","Fresh from the Start Bag of Onions","5.51","0.0","","5 lb bag","5 lb bag","49.jpg",,"20"
"3907","Fresh Produce","Fresh Vegetables","Onion","Market Basket","Onions Bag","Onions Bag","2.17","0.0","","2 lb","2 lb","14414.jpg",,"20"
"3908","Fresh Produce","Fresh Vegetables","Onion","Market Basket","Diced Onions","Diced Onions","5.62","0.0","","1 lb","1 lb","FP16.jpg",,"20"
"3909","Fresh Produce","Fresh Vegetables","Packaged Potato","The Little Potato Company","The Little Potato Company Baby Boomer Fresh Creamer Potatoes","The Little Potato Company Baby Boomer Fresh Creamer Potatoes","4.24","0.0","","1.5 lb","1.5 lb","38.jpg",,"20"
"3910","Fresh Produce","Fresh Vegetables","Packaged Potato","The Little Potato Company","The Little Potato Company Blushing Belle Fresh Creamer Potatoes","The Little Potato Company Blushing Belle Fresh Creamer Potatoes","5.74","0.0","","1.5 lb","1.5 lb","39.jpg",,"20"
"3911","Fresh Produce","Fresh Vegetables","Packaged Potato","The Little Potato Company","The Little Potato Company Potatoes, Fresh Creamer, Dynamic Duo","The Little Potato Company Potatoes, Fresh Creamer, Dynamic Duo","3.55","0.0","","1.5 lb","1.5 lb","37.jpg",,"20"
"3912","Fresh Produce","Fresh Vegetables","Packaged Potato","The Little Potato Company","The Little Potato Company Terrific Trio Variety Pack Fresh Creamer Potatoes","The Little Potato Company Terrific Trio Variety Pack Fresh Creamer Potatoes","3.55","0.0","","24 oz","24 oz","40.jpg",,"20"
"3913","Fresh Produce","Fresh Vegetables","Pearl Onion","Auerpak","Auerpak Gold Pearl Onions","Auerpak Gold Pearl Onions","3.21","0.0","","10 oz","10 oz","FP60.jpg",,"20"
"3914","Fresh Produce","Fresh Vegetables","Pearl Onion","Auerpak","Auerpak White Pearl Onions","Auerpak White Pearl Onions","3.21","0.0","","1 bag","1 bag","33.jpg",,"20"
"3915","Fresh Produce","Fresh Vegetables","Peas","Market Basket","Snow Peas","Snow Peas","4.44","0.0","","1 count","1 count","FP135.jpg",,"20"
"3916","Fresh Produce","Fresh Vegetables","Peas","Market Basket","Sugar Snap Peas","Sugar Snap Peas","4.16","0.0","","1 count","1 count","FP85.jpg",,"20"
"3917","Fresh Produce","Fresh Vegetables","Peas","Market Basket","Sugar Snap Peas","Sugar Snap Peas","4.7","0.0","","24 oz","24 oz","14313.jpg",,"20"
"3918","Fresh Produce","Fresh Vegetables","Peas","Market Basket","Sugar Snap Peas","Sugar Snap Peas","6.99","0.0","","1 lb","1 lb","14370.jpg",,"20"
"3919","Fresh Produce","Fresh Vegetables","Pepper","Market Basket","Field Grown Red Peppers","Field Grown Red Peppers","2.52","0.0","","1 lb","1 lb","f243.jpg",,"20"
"3920","Fresh Produce","Fresh Vegetables","Pepper","Market Basket","Green Pepper Bag","Green Pepper Bag","4.19","0.0","","3 lb bag","3 lb bag","f244.jpg",,"20"
"3921","Fresh Produce","Fresh Vegetables","Pepper","Market Basket","Italian Peppers","Italian Peppers","5.49","0.0","","1 lb","1 lb","f246.jpg",,"20"
"3922","Fresh Produce","Fresh Vegetables","Pepper","Market Basket","Jumbo Green Peppers","Jumbo Green Peppers","2.19","0.0","","1 lb","1 lb","f247.jpg",,"20"
"3923","Fresh Produce","Fresh Vegetables","Pepper","Market Basket","Poblano Peppers (Mild)","Poblano Peppers (Mild)","3.29","0.0","","1 lb","1 lb","f251.jpg",,"20"
"3924","Fresh Produce","Fresh Vegetables","Pepper","Market Basket","Red Bell Peppers","Red Bell Peppers","3.29","0.0","","1 lb","1 lb","f252.jpg",,"20"
"3925","Fresh Produce","Fresh Vegetables","Pepper","Market Basket","Stoplight Peppers","Stoplight Peppers","4.36","0.0","","1 lb","1 lb","f254.jpg",,"20"
"3926","Fresh Produce","Fresh Vegetables","Pepper","Market Basket","Ajicito Peppers Pack","Ajicito Peppers Pack","5.62","0.0","","1 lb","1 lb","FP66.jpg",,"20"
"3927","Fresh Produce","Fresh Vegetables","Pepper","Market Basket","Green Peppers","Green Peppers","1.64","0.0","","1 lb","1 lb","26.jpg",,"20"
"3928","Fresh Produce","Fresh Vegetables","Pepper","Market Basket","Chopped Peppers","Chopped Peppers","3.78","0.0","","1 count","1 count","FP104.jpg",,"20"
"3929","Fresh Produce","Fresh Vegetables","Pepper","Market Basket","Habanero Hot Peppers","Habanero Hot Peppers","6.99","0.0","","1 lb","1 lb","FP108.jpg",,"20"
"3930","Fresh Produce","Fresh Vegetables","Pepper","Market Basket","Jalapeno Pepper","Jalapeno Pepper","1.48","0.0","","1 lb bag","1 lb bag","14328.jpg",,"20"
"3931","Fresh Produce","Fresh Vegetables","Pepper","Market Basket","Mixed Peppers Pack - 4 CT","Mixed Peppers Pack - 4 CT","5.05","0.0","","1 pack","1 pack","FP79.jpg",,"20"
"3932","Fresh Produce","Fresh Vegetables","Pepper","Market Basket","Red Sweet Mini Pepper","Red Sweet Mini Pepper","4.24","0.0","","1 count","1 count","14447.jpg",,"20"
"3933","Fresh Produce","Fresh Vegetables","Pepper","Market Basket","Scotch Bonnet Peppers","Scotch Bonnet Peppers","6.99","0.0","","0.5 lb","0.5 lb","FP84.jpg",,"20"
"3934","Fresh Produce","Fresh Vegetables","Pepper","Market Basket","Stop Light Peppers","Stop Light Peppers","8.96","0.0","","1 count","1 count","FP138.jpg",,"20"
"3935","Fresh Produce","Fresh Vegetables","Pepper","Market Basket","Thai Hot Red Peppers Pack (Approx: 1 lb)","Thai Hot Red Peppers Pack (Approx: 1 lb)","4.82","0.0","","1 pack","1 pack","FP89.jpg",,"20"
"3936","Fresh Produce","Fresh Vegetables","Pepper","Market Basket","Thai Red Hot Peppers","Thai Red Hot Peppers","3.14","0.0","","1 count","1 count","FP142.jpg",,"20"
"3937","Fresh Produce","Fresh Vegetables","Pepper","Master's Touch","Master's Touch Mini Sweet Peppers","Master's Touch Mini Sweet Peppers","5.62","0.0","","1 lb","1 lb","14441.jpg",,"20"
"3938","Fresh Produce","Fresh Vegetables","Pepper","Mighty Minis","Mighty Minis Mini Peppers, Sweet","Mighty Minis Mini Peppers, Sweet","6.99","0.0","","1 lb","1 lb","14340.jpg",,"20"
"3939","Fresh Produce","Fresh Vegetables","Pepper","Oakes Farms","Oakes Farms Mini Sweet Pepper Medley","Oakes Farms Mini Sweet Pepper Medley","5.62","0.0","","1 lb","1 lb","FP117.jpg",,"20"
"3940","Fresh Produce","Fresh Vegetables","Pepper","Prime Time","Prime Time Sweet Mini Peppers","Prime Time Sweet Mini Peppers","4.24","0.0","","1 lb","1 lb","14324.jpg",,"20"
"3941","Fresh Produce","Fresh Vegetables","Pepper","Prime Time","Prime Time Sweet Mini Peppers","Prime Time Sweet Mini Peppers","6.77","0.0","","2 lb","2 lb","FP127.jpg",,"20"
"3942","Fresh Produce","Fresh Vegetables","Pepper","Royal","Royal Flavor Mini Sweet Peppers","Royal Flavor Mini Sweet Peppers","5.62","0.0","","16 oz","16 oz","17934.jpg",,"20"
"3943","Fresh Produce","Fresh Vegetables","Potato","Market Basket","Red Potatoes","Red Potatoes","4.39","0.0","","5 lb","5 lb","f258.jpg",,"20"
"3944","Fresh Produce","Fresh Vegetables","Potato","Market Basket","Russet Potatoes","Russet Potatoes","3.99","0.0","","5 lb","5 lb","f259.jpg",,"20"
"3945","Fresh Produce","Fresh Vegetables","Potato","Little Potato Company","Savory Herb","Savory Herb","4.39","0.0","","1 lb","1 lb","f260.jpg",,"20"
"3946","Fresh Produce","Fresh Vegetables","Potato","Little Potato Company","Terrific Trio Mini Potatoes","Terrific Trio Mini Potatoes","6.04","0.0","","1.5 lb","1.5 lb","f265.jpg",,"20"
"3947","Fresh Produce","Fresh Vegetables","Potato","Market Basket","White Potatoes","White Potatoes","5.49","0.0","","5 lb","5 lb","f266.jpg",,"20"
"3948","Fresh Produce","Fresh Vegetables","Potato","Market Basket","Yellow Potatoes","Yellow Potatoes","5.49","0.0","","5 lb","5 lb","f267.jpg",,"20"
"3949","Fresh Produce","Fresh Vegetables","Potato","Chelsea Creek Farms","Chelsea Creek Farms Fingerling Potatoes","Chelsea Creek Farms Fingerling Potatoes","4.7","0.0","","24 oz","24 oz","FP61.jpg",,"20"
"3950","Fresh Produce","Fresh Vegetables","Potato","Farm Pak","Farm Pak Potato","Farm Pak Potato","1.25","0.0","","7 oz","7 oz","48.jpg",,"20"
"3951","Fresh Produce","Fresh Vegetables","Potato","Market Basket","Creamer Potato Bag","Creamer Potato Bag","4.24","0.0","","5 lb bag","5 lb bag","14415.jpg",,"20"
"3952","Fresh Produce","Fresh Vegetables","Potato","Market Basket","Potato","Potato","0.99","0.0","","1 count","1 count","14314.jpg",,"20"
"3953","Fresh Produce","Fresh Vegetables","Potato","Market Basket","Valley Pride Baby Red Gourmet Potatoes","Valley Pride Baby Red Gourmet Potatoes","4.24","0.0","","2 lb","2 lb","14427.jpg",,"20"
"3954","Fresh Produce","Fresh Vegetables","Potato","Pro Health","Pro Health Smart Potatoes","Pro Health Smart Potatoes","3.99","0.0","","5 lb","5 lb","14439.jpg",,"20"
"3955","Fresh Produce","Fresh Vegetables","Radicchio","Market Basket","Fresh Radicchio","Fresh Radicchio","7.69","0.0","","1 lb","1 lb","FP63.jpg",,"20"
"3956","Fresh Produce","Fresh Vegetables","Radish","Market Basket","Cello Radishes","Cello Radishes","1.64","0.0","","1 bag(s)","1 bag(s)","f270.jpg",,"20"
"3957","Fresh Produce","Fresh Vegetables","Radish","Market Basket","Daikon Radish","Daikon Radish","2.14","0.0","","1 count","1 count","FP72.jpg",,"20"
"3958","Fresh Produce","Fresh Vegetables","Radish","Market Basket","Horseradish Root","Horseradish Root","5.62","0.0","","1 count","1 count","FP73.jpg",,"20"
"3959","Fresh Produce","Fresh Vegetables","Radish","Market Basket","Radish Bunch","Radish Bunch","1.14","0.0","","1 bunch","1 bunch","14323.jpg",,"20"
"3960","Fresh Produce","Fresh Vegetables","Red Onion","Market Basket","Jumbo Red Onions","Jumbo Red Onions","2.29","0.0","","2 lb bag","2 lb bag","14310.jpg",,"20"
"3961","Fresh Produce","Fresh Vegetables","Red Onion","Market Basket","Red Onions Bag","Red Onions Bag","4.13","0.0","","32 oz bag","32 oz bag","14381.jpg",,"20"
"3962","Fresh Produce","Fresh Vegetables","Red Potato","Market Basket","Baby red potatoes","Baby red potatoes","4.24","0.0","","1 count","1 count","14436.jpg",,"20"
"3963","Fresh Produce","Fresh Vegetables","Red Potato","Market Basket","Baby Red Potatoes","Baby Red Potatoes","4.24","0.0","","3 lb","3 lb","FP68.jpg",,"20"
"3964","Fresh Produce","Fresh Vegetables","Red Potato","Market Basket","Red Potatoes Bag","Red Potatoes Bag","4.24","0.0","","5 lb","5 lb","14358.jpg",,"20"
"3965","Fresh Produce","Fresh Vegetables","Root Vege/ Turnip","Market Basket","Kohlrabi","Kohlrabi","2.74","0.0","","1 bunch","1 bunch","f272.jpg",,"20"
"3966","Fresh Produce","Fresh Vegetables","Root Vege/ Turnip","Market Basket","Purple top Turnip","Purple top Turnip","1.09","0.0","","1 lb","1 lb","f273.jpg",,"20"
"3967","Fresh Produce","Fresh Vegetables","Russet Potato","Market Basket","Bag of Russet Potatoes","Bag of Russet Potatoes","4.01","0.0","","5 lb","5 lb","14360.jpg",,"20"
"3968","Fresh Produce","Fresh Vegetables","Russet Potato","Market Basket","Jumbo Russet Potatoes","Jumbo Russet Potatoes","4.7","0.0","","1 lb","1 lb","FP76.jpg",,"20"
"3969","Fresh Produce","Fresh Vegetables","Shallot","Market Basket","Bimber's One Large Shallot","Bimber's One Large Shallot","1.14","0.0","","1 oz","1 oz","FP98.jpg",,"20"
"3970","Fresh Produce","Fresh Vegetables","Shallot","Market Basket","Large Shallots (Pack of 4/5)","Large Shallots (Pack of 4/5)","4.13","0.0","","1 pack","1 pack","FP77.jpg",,"20"
"3971","Fresh Produce","Fresh Vegetables","Shallot","Market Basket","Product of France Shallots","Product of France Shallots","4.13","0.0","","1.22 lb","1.22 lb","FP128.jpg",,"20"
"3972","Fresh Produce","Fresh Vegetables","Shallot","Market Basket","Shallot","Shallot","3.78","0.0","","1 count","1 count","14403.jpg",,"20"
"3973","Fresh Produce","Fresh Vegetables","Shallot","Spice World","Spice World Fresh Shallots","Spice World Fresh Shallots","2.17","0.0","","3 oz bag","3 oz bag","29.jpg",,"20"
"3974","Fresh Produce","Fresh Vegetables","Soy Beans","Kiyo Foods","Kiyo Foods Edamame Soy Beans, Sea Salted, Boiled Shelled, Tub","Kiyo Foods Edamame Soy Beans, Sea Salted, Boiled Shelled, Tub","4.7","0.0","","9 oz","9 oz","14372.jpg",,"20"
"3975","Fresh Produce","Fresh Vegetables","Speciality Produce","Market Basket","Bean Sprouts","Bean Sprouts","1.83","0.0","","1 count","1 count","14397.jpg",,"20"
"3976","Fresh Produce","Fresh Vegetables","Speciality Produce","Market Basket","Giant Brand Parsnip","Giant Brand Parsnip","2.86","0.0","","1 lb","1 lb","14394.jpg",,"20"
"3977","Fresh Produce","Fresh Vegetables","Speciality Produce","Market Basket","Jicama","Jicama","2.17","0.0","","1 lb","1 lb","FP111.jpg",,"20"
"3978","Fresh Produce","Fresh Vegetables","Speciality Produce","Market Basket","Jicama","Jicama","8.21","0.0","","1 pack","1 pack","14450.jpg",,"20"
"3979","Fresh Produce","Fresh Vegetables","Speciality Produce","Market Basket","Leek","Leek","4.24","0.0","","1 lb","1 lb","14390.jpg",,"20"
"3980","Fresh Produce","Fresh Vegetables","Speciality Produce","Market Basket","Mung Bean Sprouts","Mung Bean Sprouts","1.71","0.0","","12 oz bag","12 oz bag","14371.jpg",,"20"
"3981","Fresh Produce","Fresh Vegetables","Speciality Produce","Market Basket","Purple Top Turnips pack","Purple Top Turnips pack","2.06","0.0","","1 lb","1 lb","FP82.jpg",,"20"
"3982","Fresh Produce","Fresh Vegetables","Speciality Produce","Market Basket","Rhubarb","Rhubarb","5.99","0.0","","1 lb","1 lb","FP132.jpg",,"20"
"3983","Fresh Produce","Fresh Vegetables","Speciality Produce","Market Basket","Rutabaga","Rutabaga","2.28","0.0","","1 count","1 count","14365.jpg",,"20"
"3984","Fresh Produce","Fresh Vegetables","Speciality Produce","Market Basket","Taro Root","Taro Root","1.18","0.0","","1 count","1 count","14425.jpg",,"20"
"3985","Fresh Produce","Fresh Vegetables","Speciality Produce","Market Basket","Tomatillos Pack (Approx: 1 lb)","Tomatillos Pack (Approx: 1 lb)","3.55","0.0","","1 pack","1 pack","FP90.jpg",,"20"
"3986","Fresh Produce","Fresh Vegetables","Speciality Produce","Market Basket","Turnip","Turnip","0.99","0.0","","1 count","1 count","14404.jpg",,"20"
"3987","Fresh Produce","Fresh Vegetables","Speciality Produce","Market Basket","Wangderm Banana Leaves","Wangderm Banana Leaves","2.4","0.0","","1 lb","1 lb","Market Basket.jpg",,"20"
"3988","Fresh Produce","Fresh Vegetables","Speciality Produce","Market Basket","Watercress Bunch","Watercress Bunch","2.17","0.0","","1 bunch","1 bunch","14388.jpg",,"20"
"3989","Fresh Produce","Fresh Vegetables","Speciality Produce","Market Basket","Wei Chuan Sliced Bamboo Shoots","Wei Chuan Sliced Bamboo Shoots","1.71","0.0","","19 oz","19 oz","FP145.jpg",,"20"
"3990","Fresh Produce","Fresh Vegetables","Speciality Produce","Market Basket","Yuca Root","Yuca Root","1.83","0.0","","1 lb","1 lb","FP149.jpg",,"20"
"3991","Fresh Produce","Fresh Vegetables","Speciality Produce","Monterey","Monterey Portabella Caps 6 Pack","Monterey Portabella Caps 6 Pack","5.62","0.0","","16 oz","16 oz","36.jpg",,"20"
"3992","Fresh Produce","Fresh Vegetables","Speciality Produce","Monterey","Monterey Portabellas, Gourmet, Baby","Monterey Portabellas, Gourmet, Baby","2.4","0.0","","6 oz","6 oz","35.jpg",,"20"
"3993","Fresh Produce","Fresh Vegetables","Spinach","Market Basket","Fresh Bunch Spinach","Fresh Bunch Spinach","2.19","0.0","","1 bunch","1 bunch","f276.jpg",,"20"
"3994","Fresh Produce","Fresh Vegetables","Spinach","Market Basket","Fresh Spinach bunch","Fresh Spinach bunch","6.77","0.0","","1 bunch","1 bunch","14338.jpg",,"20"
"3995","Fresh Produce","Fresh Vegetables","Spinach","Market Basket","Simple Beginnings Spinach bag","Simple Beginnings Spinach bag","2.86","0.0","","10 oz bag","10 oz bag","14300.jpg",,"20"
"3996","Fresh Produce","Fresh Vegetables","Spring Mix","Little Leaf Farms","Little Leaf Farms Baby Spring Mix","Little Leaf Farms Baby Spring Mix","3.78","0.0","","4 oz container","4 oz container","14292.jpg",,"20"
"3997","Fresh Produce","Fresh Vegetables","Squash","Market Basket","Butternut Squash (Approx: 3.5 lb)","Butternut Squash (Approx: 3.5 lb)","5.5","0.0","","1 count","1 count","f278.jpg",,"20"
"3998","Fresh Produce","Fresh Vegetables","Squash","Market Basket","Chayote","Chayote","1.09","0.0","","1 count","1 count","f279.jpg",,"20"
"3999","Fresh Produce","Fresh Vegetables","Squash","Market Basket","Long Squash (Approx: 2 - 2.5 lb)","Long Squash (Approx: 2 - 2.5 lb)","5.86","0.0","","1 count","1 count","f282.jpg",,"20"
"4000","Fresh Produce","Fresh Vegetables","Squash","Market Basket","Peeled Butternut Squash","Peeled Butternut Squash","3.62","0.0","","1 lb","1 lb","f283.jpg",,"20"
"4001","Fresh Produce","Fresh Vegetables","Squash","Market Basket","Spaghetti Squash","Spaghetti Squash","1.42","0.0","","1 lb","1 lb","f284.jpg",,"20"
"4002","Fresh Produce","Fresh Vegetables","Squash","Market Basket","Tender Zucchini Squash","Tender Zucchini Squash","1.42","0.0","","1 lb","1 lb","f285.jpg",,"20"
"4003","Fresh Produce","Fresh Vegetables","Squash","Market Basket","Acorn Squash","Acorn Squash","2.97","0.0","","1 count","1 count","14344.jpg",,"20"
"4004","Fresh Produce","Fresh Vegetables","Squash","Market Basket","Butternut Squash","Butternut Squash","15.49","0.0","","1 count","1 count","14428.jpg",,"20"
"4005","Fresh Produce","Fresh Vegetables","Squash","Market Basket","Calabaza Squash","Calabaza Squash","2.86","0.0","","1 lb","1 lb","FP101.jpg",,"20"
"4006","Fresh Produce","Fresh Vegetables","Squash","Market Basket","Kabocha Squash","Kabocha Squash","1.99","0.0","","1 lb","1 lb","FP112.jpg",,"20"
"4007","Fresh Produce","Fresh Vegetables","Squash","Market Basket","Zucchini Squash (Approx: 1.5-2 lb)","Zucchini Squash (Approx: 1.5-2 lb)","8.99","0.0","","1 count","1 count","14387.jpg",,"20"
"4008","Fresh Produce","Fresh Vegetables","Sweet Onion","Market Basket","Sweet Onion","Sweet Onion","0.99","0.0","","1 ct","1 ct","14294.jpg",,"20"
"4009","Fresh Produce","Fresh Vegetables","Sweet Onion","Market Basket","Sweet Vidalia Onions, Bag","Sweet Vidalia Onions, Bag","5.51","0.0","","10 lb bag","10 lb bag","14339.jpg",,"20"
"4010","Fresh Produce","Fresh Vegetables","Sweet Onion","Mayan Sweets","Mayan Sweets Sweet Onions Premium, Bag","Mayan Sweets Sweet Onions Premium, Bag","3.78","0.0","","3 lb","3 lb","14401.jpg",,"20"
"4011","Fresh Produce","Fresh Vegetables","Sweet Potato","Farm Pak Sweet Potatoes","Oriental Yam","Oriental Yam","1.81","0.0","","1 lb","1 lb","f287.jpg",,"20"
"4012","Fresh Produce","Fresh Vegetables","Sweet Potato","Farm Pak","Farm Pak Sweet Potatoes, Net","Farm Pak Sweet Potatoes, Net","3.21","0.0","","5 lb","5 lb","47.jpg",,"20"
"4013","Fresh Produce","Fresh Vegetables","Sweet Potato","Market Basket","Southern Produce Distributors Sweet Potatoes Triple Washed","Southern Produce Distributors Sweet Potatoes Triple Washed","3.21","0.0","","1.5 lb","1.5 lb","FP136.jpg",,"20"
"4014","Fresh Produce","Fresh Vegetables","Sweet Potato","Market Basket","Southern's Sweet Potatoes Bag","Southern's Sweet Potatoes Bag","2.99","0.0","","3 lb bag","3 lb bag","14326.jpg",,"20"
"4015","Fresh Produce","Fresh Vegetables","Sweet Potato","Market Basket","Sweet Potato (Yam)","Sweet Potato (Yam)","3.21","0.0","","3 lb bag","3 lb bag","14327.jpg",,"20"
"4016","Fresh Produce","Fresh Vegetables","Sweet Potato","Market Basket","Sweet Potato Bag","Sweet Potato Bag","2.17","0.0","","1.5 lb bag","1.5 lb bag","14308.jpg",,"20"
"4017","Fresh Produce","Fresh Vegetables","Sweet Potato","Market Basket","Sweet Potatoes","Sweet Potatoes","4.24","0.0","","3 lb bag","3 lb bag","FP140.jpg",,"20"
"4018","Fresh Produce","Fresh Vegetables","Sweet Potato","Market Basket","Sweet Potatoes Microwavable","Sweet Potatoes Microwavable","3.44","0.0","","1 count","1 count","FP141.jpg",,"20"
"4019","Fresh Produce","Fresh Vegetables","Tomato","Market Basket","Backyard Cluster Tomatoes","Backyard Cluster Tomatoes","3.29","0.0","","1 lb","1 lb","f290.jpg",,"20"
"4020","Fresh Produce","Fresh Vegetables","Tomato","Market Basket","Candy Clamshell Tomatoes","Candy Clamshell Tomatoes","3.7","0.0","","1 lb","1 lb","f291.jpg",,"20"
"4021","Fresh Produce","Fresh Vegetables","Tomato","Market Basket","Compari Tomatoes","Compari Tomatoes","4.89","0.0","","1 lb","1 lb","f293.jpg",,"20"
"4022","Fresh Produce","Fresh Vegetables","Tomato","Market Basket","Greenhouse Tomatoes","Greenhouse Tomatoes","1.64","0.0","","1 lb","1 lb","Market Basket.jpg",,"20"
"4023","Fresh Produce","Fresh Vegetables","Tomato","Market Basket","Kumato Tomatoes","Kumato Tomatoes","4.39","0.0","","1 lb","1 lb","f297.jpg",,"20"
"4024","Fresh Produce","Fresh Vegetables","Tomato","Market Basket","Roma Plum Tomatoes","Roma Plum Tomatoes","1.23","0.0","","1 lb","1 lb","f298.jpg",,"20"
"4025","Fresh Produce","Fresh Vegetables","Tomato","Market Basket","Value Pack Cherub Tomatoes","Value Pack Cherub Tomatoes","5.99","0.0","","1 lb","1 lb","f300.jpg",,"20"
"4026","Fresh Produce","Fresh Vegetables","Tomato","Market Basket","Vine Ripened Tomatoes","Vine Ripened Tomatoes","2.52","0.0","","1 lb","1 lb","f301.jpg",,"20"
"4027","Fresh Produce","Fresh Vegetables","Tomato","Cherubs","Cherubs Heavenly Salad Tomatoes","Cherubs Heavenly Salad Tomatoes","3.99","0.0","","10 oz","10 oz","14299.jpg",,"20"
"4028","Fresh Produce","Fresh Vegetables","Tomato","Market Basket","On The Vine Tomatoes","On The Vine Tomatoes","2.17","0.0","","1 lb","1 lb","FP118.jpg",,"20"
"4029","Fresh Produce","Fresh Vegetables","Tomato","Market Basket","Red Stem Cluster Tomatoes (Approx: 4 or 5)","Red Stem Cluster Tomatoes (Approx: 4 or 5)","2.47","0.0","","1 count","1 count","FP130.jpg",,"20"
"4030","Fresh Produce","Fresh Vegetables","Tomato","Market Basket","Roma Plum Tomatoes","Roma Plum Tomatoes","0.39","0.0","","1 count","1 count","24.jpg",,"20"
"4031","Fresh Produce","Fresh Vegetables","Tomato","Market Basket","Roma Plum Tomatoes","Roma Plum Tomatoes","1.29","0.0","","1 lb","1 lb","FP204.jpg",,"20"
"4032","Fresh Produce","Fresh Vegetables","Tomato","Market Basket","Roma Tomato","Roma Tomato","0.39","0.0","","1 count","1 count","14377.jpg",,"20"
"4033","Fresh Produce","Fresh Vegetables","Tomato","Market Basket","Tomatoes Campari","Tomatoes Campari","6.99","0.0","","2 lb","2 lb","14379.jpg",,"20"
"4034","Fresh Produce","Fresh Vegetables","Tumeric","Market Basket","Turmeric Root Fresh Pack (Approx: 1 lb)","Turmeric Root Fresh Pack (Approx: 1 lb)","16.89","0.0","","1 pack","1 pack","FP91.jpg",,"20"
"4035","Fresh Produce","Fresh Vegetables","White Onion","Market Basket","White Boiling Onions","White Boiling Onions","1.71","0.0","","1 count","1 count","FP92.jpg",,"20"
"4036","Fresh Produce","Fresh Vegetables","White Onion","Market Basket","White Onion","White Onion","1.12","0.0","","1 count","1 count","14331.jpg",,"20"
"4037","Fresh Produce","Fresh Vegetables","White Potato","Fresh from the Start","Fresh from the Start White Potatoes","Fresh from the Start White Potatoes","4.24","0.0","","5 lb","5 lb","14405.jpg",,"20"
"4038","Fresh Produce","Fresh Vegetables","White Potato","Market Basket","White Potatoes bag","White Potatoes bag","4.24","0.0","","5 lb","5 lb","FP147.jpg",,"20"
"4039","Fresh Produce","Fresh Vegetables","Yellow Onion","Market Basket","Yellow Jumbo Onions","Yellow Jumbo Onions","1.48","0.0","","1 lb","1 lb","FP148.jpg",,"20"
"4040","Fresh Produce","Fresh Vegetables","Yellow Onion","Market Basket","Yellow Onions","Yellow Onions","1.71","0.0","","2 lb","2 lb","14368.jpg",,"20"
"4041","Fresh Produce","Fresh Vegetables","Yellow Potato","Chelsea Creek Farms","Chelsea Creek Farms Yellow Creamer Potatoes","Chelsea Creek Farms Yellow Creamer Potatoes","4.24","0.0","","2 lb","2 lb","46.jpg",,"20"
"4042","Fresh Produce","Fresh Vegetables","Yuca","Market Basket","Yuca","Yuca","1.42","0.0","","1 lb","1 lb","f302.jpg",,"20"
"4043","Meat & Seafood","Meat & Seafood Counter","Beef","85% Lean","85% Lean Beef Burgers","85% Lean Beef Burgers","8.59","0.0","","1 lb","1 lb","No Image.jpg",,"22"
"4044","Meat & Seafood","Meat & Seafood Counter","Beef","Market Basket","85% Lean Ground Beef","85% Lean Ground Beef","5.99","0.0","","1 lb","1 lb","16673.jpg",,"22"
"4045","Meat & Seafood","Meat & Seafood Counter","Beef","Angus Beef","Angus Beef Boneless Chuck Eye Steak","Angus Beef Boneless Chuck Eye Steak","6.49","0.0","","1 lb","1 lb","No Image.jpg",,"22"
"4046","Meat & Seafood","Meat & Seafood Counter","Beef","Ball Park","Ball Park Fully-Cooked Flame Grilled Original Beef Patties, Frozen","Ball Park Fully-Cooked Flame Grilled Original Beef Patties, Frozen","2.49","0.0","","1 lb","1 lb","4050.jpg",,"1"
"4047","Meat & Seafood","Meat & Seafood Counter","Beef","Certified Angus Beef","Certified Angus Beef Boneless Chuck Stew","Certified Angus Beef Boneless Chuck Stew","10.04","0.0","","1 lb","1 lb","16670.jpg",,"22"
"4048","Meat & Seafood","Meat & Seafood Counter","Beef","Certified Angus Beef","Certified Angus Beef Boneless Strip Steak USDA Prime","Certified Angus Beef Boneless Strip Steak USDA Prime","9.99","0.0","","0.7 lb","0.7 lb","4048.jpg",,"22"
"4049","Meat & Seafood","Meat & Seafood Counter","Beef","Certified Angus Beef","Certified Angus Beef Cap Off London Broil","Certified Angus Beef Cap Off London Broil","4.09","0.0","","1 lb","1 lb","No Image.jpg",,"22"
"4050","Meat & Seafood","Meat & Seafood Counter","Beef","Certified Angus Beef","Certified Angus Beef First Cut Top Steak","Certified Angus Beef First Cut Top Steak","4.89","0.0","","1 lb","1 lb","No Image.jpg",,"22"
"4051","Meat & Seafood","Meat & Seafood Counter","Beef","Certified Angus Beef","Certified Angus Beef Sirloin Tip Steaks USDA Choice","Certified Angus Beef Sirloin Tip Steaks USDA Choice","14.98","0.0","","1 lb","1 lb","No Image.jpg",,"22"
"4052","Meat & Seafood","Meat & Seafood Counter","Beef","Certified Angus Beef","Certified Angus Beef Thin Boneless Chuck Steak","Certified Angus Beef Thin Boneless Chuck Steak","6.69","0.0","","1 lb","1 lb","No Image.jpg",,"22"
"4053","Meat & Seafood","Meat & Seafood Counter","Beef","Excel","Excel Beef Feet","Excel Beef Feet","3.19","0.0","","Approx: 1.00 lb at $3.19/lb","Approx: 1.00 lb at $3.19/lb","No Image.jpg",,"22"
"4054","Meat & Seafood","Meat & Seafood Counter","Beef","Extra","93% Lean 7% Fat Extra Lean Beef Patties","93% Lean 7% Fat Extra Lean Beef Patties","6.39","0.0","","1 lb","1 lb","No Image.jpg",,"22"
"4055","Meat & Seafood","Meat & Seafood Counter","Beef","Kayem","Kayem Boston Red Sox Fenway Franks Beef","Kayem Boston Red Sox Fenway Franks Beef","4.99","0.0","","1 lb","1 lb","16667.jpg",,"1"
"4056","Meat & Seafood","Meat & Seafood Counter","Beef","Market Basket","90% Ground Beef","90% Ground Beef","6.49","0.0","","1 lb","1 lb","16665.jpg",,"22"
"4057","Meat & Seafood","Meat & Seafood Counter","Beef","Market Basket","90% Lean Ground Sirloin","90% Lean Ground Sirloin","6.49","0.0","","1 lb","1 lb","16664.jpg",,"22"
"4058","Meat & Seafood","Meat & Seafood Counter","Beef","Market Basket","Beef Boneless Eye Round Roast","Beef Boneless Eye Round Roast","15.58","0.0","","Approx: 2.69 lb at $5.79/lb","Approx: 2.69 lb at $5.79/lb","Market Basket.jpg",,"22"
"4059","Meat & Seafood","Meat & Seafood Counter","Beef","Market Basket","Beef Franks","Beef Franks","4.29","0.0","","1 lb","1 lb","Market Basket.jpg",,"22"
"4060","Meat & Seafood","Meat & Seafood Counter","Beef","Market Basket","Beef Oxtail","Beef Oxtail","13.41","0.0","","Approx: 1.37 lb at $9.79/lb","Approx: 1.37 lb at $9.79/lb","Market Basket.jpg",,"22"
"4061","Meat & Seafood","Meat & Seafood Counter","Beef","Market Basket","Beef Stock","Beef Stock","2.49","0.0","","1 lb","1 lb","Market Basket.jpg",,"22"
"4062","Meat & Seafood","Meat & Seafood Counter","Beef","Market Basket","Boneless Beef Chuck","Boneless Beef Chuck","4.89","0.0","","1 lb","1 lb","Market Basket.jpg",,"22"
"4063","Meat & Seafood","Meat & Seafood Counter","Beef","Market Basket","Boneless Eye of Round Beef Steak","Boneless Eye of Round Beef Steak","6.09","0.0","","1 lb","1 lb","Market Basket.jpg",,"22"
"4064","Meat & Seafood","Meat & Seafood Counter","Beef","Market Basket","Boneless Thin Chuck","Boneless Thin Chuck","6.09","0.0","","1 lb","1 lb","Market Basket.jpg",,"22"
"4065","Meat & Seafood","Meat & Seafood Counter","Beef","Market Basket","Bottom Round Beef Roast","Bottom Round Beef Roast","5.49","0.0","","1 lb","1 lb","Market Basket.jpg",,"22"
"4066","Meat & Seafood","Meat & Seafood Counter","Beef","Market Basket","Corned Beef","Corned Beef","8.59","0.0","","1 lb","1 lb","Market Basket.jpg",,"22"
"4067","Meat & Seafood","Meat & Seafood Counter","Beef","Market Basket","Ground Beef Chub 80/20","Ground Beef Chub 80/20","13.49","0.0","","3 lb","3 lb","Market Basket.jpg",,"22"
"4068","Meat & Seafood","Meat & Seafood Counter","Beef","Market Basket","Market Basket 7 Bone USDA Choice Chuck Roast","Market Basket 7 Bone USDA Choice Chuck Roast","4.79","0.0","","1 lb","1 lb","Market Basket.jpg",,"22"
"4069","Meat & Seafood","Meat & Seafood Counter","Beef","Market Basket","Market Basket 80% Lean Ground Beef","Market Basket 80% Lean Ground Beef","3.69","0.0","","1 lb","1 lb","4047.jpg",,"22"
"4070","Meat & Seafood","Meat & Seafood Counter","Beef","Market Basket","Market Basket 85% Lean Ground Beef","Market Basket 85% Lean Ground Beef","6.14","0.0","","Approx: 1.16 lb at $5.29/lb","Approx: 1.16 lb at $5.29/lb","4035.jpg",,"22"
"4071","Meat & Seafood","Meat & Seafood Counter","Beef","Market Basket","Market Basket 85% Lean Ground Beef","Market Basket 85% Lean Ground Beef","11.69","0.0","","1 lb","1 lb","4045.jpg",,"22"
"4072","Meat & Seafood","Meat & Seafood Counter","Beef","Market Basket","Market Basket 85% Lean Ground Patties 6 Pack","Market Basket 85% Lean Ground Patties 6 Pack","6.19","0.0","","Approx: 1.27 lb at $4.89/lb","Approx: 1.27 lb at $4.89/lb","Market Basket.jpg",,"22"
"4073","Meat & Seafood","Meat & Seafood Counter","Beef","Market Basket","Market Basket Beef Bottom Round Rump Roast","Market Basket Beef Bottom Round Rump Roast","15.26","0.0","","Approx: 3.12 lb at $4.89/lb","Approx: 3.12 lb at $4.89/lb","Market Basket.jpg",,"22"
"4074","Meat & Seafood","Meat & Seafood Counter","Beef","Market Basket","Market Basket Beef Chuck Boneless Beef For Stew","Market Basket Beef Chuck Boneless Beef For Stew","9.48","0.0","","Approx: 1.46 lb at $6.49/lb","Approx: 1.46 lb at $6.49/lb","4036.jpg",,"22"
"4075","Meat & Seafood","Meat & Seafood Counter","Beef","Market Basket","Market Basket Beef Chuck Boneless Chuck Roast","Market Basket Beef Chuck Boneless Chuck Roast","4.79","0.0","","1 lb","1 lb","Market Basket.jpg",,"22"
"4076","Meat & Seafood","Meat & Seafood Counter","Beef","Market Basket","Market Basket Beef Chuck Boneless Top Blade Steak","Market Basket Beef Chuck Boneless Top Blade Steak","9.74","0.0","","Approx: 1.50 lb at $6.49/lb","Approx: 1.50 lb at $6.49/lb","Market Basket.jpg",,"22"
"4077","Meat & Seafood","Meat & Seafood Counter","Beef","Market Basket","Market Basket Beef Chuck Fillet Roast","Market Basket Beef Chuck Fillet Roast","12.91","0.0","","Approx: 2.31 lb at $5.59/lb","Approx: 2.31 lb at $5.59/lb","Market Basket.jpg",,"22"
"4078","Meat & Seafood","Meat & Seafood Counter","Beef","Market Basket","Market Basket Beef Chuck London Broil Shoulder Steak","Market Basket Beef Chuck London Broil Shoulder Steak","6.32","0.0","","Approx: 1.44 lb at $4.39/lb","Approx: 1.44 lb at $4.39/lb","Market Basket.jpg",,"22"
"4079","Meat & Seafood","Meat & Seafood Counter","Beef","Market Basket","Market Basket Beef Extra Thin Bottom Round","Market Basket Beef Extra Thin Bottom Round","7.11","0.0","","Approx: 1.17 lb at $6.09/lb","Approx: 1.17 lb at $6.09/lb","Market Basket.jpg",,"22"
"4080","Meat & Seafood","Meat & Seafood Counter","Beef","Market Basket","Market Basket Beef Eye Round Sandwich Steaks","Market Basket Beef Eye Round Sandwich Steaks","6.09","0.0","","Approx: 1.00 lb at $6.09/lb","Approx: 1.00 lb at $6.09/lb","Market Basket.jpg",,"22"
"4081","Meat & Seafood","Meat & Seafood Counter","Beef","Market Basket","Market Basket Beef Honeycomb Tripe","Market Basket Beef Honeycomb Tripe","5.39","0.0","","1 lb","1 lb","Market Basket.jpg",,"22"
"4082","Meat & Seafood","Meat & Seafood Counter","Beef","Market Basket","Market Basket Beef Liver","Market Basket Beef Liver","2.59","0.0","","Approx: 1.30 lb at $1.99/lb","Approx: 1.30 lb at $1.99/lb","Market Basket.jpg",,"22"
"4083","Meat & Seafood","Meat & Seafood Counter","Beef","Market Basket","Market Basket Beef Loin Choice Sirloin Tips","Market Basket Beef Loin Choice Sirloin Tips","14.68","0.0","","Approx: 1.50 lb at $9.79/lb","Approx: 1.50 lb at $9.79/lb","Market Basket.jpg",,"22"
"4084","Meat & Seafood","Meat & Seafood Counter","Beef","Market Basket","Market Basket Beef Loin Chops Sirloin Tips","Market Basket Beef Loin Chops Sirloin Tips","13.96","0.0","","Approx: 1.28 lb at $10.9/lb","Approx: 1.28 lb at $10.9/lb","4043.jpg",,"22"
"4085","Meat & Seafood","Meat & Seafood Counter","Beef","Market Basket","Market Basket Beef Loin Strip Boneless Sirloin Steak","Market Basket Beef Loin Strip Boneless Sirloin Steak","14.63","0.0","","Approx: 1.21 lb at $12.1/lb","Approx: 1.21 lb at $12.1/lb","4040.jpg",,"22"
"4086","Meat & Seafood","Meat & Seafood Counter","Beef","Market Basket","Market Basket Beef Loin Strip Boneless Sirloin Steak","Market Basket Beef Loin Strip Boneless Sirloin Steak","12.75","0.0","","Approx: 1.17 lb at $10.9/lb","Approx: 1.17 lb at $10.9/lb","Market Basket.jpg",,"22"
"4087","Meat & Seafood","Meat & Seafood Counter","Beef","Market Basket","Market Basket Beef Loin T Bone Steak","Market Basket Beef Loin T Bone Steak","11.26","0.0","","Approx: 1.15 lb at $9.79/lb","Approx: 1.15 lb at $9.79/lb","Market Basket.jpg",,"22"
"4088","Meat & Seafood","Meat & Seafood Counter","Beef","Market Basket","Market Basket Beef Rib Eye Select Delmonico Steak","Market Basket Beef Rib Eye Select Delmonico Steak","12.95","0.0","","Approx: 0.97 lb at $13.4/lb","Approx: 0.97 lb at $13.4/lb","Market Basket.jpg",,"22"
"4089","Meat & Seafood","Meat & Seafood Counter","Beef","Market Basket","Market Basket Beef Round Cube Steak","Market Basket Beef Round Cube Steak","4.29","0.0","","Approx: 1.00 lb at $4.29/lb","Approx: 1.00 lb at $4.29/lb","Market Basket.jpg",,"22"
"4090","Meat & Seafood","Meat & Seafood Counter","Beef","Market Basket","Market Basket Beef Round Extra Lean For Stew","Market Basket Beef Round Extra Lean For Stew","7.06","0.0","","Approx: 1.16 lb at $6.09/lb","Approx: 1.16 lb at $6.09/lb","4041.jpg",,"22"
"4091","Meat & Seafood","Meat & Seafood Counter","Beef","Market Basket","Market Basket Beef Semi Boneless Large End Rib Steak","Market Basket Beef Semi Boneless Large End Rib Steak","13.41","0.0","","Approx: 1.11 lb at $12.1/lb","Approx: 1.11 lb at $12.1/lb","Market Basket.jpg",,"22"
"4092","Meat & Seafood","Meat & Seafood Counter","Beef","Market Basket","Market Basket Boneless NY Sirloin Petite Select","Market Basket Boneless NY Sirloin Petite Select","9.83","0.0","","Approx: 1.33 lb at $7.39/lb","Approx: 1.33 lb at $7.39/lb","Market Basket.jpg",,"22"
"4093","Meat & Seafood","Meat & Seafood Counter","Beef","Market Basket","Market Basket Bottom Round Roast Sliced","Market Basket Bottom Round Roast Sliced","4.89","0.0","","Approx: 1.00 lb at $4.89/lb","Approx: 1.00 lb at $4.89/lb","Market Basket.jpg",,"22"
"4094","Meat & Seafood","Meat & Seafood Counter","Beef","Market Basket","Market Basket Certified Angus Beef Boneless Chuck Roast","Market Basket Certified Angus Beef Boneless Chuck Roast","17.17","0.0","","Approx: 2.82 lb at $6.09/lb","Approx: 2.82 lb at $6.09/lb","Market Basket.jpg",,"22"
"4095","Meat & Seafood","Packaged Meat & Seafood","Beef","Market Basket","Market Basket Certified Angus Beef Prime Boneless Rib Eye Steak","Market Basket Certified Angus Beef Prime Boneless Rib Eye Steak","16.25","0.0","","0.75 lb","0.75 lb","Market Basket.jpg",,"22"
"4096","Meat & Seafood","Meat & Seafood Counter","Beef","Market Basket","Market Basket Certified Angus Beef Bottom Round Roast","Market Basket Certified Angus Beef Bottom Round Roast","17.3","0.0","","Approx: 2.84 lb at $6.09/lb","Approx: 2.84 lb at $6.09/lb","Market Basket.jpg",,"22"
"4097","Meat & Seafood","Meat & Seafood Counter","Beef","Market Basket","Market Basket Certified Angus Beef Tenderloin Steak","Market Basket Certified Angus Beef Tenderloin Steak","23.19","0.0","","Approx: 1.00 lb at $23.1/lb","Approx: 1.00 lb at $23.1/lb","Market Basket.jpg",,"22"
"4098","Meat & Seafood","Meat & Seafood Counter","Beef","Market Basket","Market Basket Certified Angus Beef Underblade Steak","Market Basket Certified Angus Beef Underblade Steak","8.28","0.0","","Approx: 1.41 lb at $5.89/lb","Approx: 1.41 lb at $5.89/lb","Market Basket.jpg",,"22"
"4099","Meat & Seafood","Meat & Seafood Counter","Beef","Market Basket","Market Basket Choice Beef Tenderloin Steak","Market Basket Choice Beef Tenderloin Steak","21.99","0.0","","1 lb","1 lb","Market Basket.jpg",,"22"
"4100","Meat & Seafood","Meat & Seafood Counter","Beef","Market Basket","Market Basket Ground Veal","Market Basket Ground Veal","9.0","0.0","","Approx: 1.06 lb at $8.49/lb","Approx: 1.06 lb at $8.49/lb","Market Basket.jpg",,"22"
"4101","Meat & Seafood","Meat & Seafood Counter","Beef","Market Basket","Market Basket New York Sirloin Sirloin Boneless Rump Tips","Market Basket New York Sirloin Sirloin Boneless Rump Tips","10.39","0.0","","Approx: 1.21 lb at $8.59/lb","Approx: 1.21 lb at $8.59/lb","Market Basket.jpg",,"22"
"4102","Meat & Seafood","Meat & Seafood Counter","Beef","Market Basket","Market Basket Rumba Beef Hind Shank USDA Choice","Market Basket Rumba Beef Hind Shank USDA Choice","6.5","0.0","","Approx: 1.00 lb at $6.49/lb","Approx: 1.00 lb at $6.49/lb","Market Basket.jpg",,"22"
"4103","Meat & Seafood","Meat & Seafood Counter","Beef","Market Basket","Market Basket Stir Fry Beef","Market Basket Stir Fry Beef","6.69","0.0","","Approx: 1.00 lb at $6.69/lb","Approx: 1.00 lb at $6.69/lb","Market Basket.jpg",,"22"
"4104","Meat & Seafood","Meat & Seafood Counter","Beef","Market Basket","Obertos All-Natural Peppered Beef Jerky","Obertos All-Natural Peppered Beef Jerky","6.69","0.0","","1 lb","1 lb","Market Basket.jpg",,"22"
"4105","Meat & Seafood","Meat & Seafood Counter","Catfish","Market Basket","Market Basket Catfish Fillets","Market Basket Catfish Fillets","6.36","0.0","","Approx: 0.74 lb at $8.59/lb","Approx: 0.74 lb at $8.59/lb","4068.jpg",,"22"
"4106","Meat & Seafood","Meat & Seafood Counter","Chicken","Thin 'n Trim","Thin 'n Trim Chicken Sausage, Apple And Cinnamon","Thin 'n Trim Chicken Sausage, Apple And Cinnamon","3.29","0.0","","1 lb","1 lb","No Image.jpg",,"22"
"4107","Meat & Seafood","Meat & Seafood Counter","Chicken","Alfresco","Alfresco Meatballs, Chicken, Gourmet, Italian Style","Alfresco Meatballs, Chicken, Gourmet, Italian Style","6.69","0.0","","1 lb","1 lb","4064.jpg",,"1"
"4108","Meat & Seafood","Meat & Seafood Counter","Chicken","Bell & Evans","Bell & Evans Chicken","Bell & Evans Chicken","14.09","0.0","","1 lb","1 lb","No Image.jpg",,"22"
"4109","Meat & Seafood","Meat & Seafood Counter","Chicken","Chung's","Chung's Chicken Pot Stickers","Chung's Chicken Pot Stickers","5.79","0.0","","1 lb","1 lb","No Image.jpg",,"18"
"4110","Meat & Seafood","Meat & Seafood Counter","Chicken","Harvestland","Harvestland Ground Chicken","Harvestland Ground Chicken","4.89","0.0","","1 lb","1 lb","4059.jpg",,"22"
"4111","Meat & Seafood","Meat & Seafood Counter","Chicken","Market Basket","Chicken Florentine","Chicken Florentine","6.09","0.0","","1 lb","1 lb","Market Basket.jpg",,"22"
"4112","Meat & Seafood","Meat & Seafood Counter","Chicken","Market Basket","Market Basket Asian Sweet Chili Chicken Tips","Market Basket Asian Sweet Chili Chicken Tips","6.6","0.0","","Approx: 1.20 lb at $5.49/lb","Approx: 1.20 lb at $5.49/lb","Market Basket.jpg",,"22"
"4113","Meat & Seafood","Meat & Seafood Counter","Chicken","Market Basket","Market Basket Chicken Drumsticks","Market Basket Chicken Drumsticks","12.4","0.0","","Approx: 2.30 lb at $5.39/lb","Approx: 2.30 lb at $5.39/lb","Market Basket.jpg",,"22"
"4114","Meat & Seafood","Meat & Seafood Counter","Chicken","Perdue","Perdue Chicken","Perdue Chicken","5.59","0.0","","1 lb","1 lb","No Image.jpg",,"22"
"4115","Meat & Seafood","Meat & Seafood Counter","Chicken","Springer","Springer All Natural Whole Chicken","Springer All Natural Whole Chicken","57.95","0.0","","Approx: 5.04 lb at $11.5/lb","Approx: 5.04 lb at $11.5/lb","No Image.jpg",,"22"
"4116","Meat & Seafood","Meat & Seafood Counter","Chicken Breast","Market Basket","Boneless Skinless Chicken Breast with rib meat","Boneless Skinless Chicken Breast with rib meat","11.99","0.0","","2.5 pound","2.5 pound","16663.jpg",,"22"
"4117","Meat & Seafood","Meat & Seafood Counter","Chicken Breast","Harvestland","Harvestland Fully Cooked Grilled Chicken Breast Strips","Harvestland Fully Cooked Grilled Chicken Breast Strips","8.59","0.0","","1 lb","1 lb","No Image.jpg",,"22"
"4118","Meat & Seafood","Meat & Seafood Counter","Chicken Breast","Market Basket","Boneless Skinless Chicken Breast with rib meat","Boneless Skinless Chicken Breast with rib meat","4.99","0.0","","1 lb","1 lb","16683.jpg",,"22"
"4119","Meat & Seafood","Meat & Seafood Counter","Chicken Breast","Market Basket","Chicken breast in Teriyaki Sauce","Chicken breast in Teriyaki Sauce","4.89","0.0","","1 lb","1 lb","Market Basket.jpg",,"22"
"4120","Meat & Seafood","Meat & Seafood Counter","Chicken Breast","Market Basket","Market Basket Boneless & Skinless Chicken Breast","Market Basket Boneless & Skinless Chicken Breast","4.99","0.0","","1 lb","1 lb","4052.jpg",,"22"
"4121","Meat & Seafood","Meat & Seafood Counter","Chicken Breast","Market Basket","Market Basket Boneless Skinless Chicken Breast with rib meat","Market Basket Boneless Skinless Chicken Breast with rib meat","11.99","0.0","","Approx: 2.41 lb at $5.29/lb","Approx: 2.41 lb at $5.29/lb","4053.jpg",,"22"
"4122","Meat & Seafood","Meat & Seafood Counter","Chicken Breast","Market Basket","Market Basket Boneless Skinless Chicken Breasts with Rib Meat","Market Basket Boneless Skinless Chicken Breasts with Rib Meat","6.24","0.0","","Approx: 1.50 lb","Approx: 1.50 lb","4054.jpg",,"22"
"4123","Meat & Seafood","Meat & Seafood Counter","Chicken Breast","Market Basket","Market Basket Split Young Chicken Breast With Ribs","Market Basket Split Young Chicken Breast With Ribs","4.16","0.0","","Approx: 2.09 lb at $1.99/lb","Approx: 2.09 lb at $1.99/lb","Market Basket.jpg",,"22"
"4124","Meat & Seafood","Meat & Seafood Counter","Chicken Breast","Perdue","Perdue Boneless Skinless Chicken Breast","Perdue Boneless Skinless Chicken Breast","8.59","0.0","","1 lb","1 lb","4058.jpg",,"22"
"4125","Meat & Seafood","Meat & Seafood Counter","Chicken Breast","Perdue","Perdue Chicken Breast","Perdue Chicken Breast","4.89","0.0","","1 lb","1 lb","No Image.jpg",,"22"
"4126","Meat & Seafood","Meat & Seafood Counter","Chicken Breast","Perdue","Perdue Thin Sliced Chicken Breasts","Perdue Thin Sliced Chicken Breasts","4.89","0.0","","1 lb","1 lb","No Image.jpg",,"22"
"4127","Meat & Seafood","Meat & Seafood Counter","Chicken Breast","Perdue","Perdue Thin Sliced Skinless Chicken Breast","Perdue Thin Sliced Skinless Chicken Breast","4.89","0.0","","1 lb","1 lb","No Image.jpg",,"22"
"4128","Meat & Seafood","Meat & Seafood Counter","Chicken Breast","Springer","Springer Farms Skinless Chicken Breast","Springer Farms Skinless Chicken Breast","6.09","0.0","","1 lb","1 lb","No Image.jpg",,"22"
"4129","Meat & Seafood","Meat & Seafood Counter","Chicken Breast","Springer","Springer Thin Sliced Chicken Breast","Springer Thin Sliced Chicken Breast","9.43","0.0","","Approx: 1.41 lb at $6.69/lb","Approx: 1.41 lb at $6.69/lb","16680.jpg",,"22"
"4130","Meat & Seafood","Meat & Seafood Counter","Chicken Tenderloins","Market Basket","Chicken Tenderloins","Chicken Tenderloins","5.49","0.0","","1 lb","1 lb","Market Basket.jpg",,"22"
"4131","Meat & Seafood","Meat & Seafood Counter","Chicken Tenderloins","Market Basket","Chicken Tenders Platter","Chicken Tenders Platter","26.89","0.0","","1 lb","1 lb","Market Basket.jpg",,"22"
"4132","Meat & Seafood","Meat & Seafood Counter","Chicken Tenderloins","Market Basket","Mb Boneless Tenders","Mb Boneless Tenders","4.49","0.0","","1 lb","1 lb","Market Basket.jpg",,"22"
"4133","Meat & Seafood","Meat & Seafood Counter","Chicken Thighs","Market Basket","Chicken Thigh Fillets","Chicken Thigh Fillets","6.99","0.0","","1 lb","1 lb","Market Basket.jpg",,"22"
"4134","Meat & Seafood","Meat & Seafood Counter","Chicken Thighs","Market Basket","Chicken Thighs","Chicken Thighs","1.09","0.0","","1 lb","1 lb","Market Basket.jpg",,"22"
"4135","Meat & Seafood","Meat & Seafood Counter","Chicken Thighs","Market Basket","Market Basket Chicken Thighs Skin On","Market Basket Chicken Thighs Skin On","3.38","0.0","","Approx: 2.00 lb at $1.69/lb","Approx: 2.00 lb at $1.69/lb","Market Basket.jpg",,"22"
"4136","Meat & Seafood","Meat & Seafood Counter","Chicken Wings","Market Basket","Hot-N-Ready Buffalo Chicken Wings","Hot-N-Ready Buffalo Chicken Wings","7.39","0.0","","1 lb","1 lb","Market Basket.jpg",,"22"
"4137","Meat & Seafood","Meat & Seafood Counter","Clams","Market Basket","Market Basket Downeast Steamer Clams","Market Basket Downeast Steamer Clams","11.82","0.0","","Approx: 1.60 lb at $7.39/lb","Approx: 1.60 lb at $7.39/lb","Market Basket.jpg",,"22"
"4138","Meat & Seafood","Meat & Seafood Counter","Clams","Market Basket","Market Basket Minced Clams","Market Basket Minced Clams","5.79","0.0","","Approx: 0.95 lb at $6.09/lb","Approx: 0.95 lb at $6.09/lb","Market Basket.jpg",,"22"
"4139","Meat & Seafood","Meat & Seafood Counter","Clams","Market Basket","Market Basket New England Clam Chowder","Market Basket New England Clam Chowder","6.09","0.0","","1 lb","1 lb","Market Basket.jpg",,"22"
"4140","Meat & Seafood","Meat & Seafood Counter","Codfish","Gonsalves","Gonsalves Choice Bone In Salted Codfish","Gonsalves Choice Bone In Salted Codfish","8.59","0.0","","1 lb","1 lb","No Image.jpg",,"22"
"4141","Meat & Seafood","Meat & Seafood Counter","Codfish","Gonsalves","Gonsalves Choice Boned Salted Codfish","Gonsalves Choice Boned Salted Codfish","10.99","0.0","","Approx: 1.01 lb at $10.9/lb","Approx: 1.01 lb at $10.9/lb","No Image.jpg",,"22"
"4142","Meat & Seafood","Meat & Seafood Counter","Codfish","Market Basket","Cod Fillets","Cod Fillets","6.09","0.0","","1 lb","1 lb","16685.jpg",,"22"
"4143","Meat & Seafood","Meat & Seafood Counter","Codfish","Market Basket","Market Basket Cod Loins","Market Basket Cod Loins","16.01","0.0","","Approx: 1.10 lb at $14.6/lb","Approx: 1.10 lb at $14.6/lb","Market Basket.jpg",,"22"
"4144","Meat & Seafood","Meat & Seafood Counter","Codfish","Market Basket","Market Basket Fresh Large Cod Fillets","Market Basket Fresh Large Cod Fillets","11.43","0.0","","Approx: 1.05 lb at $10.9/lb","Approx: 1.05 lb at $10.9/lb","4067.jpg",,"22"
"4145","Meat & Seafood","Meat & Seafood Counter","Crab Meat","Market Basket","Market Basket Imitation Crab Meat Chunks","Market Basket Imitation Crab Meat Chunks","4.89","0.0","","1 lb","1 lb","Market Basket.jpg",,"22"
"4146","Meat & Seafood","Meat & Seafood Counter","Crab Meat","Shirakiku","Shirakiku California Roll","Shirakiku California Roll","7.09","0.0","","1 lb","1 lb","No Image.jpg",,"22"
"4147","Meat & Seafood","Meat & Seafood Counter","Crab Meat","Yankee Trader Seafood","Yankee Trader Seafood Crab Cakes - 2 CT","Yankee Trader Seafood Crab Cakes - 2 CT","3.69","0.0","","1 lb","1 lb","4072.jpg",,"22"
"4148","Meat & Seafood","Meat & Seafood Counter","Haddock","Market Basket","Haddock","Haddock","8.59","0.0","","1 lb","1 lb","Market Basket.jpg",,"22"
"4149","Meat & Seafood","Meat & Seafood Counter","Haddock","Market Basket","Market Basket Fresh Large Haddock Fillets","Market Basket Fresh Large Haddock Fillets","14.57","0.0","","Approx: 1.09 lb at $13.4/lb","Approx: 1.09 lb at $13.4/lb","Market Basket.jpg",,"22"
"4150","Meat & Seafood","Meat & Seafood Counter","Ham","Carando","Carando Spiral Sliced Ham","Carando Spiral Sliced Ham","21.89","0.0","","1 lb","1 lb","No Image.jpg",,"22"
"4151","Meat & Seafood","Meat & Seafood Counter","Ham","Krakus","Krakus Polish Ham","Krakus Polish Ham","7.39","0.0","","1 lb","1 lb","No Image.jpg",,"22"
"4152","Meat & Seafood","Meat & Seafood Counter","Ham","Market Basket","Market Basket Honey Ham","Market Basket Honey Ham","6.09","0.0","","1 lb","1 lb","Market Basket.jpg",,"1"
"4153","Meat & Seafood","Meat & Seafood Counter","Ham","Market Basket","Market Basket Maple Flavored Ham","Market Basket Maple Flavored Ham","6.09","0.0","","1 lb","1 lb","Market Basket.jpg",,"22"
"4154","Meat & Seafood","Meat & Seafood Counter","Ham","Market Basket","Market Basket Rosemary Ham","Market Basket Rosemary Ham","6.09","0.0","","1 lb","1 lb","Market Basket.jpg",,"22"
"4155","Meat & Seafood","Meat & Seafood Counter","Ham","Market Basket","Market Basket Smoked Virginia Ham","Market Basket Smoked Virginia Ham","4.99","0.0","","1 lb","1 lb","Market Basket.jpg",,"22"
"4156","Meat & Seafood","Meat & Seafood Counter","Ham","Market Basket","Market Basket Spiral Cooked Ham","Market Basket Spiral Cooked Ham","18.59","0.0","","1 lb","1 lb","Market Basket.jpg",,"22"
"4157","Meat & Seafood","Meat & Seafood Counter","Hen","Perdue","Perdue Whole Cornish Game Hen","Perdue Whole Cornish Game Hen","2.79","0.0","","1 lb","1 lb","No Image.jpg",,"22"
"4158","Meat & Seafood","Meat & Seafood Counter","Herring","Market Basket","Wild Canadian Smoked Herring Fillets","Wild Canadian Smoked Herring Fillets","6.09","0.0","","1 lb","1 lb","Market Basket.jpg",,"22"
"4159","Meat & Seafood","Meat & Seafood Counter","Italian Sausage","Market Basket","Market Basket Sweet Italian Sausage","Market Basket Sweet Italian Sausage","4.39","0.0","","1 lb","1 lb","Market Basket.jpg",,"22"
"4160","Meat & Seafood","Meat & Seafood Counter","Italian Sausage","Market Basket","Market Basket Sweet Italian Sausage","Market Basket Sweet Italian Sausage","3.76","0.0","","Approx: 1.02 lb at $3.69/lb","Approx: 1.02 lb at $3.69/lb","Market Basket.jpg",,"22"
"4161","Meat & Seafood","Meat & Seafood Counter","Lamb","Market Basket","Lamb Shoulder Chops","Lamb Shoulder Chops","10.49","0.0","","1 lb","1 lb","16666.jpg",,"22"
"4162","Meat & Seafood","Meat & Seafood Counter","Lamb","Market Basket","Market Basket Australian Lamb Loin Chops","Market Basket Australian Lamb Loin Chops","14.69","0.0","","Approx: 1.01 lb at $14.6/lb","Approx: 1.01 lb at $14.6/lb","Market Basket.jpg",,"22"
"4163","Meat & Seafood","Meat & Seafood Counter","Lamb","Market Basket","Market Basket Fresh American Choice Ground Lamb","Market Basket Fresh American Choice Ground Lamb","9.06","0.0","","Approx: 1.05 lb at $8.59/lb","Approx: 1.05 lb at $8.59/lb","Market Basket.jpg",,"22"
"4164","Meat & Seafood","Meat & Seafood Counter","Lamb","Market Basket","Market Basket Lamb Loin Chops","Market Basket Lamb Loin Chops","14.69","0.0","","Approx: 1.01 lb at $14.6/lb","Approx: 1.01 lb at $14.6/lb","Market Basket.jpg",,"22"
"4165","Meat & Seafood","Meat & Seafood Counter","Lamb","Market Basket","Semi Boneless Lamb Leg","Semi Boneless Lamb Leg","7.39","0.0","","1 lb","1 lb","Market Basket.jpg",,"22"
"4166","Meat & Seafood","Packaged Meat & Seafood","Bacon","Market Basket","Market Basket Center Cut Bacon","Market Basket Center Cut Bacon","6.24","0.0","","1 pack","1 pack","Market Basket.jpg",,"1"
"4167","Meat & Seafood","Packaged Meat & Seafood","Beef","85% Lean","85% Lean Ground Beef","85% Lean Ground Beef","5.36","0.0","","1 lb","1 lb","16689.jpg",,"22"
"4168","Meat & Seafood","Packaged Meat & Seafood","Beef","Angus Beef","Angus Beef Xtra Lean Round Stew","Angus Beef Xtra Lean Round Stew","4.89","0.0","","1 lb","1 lb","16690.jpg",,"22"
"4169","Meat & Seafood","Packaged Meat & Seafood","Beef","Certified Angus Beef","Certified Angus Beef Thin Top Round Steak","Certified Angus Beef Thin Top Round Steak","5.79","0.0","","0.97 lb","0.97 lb","No Image.jpg",,"22"
"4170","Meat & Seafood","Packaged Meat & Seafood","Beef","Creekstone Farm","Creekstone Farm Black Angus Ground Beef","Creekstone Farm Black Angus Ground Beef","8.69","0.0","","1 lb","1 lb","16705.jpg",,"22"
"4171","Meat & Seafood","Packaged Meat & Seafood","Beef","Lauras Beef","Lauras Beef Beef, Ground, 92/8","Lauras Beef Beef, Ground, 92/8","8.29","0.0","","16 oz","16 oz","4089.jpg",,"22"
"4172","Meat & Seafood","Packaged Meat & Seafood","Beef","Lloyd's","Lloyd's Seasoned & Smoked Center Cut Beef Ribs with Original BBQ Sauce","Lloyd's Seasoned & Smoked Center Cut Beef Ribs with Original BBQ Sauce","17.69","0.0","","37.4 oz","37.4 oz","4091.jpg",,"22"
"4173","Meat & Seafood","Packaged Meat & Seafood","Beef","Market Basket","Market Basket Certified Angus Beef Prime Boneless Rib Eye Steak","Market Basket Certified Angus Beef Prime Boneless Rib Eye Steak","21.49","0.0","","1 lb","1 lb","Market Basket.jpg",,"22"
"4174","Meat & Seafood","Packaged Meat & Seafood","Beef","Market Basket","Market Basket 80% Ground Beef","Market Basket 80% Ground Beef","4.89","0.0","","4 lb","4 lb","4074.jpg",,"22"
"4175","Meat & Seafood","Packaged Meat & Seafood","Beef","Market Basket","Market Basket 85% Lean Angus Ground Beef","Market Basket 85% Lean Angus Ground Beef","5.29","0.0","","1 pack","1 pack","4075.jpg",,"22"
"4176","Meat & Seafood","Packaged Meat & Seafood","Beef","Market Basket","Market Basket 93% Lean Ground Beef","Market Basket 93% Lean Ground Beef","6.75","0.0","","Approx: 1.23 lb at $5.49/lb","Approx: 1.23 lb at $5.49/lb","4073.jpg",,"22"
"4177","Meat & Seafood","Packaged Meat & Seafood","Beef","Market Basket","Selected Thin Sliced NY Sirloin Petite","Selected Thin Sliced NY Sirloin Petite","6.09","0.0","","1 lb","1 lb","Market Basket.jpg",,"22"
"4178","Meat & Seafood","Packaged Meat & Seafood","Beef","Verde","Verde 93% Lean | 7% Fat Organic Ground Beef","Verde 93% Lean | 7% Fat Organic Ground Beef","9.79","0.0","","16 oz","16 oz","16703.jpg",,"22"
"4179","Meat & Seafood","Packaged Meat & Seafood","Beef","York","Petite New York Sirloin","Petite New York Sirloin","11.49","0.0","","1 lb","1 lb","No Image.jpg",,"22"
"4180","Meat & Seafood","Packaged Meat & Seafood","Bison","Great Range Buffalo","Great Range Buffalo Premium Ground Bison","Great Range Buffalo Premium Ground Bison","10.99","0.0","","16 oz","16 oz","4087.jpg",,"22"
"4181","Meat & Seafood","Packaged Meat & Seafood","Calamari","PanaPesca","PanaPesca Whole Cleaned Calamari","PanaPesca Whole Cleaned Calamari","8.59","0.0","","17.6 oz","17.6 oz","4140.jpg",,"22"
"4182","Meat & Seafood","Packaged Meat & Seafood","Chicken","Perdue","Perdue Carved Chicken BreastGrilled Italian Style","Perdue Carved Chicken BreastGrilled Italian Style","3.49","0.0","","0.56 lb","0.56 lb","4093.jpg",,"22"
"4183","Meat & Seafood","Packaged Meat & Seafood","Chicken","Perdue","Perdue Dino Shape Breaded Chicken Nuggets","Perdue Dino Shape Breaded Chicken Nuggets","3.74","0.0","","12 oz","12 oz","4092.jpg",,"22"
"4184","Meat & Seafood","Packaged Meat & Seafood","Chicken","Market Basket","Chicken","Chicken","6.09","0.0","","1 lb","1 lb","Market Basket.jpg",,"22"
"4185","Meat & Seafood","Packaged Meat & Seafood","Chicken","Market Basket","Market Basket Fresh Roaster Whole Chicken","Market Basket Fresh Roaster Whole Chicken","5.56","0.0","","Approx: 4.00 lb at $1.39/lb","Approx: 4.00 lb at $1.39/lb","Market Basket.jpg",,"22"
"4186","Meat & Seafood","Packaged Meat & Seafood","Chicken","Market Basket","Market Basket Organic Chicken Stock","Market Basket Organic Chicken Stock","1.29","0.0","","1 pack","1 pack","Market Basket.jpg",,"9"
"4187","Meat & Seafood","Packaged Meat & Seafood","Chicken","Market Basket","Market Basket Stir Fry Chicken","Market Basket Stir Fry Chicken","4.89","0.0","","Approx: 1.00 lb at $4.89/lb","Approx: 1.00 lb at $4.89/lb","Market Basket.jpg",,"22"
"4188","Meat & Seafood","Packaged Meat & Seafood","Chicken","Market Basket","Market Basket Whole Chicken Legs","Market Basket Whole Chicken Legs","3.35","0.0","","Approx: 2.25 lb at $1.49/lb","Approx: 2.25 lb at $1.49/lb","Market Basket.jpg",,"22"
"4189","Meat & Seafood","Packaged Meat & Seafood","Chicken","Market Basket","Market Basket Whole Frozen Chicken Paws","Market Basket Whole Frozen Chicken Paws","2.49","0.0","","Approx: 1.00 lb at $2.49/lb","Approx: 1.00 lb at $2.49/lb","Market Basket.jpg",,"22"
"4190","Meat & Seafood","Packaged Meat & Seafood","Chicken","On Cor","On Cor Clear Bags Chicken Nibblers","On Cor Clear Bags Chicken Nibblers","6.09","0.0","","36 oz","36 oz","16712.jpg",,"1"
"4191","Meat & Seafood","Packaged Meat & Seafood","Chicken","Perdue","Perdue Chicken Drumsticks","Perdue Chicken Drumsticks","3.19","0.0","","1.5 lb","1.5 lb","4110.jpg",,"22"
"4192","Meat & Seafood","Packaged Meat & Seafood","Chicken","Perdue","Perdue Whole Chicken","Perdue Whole Chicken","7.95","0.0","","Approx: 5.00 lb at $1.59/lb","Approx: 5.00 lb at $1.59/lb","4105.jpg",,"22"
"4193","Meat & Seafood","Packaged Meat & Seafood","Chicken","Perdue","Perdue Whole Roaster Chicken","Perdue Whole Roaster Chicken","8.45","0.0","","Approx: 5.00 lb at $1.69/lb","Approx: 5.00 lb at $1.69/lb","No Image.jpg",,"22"
"4194","Meat & Seafood","Packaged Meat & Seafood","Chicken Breast","Fresh","Harvestland All Natural Fresh Chicken Breasts","Harvestland All Natural Fresh Chicken Breasts","6.39","0.0","","1.16 lb","1.16 lb","No Image.jpg",,"22"
"4195","Meat & Seafood","Packaged Meat & Seafood","Chicken Breast","Bell & Evans","Bell & Evans Boneless Chicken Breast","Bell & Evans Boneless Chicken Breast","9.19","0.0","","1 lb","1 lb","4123.jpg",,"22"
"4196","Meat & Seafood","Packaged Meat & Seafood","Chicken Breast","Bell & Evans","Bell & Evans Boneless Skinless Chicken Breasts","Bell & Evans Boneless Skinless Chicken Breasts","7.39","0.0","","Approx: 2 lb","Approx: 2 lb","4122.jpg",,"22"
"4197","Meat & Seafood","Packaged Meat & Seafood","Chicken Breast","Fresh","Perdue Fresh Chicken Breast","Perdue Fresh Chicken Breast","4.59","0.0","","1 lb","1 lb","No Image.jpg",,"22"
"4198","Meat & Seafood","Packaged Meat & Seafood","Chicken Breast","Harvestland","Harvestland Boneless Skinless Chicken Breast","Harvestland Boneless Skinless Chicken Breast","6.79","0.0","","1 lb","1 lb","4119.jpg",,"22"
"4199","Meat & Seafood","Packaged Meat & Seafood","Chicken Breast","Harvestland","Harvestland Chicken Breast","Harvestland Chicken Breast","6.09","0.0","","1 lb","1 lb","No Image.jpg",,"22"
"4200","Meat & Seafood","Packaged Meat & Seafood","Chicken Breast","Market Basket","Chicken Breasts","Chicken Breasts","8.19","0.0","","24 oz","24 oz","Market Basket.jpg",,"22"
"4201","Meat & Seafood","Packaged Meat & Seafood","Chicken Breast","Market Basket","Market Basket Chicken Breast Cutlets","Market Basket Chicken Breast Cutlets","5.84","0.0","","1.2 lb","1.2 lb","4097.jpg",,"22"
"4202","Meat & Seafood","Packaged Meat & Seafood","Chicken Breast","Perdue","Perdue Boneless Chicken BreastsItalian Style","Perdue Boneless Chicken BreastsItalian Style","8.59","0.0","","1.5 lb","1.5 lb","4098.jpg",,"22"
"4203","Meat & Seafood","Packaged Meat & Seafood","Chicken Breast","Perdue","Perdue Breaded Chicken Breast Nuggets","Perdue Breaded Chicken Breast Nuggets","3.69","0.0","","0.75 lb","0.75 lb","4103.jpg",,"22"
"4204","Meat & Seafood","Packaged Meat & Seafood","Chicken Breast","Perdue","Perdue Breaded Chicken Breast Strips","Perdue Breaded Chicken Breast Strips","3.69","0.0","","0.75 lb","0.75 lb","4104.jpg",,"22"
"4205","Meat & Seafood","Packaged Meat & Seafood","Chicken Breast","Perdue","Perdue Breaded Popcorn Chicken Bites","Perdue Breaded Popcorn Chicken Bites","4.89","0.0","","0.75 lb","0.75 lb","4112.jpg",,"22"
"4206","Meat & Seafood","Packaged Meat & Seafood","Chicken Breast","Perdue","Perdue Carved Chicken BreastGrilled","Perdue Carved Chicken BreastGrilled","4.89","0.0","","0.56 lb","0.56 lb","4100.jpg",,"22"
"4207","Meat & Seafood","Packaged Meat & Seafood","Chicken Breast","Perdue","Perdue Carved Chicken BreastHoney Roasted","Perdue Carved Chicken BreastHoney Roasted","4.89","0.0","","0.56 lb","0.56 lb","4111.jpg",,"22"
"4208","Meat & Seafood","Packaged Meat & Seafood","Chicken Breast","Perdue","Perdue Carved Chicken BreastOriginal Roasted","Perdue Carved Chicken BreastOriginal Roasted","4.89","0.0","","0.56 lb","0.56 lb","4106.jpg",,"22"
"4209","Meat & Seafood","Packaged Meat & Seafood","Chicken Breast","Perdue","Perdue Carved Chicken BreastSouthwestern Style","Perdue Carved Chicken BreastSouthwestern Style","3.69","0.0","","0.56 lb","0.56 lb","4107.jpg",,"22"
"4210","Meat & Seafood","Packaged Meat & Seafood","Chicken Breast","Perdue","Perdue Ground Chicken Breast","Perdue Ground Chicken Breast","4.99","0.0","","1 lb","1 lb","4101.jpg",,"22"
"4211","Meat & Seafood","Packaged Meat & Seafood","Chicken Breast","Perdue","Perdue Italian Style Breaded Chicken Breast Cutlets","Perdue Italian Style Breaded Chicken Breast Cutlets","4.89","0.0","","0.75 lb","0.75 lb","4102.jpg",,"22"
"4212","Meat & Seafood","Packaged Meat & Seafood","Chicken Breast","Perdue","Perdue Split Chicken Breast With Ribs","Perdue Split Chicken Breast With Ribs","5.86","0.0","","Approx: 2.10 lb at $2.79/lb","Approx: 2.10 lb at $2.79/lb","No Image.jpg",,"22"
"4213","Meat & Seafood","Packaged Meat & Seafood","Chicken Breast","Purdue","Purdue Fit in Easy Boneless Skinless Chicken Breasts","Purdue Fit in Easy Boneless Skinless Chicken Breasts","5.19","0.0","","1 pack","1 pack","16708.jpg",,"22"
"4214","Meat & Seafood","Packaged Meat & Seafood","Chicken Breast","Split Tender","Split Tender Chicken Breast","Split Tender Chicken Breast","1.89","0.0","","1 lb","1 lb","16710.jpg",,"22"
"4215","Meat & Seafood","Packaged Meat & Seafood","Chicken Breast","Springer","Springer Mountain Farms Chicken Breasts, 99% Fat Free","Springer Mountain Farms Chicken Breasts, 99% Fat Free","8.59","0.0","","24 each","24 each","16709.jpg",,"22"
"4216","Meat & Seafood","Packaged Meat & Seafood","Chicken Breast","Springer","Springer Mountain Farms Drumsticks","Springer Mountain Farms Drumsticks","3.79","0.0","","Approx: 1.50 lb","Approx: 1.50 lb","No Image.jpg",,"22"
"4217","Meat & Seafood","Packaged Meat & Seafood","Chicken Breast","Springer","Springer Skinless Boneless Chicken Breast","Springer Skinless Boneless Chicken Breast","6.09","0.0","","1 lb","1 lb","No Image.jpg",,"22"
"4218","Meat & Seafood","Packaged Meat & Seafood","Chicken Leg","Market Basket","Market Basket Leg Quarters","Market Basket Leg Quarters","3.89","0.0","","Approx: 3.02 lb at $1.29/lb","Approx: 3.02 lb at $1.29/lb","Market Basket.jpg",,"22"
"4219","Meat & Seafood","Packaged Meat & Seafood","Chicken Thighs","Market Basket","Boneless Thighs","Boneless Thighs","2.09","0.0","","1 lb","1 lb","Market Basket.jpg",,"22"
"4220","Meat & Seafood","Packaged Meat & Seafood","Chicken Thighs","Market Basket","Market Basket Chicken Thighs","Market Basket Chicken Thighs","5.29","0.0","","1.29 oz","1.29 oz","Market Basket.jpg",,"22"
"4221","Meat & Seafood","Packaged Meat & Seafood","Chicken Thighs","Perdue","Perdue Chicken Thighs 4 Pc Skin On With Bones","Perdue Chicken Thighs 4 Pc Skin On With Bones","4.23","0.0","","Approx: 2.50 lb at $1.69/lb","Approx: 2.50 lb at $1.69/lb","4099.jpg",,"22"
"4222","Meat & Seafood","Packaged Meat & Seafood","Chicken Wings","Market Basket","Market Basket Whole Wings","Market Basket Whole Wings","8.29","0.0","","Approx: 2.60 lb at $3.19/lb","Approx: 2.60 lb at $3.19/lb","Market Basket.jpg",,"22"
"4223","Meat & Seafood","Packaged Meat & Seafood","Chicken Wings","Market Basket","Market Basket Wings","Market Basket Wings","13.02","0.0","","Approx: 2.90 lb at $4.49/lb","Approx: 2.90 lb at $4.49/lb","Market Basket.jpg",,"22"
"4224","Meat & Seafood","Packaged Meat & Seafood","Codfish","Bom Petisco","Bom Petisco Choice Bone In Salted Codfish","Bom Petisco Choice Bone In Salted Codfish","10.99","0.0","","24 oz","24 oz","No Image.jpg",,"1"
"4225","Meat & Seafood","Packaged Meat & Seafood","Codfish","Cristobal","Cristobal Brand Choice Boned Salted Codfish","Cristobal Brand Choice Boned Salted Codfish","10.99","0.0","","16 oz","16 oz","4135.jpg",,"22"
"4226","Meat & Seafood","Packaged Meat & Seafood","Codfish","Cristobal","Cristobal Brand Salted Cod Chunks","Cristobal Brand Salted Cod Chunks","6.89","0.0","","16 oz","16 oz","4134.jpg",,"22"
"4227","Meat & Seafood","Packaged Meat & Seafood","Crab","Dockside Classics","Dockside Classics Crab Cakes, with Real & Imitation Crab and Fish Flakes, Premium, Tray","Dockside Classics Crab Cakes, with Real & Imitation Crab and Fish Flakes, Premium, Tray","7.39","0.0","","4 x 12 oz","4 x 12 oz","4136.jpg",,"22"
"4228","Meat & Seafood","Packaged Meat & Seafood","Crab","Louis Kemp","Louis Kemp Crab Delights Leg Style Imitation Crab Meat","Louis Kemp Crab Delights Leg Style Imitation Crab Meat","3.69","0.0","","16 oz","16 oz","No Image.jpg",,"22"
"4229","Meat & Seafood","Packaged Meat & Seafood","Crab","Market Basket","Market Basket Imitation Crab Meat Chunks","Market Basket Imitation Crab Meat Chunks","3.69","0.0","","16 oz","16 oz","Market Basket.jpg",,"22"
"4230","Meat & Seafood","Packaged Meat & Seafood","Ham","Buddig","Buddig Ham, Honey, Smoked, Big Pack","Buddig Ham, Honey, Smoked, Big Pack","4.89","0.0","","16 oz","16 oz","16701.jpg",,"1"
"4231","Meat & Seafood","Packaged Meat & Seafood","Ham","Fiorucci","Fiorucci Panino Antipasti Prosciutto","Fiorucci Panino Antipasti Prosciutto","6.09","0.0","","5 oz","5 oz","18046.jpg",,"22"
"4232","Meat & Seafood","Packaged Meat & Seafood","Ham","Jones Dairy Farm","Jones Dairy Farm Breakfast Ham Slices Hickory Smoked","Jones Dairy Farm Breakfast Ham Slices Hickory Smoked","3.69","0.0","","8 oz","8 oz","16691.jpg",,"22"
"4233","Meat & Seafood","Packaged Meat & Seafood","Ham","Kentucky Legend","Kentucky Legend Brown Sugar Ham Steak","Kentucky Legend Brown Sugar Ham Steak","3.49","0.0","","8 oz","8 oz","16696.jpg",,"22"
"4234","Meat & Seafood","Packaged Meat & Seafood","Ham","Market Basket","Ham","Ham","5.59","0.0","","1 lb","1 lb","Market Basket.jpg",,"1"
"4235","Meat & Seafood","Packaged Meat & Seafood","Ham","Market Basket","Ham","Ham","7.69","0.0","","1 lb","1 lb","Market Basket.jpg",,"22"
"4236","Meat & Seafood","Packaged Meat & Seafood","Ham","Market Basket","Market Basket Honey Baked Ham","Market Basket Honey Baked Ham","3.69","0.0","","8 oz","8 oz","Market Basket.jpg",,"22"
"4237","Meat & Seafood","Packaged Meat & Seafood","Ham","Market Basket","Mb Smoked Ham","Mb Smoked Ham","3.39","0.0","","1 lb","1 lb","Market Basket.jpg",,"22"
"4238","Meat & Seafood","Packaged Meat & Seafood","Ham","Market Basket","Smoked Virginia Hams","Smoked Virginia Hams","6.09","0.0","","1 lb","1 lb","Market Basket.jpg",,"22"
"4239","Meat & Seafood","Packaged Meat & Seafood","Ham","Plumrose","Plumrose Premium with Natural Juices Ham","Plumrose Premium with Natural Juices Ham","4.29","0.0","","16 oz","16 oz","4095.jpg",,"22"
"4240","Meat & Seafood","Packaged Meat & Seafood","Ham","Smithfield","Smithfield Anytime Favorites Hardwood Smoked Steak Ham","Smithfield Anytime Favorites Hardwood Smoked Steak Ham","4.49","0.0","","1.23 oz","1.23 oz","No Image.jpg",,"22"
"4241","Meat & Seafood","Packaged Meat & Seafood","Ham","Smithfield","Smithfield Ham","Smithfield Ham","2.89","0.0","","8 oz","8 oz","4076.jpg",,"22"
"4242","Meat & Seafood","Packaged Meat & Seafood","Ham","Smithfield","Smithfield Ham Slice","Smithfield Ham Slice","4.89","0.0","","12 oz","12 oz","4079.jpg",,"1"
"4243","Meat & Seafood","Packaged Meat & Seafood","Ham","Sugardale Prestige","Sugardale Prestige Smoked Ham","Sugardale Prestige Smoked Ham","5.79","0.0","","1 lb","1 lb","No Image.jpg",,"22"
"4244","Meat & Seafood","Packaged Meat & Seafood","Herring","Blue Hill Bay","Blue Hill Bay Herring, Rollmops","Blue Hill Bay Herring, Rollmops","5.59","0.0","","12 oz","12 oz","4126.jpg",,"22"
"4245","Meat & Seafood","Packaged Meat & Seafood","Herring","Blue Hill Bay","Blue Hill Bay Smoked Seafood Herring in Cream Sauce","Blue Hill Bay Smoked Seafood Herring in Cream Sauce","5.59","0.0","","12 oz","12 oz","4129.jpg",,"22"
"4246","Meat & Seafood","Packaged Meat & Seafood","Herring","Blue Hill Bay","Blue Hill Bay Smoked Seafood Herring in Dill Marinade","Blue Hill Bay Smoked Seafood Herring in Dill Marinade","5.59","0.0","","12 oz","12 oz","4128.jpg",,"22"
"4247","Meat & Seafood","Packaged Meat & Seafood","Lobsters","Market Basket","Steamed Lobsters","Steamed Lobsters","8.59","0.0","","1 lb","1 lb","Market Basket.jpg",,"22"
"4248","Meat & Seafood","Packaged Meat & Seafood","Meat","Beyond Meat","Beyond Meat Patties, Plant-Based, Beyond Burger, Sleeve","Beyond Meat Patties, Plant-Based, Beyond Burger, Sleeve","6.86","0.0","","2 x 0.25 lb","2 x 0.25 lb","16692.jpg",,"1"
"4249","Meat & Seafood","Packaged Meat & Seafood","Octopus","PanaPesca","PanaPesca Cleaned Octopus","PanaPesca Cleaned Octopus","9.79","0.0","","17.6 oz","17.6 oz","4141.jpg",,"22"
"4250","Meat & Seafood","Packaged Meat & Seafood","Pepperoni","Bridgford","Bridgford Pepperoni","Bridgford Pepperoni","4.89","0.0","","5 oz","5 oz","16704.jpg",,"22"
"4251","Meat & Seafood","Packaged Meat & Seafood","Pepperoni","Hormel","Hormel 25% Less Fat Pepperoni","Hormel 25% Less Fat Pepperoni","3.29","0.0","","6 oz","6 oz","4083.jpg",,"4"
"4252","Meat & Seafood","Packaged Meat & Seafood","Pollock","Bacala Rico","Bacala Rico Pollock Fillets","Bacala Rico Pollock Fillets","3.69","0.0","","12 oz","12 oz","4143.jpg",,"22"
"4253","Meat & Seafood","Packaged Meat & Seafood","Pollock","Buena Ventura","Buena Ventura Ventura Salted Alaska Pollock Fillets Boned/Skinless","Buena Ventura Ventura Salted Alaska Pollock Fillets Boned/Skinless","4.89","0.0","","16 oz","16 oz","16716.jpg",,"22"
"4254","Meat & Seafood","Packaged Meat & Seafood","Pork","Hormel","Hormel Always Tender Honey Mustard Pork Loin Filet","Hormel Always Tender Honey Mustard Pork Loin Filet","8.59","0.0","","24 oz","24 oz","16693.jpg",,"22"
"4255","Meat & Seafood","Packaged Meat & Seafood","Pork","Hormel","Hormel Apple Bourbon Flavor Pork Tenderloin","Hormel Apple Bourbon Flavor Pork Tenderloin","8.59","0.0","","18.4 oz","18.4 oz","4082.jpg",,"22"
"4256","Meat & Seafood","Packaged Meat & Seafood","Pork","Hormel","Hormel Lemon Garlic Pork Loin Filet","Hormel Lemon Garlic Pork Loin Filet","8.59","0.0","","1.5 oz","1.5 oz","4081.jpg",,"22"
"4257","Meat & Seafood","Packaged Meat & Seafood","Pork","Hormel","Hormel Original Pork Loin Filet","Hormel Original Pork Loin Filet","7.39","0.0","","1.7 lb","1.7 lb","4085.jpg",,"22"
"4258","Meat & Seafood","Packaged Meat & Seafood","Pork","Hormel","Hormel Roast Flavor Pork Roast","Hormel Roast Flavor Pork Roast","8.59","0.0","","24 oz","24 oz","4084.jpg",,"22"
"4259","Meat & Seafood","Packaged Meat & Seafood","Pork","Lloyd's","Lloyd's Barbeque Co. Seasoned & Smoked Babyback Pork Ribs","Lloyd's Barbeque Co. Seasoned & Smoked Babyback Pork Ribs","10.99","0.0","","24 oz","24 oz","4090.jpg",,"22"
"4260","Meat & Seafood","Packaged Meat & Seafood","Pork","Market Basket","Boneless Center-Cut Pork Chops","Boneless Center-Cut Pork Chops","2.49","0.0","","1 lb","1 lb","Market Basket.jpg",,"22"
"4261","Meat & Seafood","Packaged Meat & Seafood","Pork","Market Basket","Boneless Thin Sliced Pork Chops","Boneless Thin Sliced Pork Chops","2.99","0.0","","1.05 lb","1.05 lb","Market Basket.jpg",,"22"
"4262","Meat & Seafood","Packaged Meat & Seafood","Pork","Plumrose","Plumrose Fully Cooked Pork Baby Back Ribs","Plumrose Fully Cooked Pork Baby Back Ribs","8.59","0.0","","16 oz","16 oz","4094.jpg",,"22"
"4263","Meat & Seafood","Packaged Meat & Seafood","Pork","San Daniele","San Daniele Diced Pancetta Antipasto","San Daniele Diced Pancetta Antipasto","4.89","0.0","","4 oz","4 oz","16698.jpg",,"22"
"4264","Meat & Seafood","Packaged Meat & Seafood","Salmon","Acme","Acme Salmon, Smoked Nova","Acme Salmon, Smoked Nova","6.89","0.0","","3 oz","3 oz","4142.jpg",,"22"
"4265","Meat & Seafood","Packaged Meat & Seafood","Salmon","Acme","Acme Smoked Fish Smoked Nova Salmon Brooklyn Classic","Acme Smoked Fish Smoked Nova Salmon Brooklyn Classic","18.29","0.0","","12 oz","12 oz","4132.jpg",,"22"
"4266","Meat & Seafood","Packaged Meat & Seafood","Salmon","Blue Hill Bay","Blue Hill Bay Smoked Wild Alaskan Salmon Spread, Tub","Blue Hill Bay Smoked Wild Alaskan Salmon Spread, Tub","4.89","0.0","","8 oz","8 oz","4127.jpg",,"22"
"4267","Meat & Seafood","Packaged Meat & Seafood","Salmon","River","Ducktrap River of Maine Smoked Atlantic Salmon","Ducktrap River of Maine Smoked Atlantic Salmon","10.99","0.0","","4 oz","4 oz","4138.jpg",,"22"
"4268","Meat & Seafood","Packaged Meat & Seafood","Salmon","River","Ducktrap River of Maine Smoked Wild Sockeye Salmon","Ducktrap River of Maine Smoked Wild Sockeye Salmon","10.99","0.0","","4 oz","4 oz","4139.jpg",,"22"
"4269","Meat & Seafood","Packaged Meat & Seafood","Salmon","Ruby Bay","Ruby Bay All Natural Smoked Salmon","Ruby Bay All Natural Smoked Salmon","6.89","0.0","","3 oz","3 oz","4130.jpg",,"22"
"4270","Meat & Seafood","Packaged Meat & Seafood","Salmon","Ruby Bay","Ruby Bay Irish Style Smoked Salmon","Ruby Bay Irish Style Smoked Salmon","6.89","0.0","","3 oz","3 oz","No Image.jpg",,"22"
"4271","Meat & Seafood","Packaged Meat & Seafood","Salmon","Ruby Bay","Ruby Bay Salmon, Smoked, Sockeye","Ruby Bay Salmon, Smoked, Sockeye","8.59","0.0","","3 oz","3 oz","4131.jpg",,"22"
"4272","Meat & Seafood","Packaged Meat & Seafood","Salmon","Ruby Bay","Ruby Bay Scottish Style Smoked Salmon","Ruby Bay Scottish Style Smoked Salmon","6.89","0.0","","3 oz","3 oz","No Image.jpg",,"22"
"4273","Meat & Seafood","Packaged Meat & Seafood","Sausage","Thin 'n Trim","Thin 'n Trim Fully Cooked Chicken Sausage","Thin 'n Trim Fully Cooked Chicken Sausage","3.69","0.0","","10 oz","10 oz","No Image.jpg",,"22"
"4274","Meat & Seafood","Packaged Meat & Seafood","Seaweed","Market Basket","Seaweed Wrap","Seaweed Wrap","1.99","0.0","","0.45 oz","0.45 oz","Market Basket.jpg",,"22"
"4275","Meat & Seafood","Packaged Meat & Seafood","Shrimp","Cox's","Cox's 26/30 Wild Raw Peeled Shrimp","Cox's 26/30 Wild Raw Peeled Shrimp","26.89","0.0","","12 oz","12 oz","16717.jpg",,"22"
"4276","Meat & Seafood","Packaged Meat & Seafood","Tenderloin","Smithfield","Smithfield Roasted Garlic & Cracked Black Pepper Marinated Tenderloin","Smithfield Roasted Garlic & Cracked Black Pepper Marinated Tenderloin","7.99","0.0","","18.4 oz","18.4 oz","4078.jpg",,"22"
"4277","Meat & Seafood","Packaged Meat & Seafood","Tenderloin","Smithfield","Smithfield Slow Roasted Golden Rotisserrie Marinated Tenderloin","Smithfield Slow Roasted Golden Rotisserrie Marinated Tenderloin","8.59","0.0","","18.4 oz","18.4 oz","4077.jpg",,"22"
"4278","Meat & Seafood","Packaged Meat & Seafood","Turkey","Applegate","Applegate The Great Organic Uncured Turkey Hot Dog","Applegate The Great Organic Uncured Turkey Hot Dog","7.39","0.0","","10 oz","10 oz","16699.jpg",,"22"
"4279","Meat & Seafood","Packaged Meat & Seafood","Turkey","Butterball","Butterball All Natural Ground Turkey 85% Lean","Butterball All Natural Ground Turkey 85% Lean","4.11","0.0","","16 oz","16 oz","4118.jpg",,"22"
"4280","Meat & Seafood","Packaged Meat & Seafood","Turkey","Butterball","Butterball Ground Turkey 93% Lean","Butterball Ground Turkey 93% Lean","4.99","0.0","","16 oz","16 oz","4117.jpg",,"22"
"4281","Meat & Seafood","Packaged Meat & Seafood","Turkey","Butterball","Butterball Turkey","Butterball Turkey","26.99","0.0","","9 lb","9 lb","No Image.jpg",,"22"
"4282","Meat & Seafood","Packaged Meat & Seafood","Turkey","DiLuigi","Di Luigi Turkey Patties","Di Luigi Turkey Patties","6.79","0.0","","1.29 lb","1.29 lb","No Image.jpg",,"22"
"4283","Meat & Seafood","Packaged Meat & Seafood","Turkey","DiLuigi","DiLuigi Turkey Patties With Swiss Cheese Pepper & Onions","DiLuigi Turkey Patties With Swiss Cheese Pepper & Onions","6.36","0.0","","Approx: 1.30 lb at $4.89/lb","Approx: 1.30 lb at $4.89/lb","No Image.jpg",,"22"
"4284","Meat & Seafood","Packaged Meat & Seafood","Turkey","Farm To Family","Farm To Family All Natural Ground Turkey Turkey","Farm To Family All Natural Ground Turkey Turkey","4.09","0.0","","16 oz","16 oz","16707.jpg",,"22"
"4285","Meat & Seafood","Packaged Meat & Seafood","Turkey","Fresh","Shady Brook Farms Fresh 93% Lean Ground Turkey","Shady Brook Farms Fresh 93% Lean Ground Turkey","4.36","0.0","","20.8 oz","20.8 oz","4113.jpg",,"22"
"4286","Meat & Seafood","Packaged Meat & Seafood","Turkey","Fresh","Shady Brook Farms Fresh 99% Lean Ground Turkey","Shady Brook Farms Fresh 99% Lean Ground Turkey","7.49","0.0","","1.3 lb","1.3 lb","4115.jpg",,"22"
"4287","Meat & Seafood","Packaged Meat & Seafood","Turkey","Market Basket","Shady Brooks Farms Turkey Drumstick","Shady Brooks Farms Turkey Drumstick","2.49","0.0","","1 lb","1 lb","16711.jpg",,"22"
"4288","Meat & Seafood","Packaged Meat & Seafood","Turkey","Plainville Farms","Plainville Farms 94% Lean Ground Turkey","Plainville Farms 94% Lean Ground Turkey","5.39","0.0","","16 oz","16 oz","4120.jpg",,"22"
"4289","Meat & Seafood","Packaged Meat & Seafood","Turkey","Plainville Farms","Plainville Farms Ground White Turkey 93% Lean 7% Fat","Plainville Farms Ground White Turkey 93% Lean 7% Fat","5.29","0.0","","16 oz","16 oz","4121.jpg",,"22"
"4290","Meat & Seafood","Packaged Meat & Seafood","Turkey","Shady Brook Farms","Shady Brook Farms 85% Lean Ground Turkey","Shady Brook Farms 85% Lean Ground Turkey","4.99","0.0","","20.8 oz","20.8 oz","4114.jpg",,"22"
"4291","Meat & Seafood","Packaged Meat & Seafood","Turkey Breast","Jennie-o","Jennie-O Oven Ready Boneless Turkey Breast with Gravy Packet","Jennie-O Oven Ready Boneless Turkey Breast with Gravy Packet","13.49","0.0","","2.75 lb","2.75 lb","4125.jpg",,"22"
"4292","Meat & Seafood","Packaged Meat & Seafood","Whitefish","Acme","Acme Smoked Fish Smoked Whitefish Salad","Acme Smoked Fish Smoked Whitefish Salad","4.89","0.0","","7 oz","7 oz","4133.jpg",,"22"
"4293","Meat & Seafood","Meat & Seafood Counter","Lobster","Market Basket","Market Basket Cold Cooked Lobster Whole","Market Basket Cold Cooked Lobster Whole","13.53","0.0","","Approx: 1.12 lb at $12.1/lb","Approx: 1.12 lb at $12.1/lb","Market Basket.jpg",,"22"
"4294","Meat & Seafood","Meat & Seafood Counter","Lobster","Market Basket","Market Basket Lobster Bisque","Market Basket Lobster Bisque","7.39","0.0","","1 lb","1 lb","Market Basket.jpg",,"22"
"4295","Meat & Seafood","Meat & Seafood Counter","Lobster","Market Basket","Tempura Lobster","Tempura Lobster","4.09","0.0","","1 lb","1 lb","Market Basket.jpg",,"22"
"4296","Meat & Seafood","Meat & Seafood Counter","Mackerel","Market Basket","Market Basket Spanish Mackerel","Market Basket Spanish Mackerel","6.09","0.0","","Approx: 1.00 lb at $6.09/lb","Approx: 1.00 lb at $6.09/lb","Market Basket.jpg",,"22"
"4297","Meat & Seafood","Meat & Seafood Counter","Meatball & Meatloaf","Market Basket","Market Basket Smart Cuisine Meatloaf & Meatball Mix","Market Basket Smart Cuisine Meatloaf & Meatball Mix","5.65","0.0","","Approx: 1.03 lb at $5.49/lb","Approx: 1.03 lb at $5.49/lb","Market Basket.jpg",,"22"
"4298","Meat & Seafood","Meat & Seafood Counter","Other Meat","Market Basket","Market Basket Chinese Brand Links","Market Basket Chinese Brand Links","4.06","0.0","","Approx: 1.10 lb at $3.69/lb","Approx: 1.10 lb at $3.69/lb","Market Basket.jpg",,"22"
"4299","Meat & Seafood","Meat & Seafood Counter","Other Meat","Market Basket","Market Basket Select Thin Boneless Strip","Market Basket Select Thin Boneless Strip","10.19","0.0","","Approx: 1.01 lb at $10.1/lb","Approx: 1.01 lb at $10.1/lb","Market Basket.jpg",,"22"
"4300","Meat & Seafood","Meat & Seafood Counter","Other Meat","Market Basket","Market Basket USDA Choice Leg Halves","Market Basket USDA Choice Leg Halves","7.99","0.0","","Approx: 1.00 lb at $7.99/lb","Approx: 1.00 lb at $7.99/lb","Market Basket.jpg",,"22"
"4301","Meat & Seafood","Meat & Seafood Counter","Other Seafood","Market Basket","Market Basket Fish Heads","Market Basket Fish Heads","3.34","0.0","","Approx: 1.34 lb at $2.49/lb","Approx: 1.34 lb at $2.49/lb","Market Basket.jpg",,"22"
"4302","Meat & Seafood","Meat & Seafood Counter","Other Seafood","Market Basket","Market Basket Fresh Fish Bones For Fish Stock","Market Basket Fresh Fish Bones For Fish Stock","1.29","0.0","","Approx: 1.00 lb at $1.29/lb","Approx: 1.00 lb at $1.29/lb","Market Basket.jpg",,"22"
"4303","Meat & Seafood","Meat & Seafood Counter","Other Seafood","Market Basket","Market Basket Mako Shark Steaks","Market Basket Mako Shark Steaks","9.79","0.0","","Approx: 1.00 lb at $9.79/lb","Approx: 1.00 lb at $9.79/lb","Market Basket.jpg",,"22"
"4304","Meat & Seafood","Meat & Seafood Counter","Perch","Market Basket","Market Basket Perch Fillets","Market Basket Perch Fillets","7.21","0.0","","Approx: 0.98 lb at $7.39/lb","Approx: 0.98 lb at $7.39/lb","Market Basket.jpg",,"22"
"4305","Meat & Seafood","Meat & Seafood Counter","Perch","Market Basket","Market Basket Whole Red Perch","Market Basket Whole Red Perch","3.69","0.0","","Approx: 1.00 lb at $3.69/lb","Approx: 1.00 lb at $3.69/lb","Market Basket.jpg",,"22"
"4306","Meat & Seafood","Meat & Seafood Counter","Pollock","Market Basket","Market Basket Pollock Fillets","Market Basket Pollock Fillets","7.39","0.0","","Approx: 1.00 lb at $7.39/lb","Approx: 1.00 lb at $7.39/lb","4069.jpg",,"22"
"4307","Meat & Seafood","Meat & Seafood Counter","Pork","Hormel","Hormel Peppercorn Pork Tenderloin","Hormel Peppercorn Pork Tenderloin","9.88","0.0","","Approx: 1.15 lb at $8.59/lb","Approx: 1.15 lb at $8.59/lb","16671.jpg",,"22"
"4308","Meat & Seafood","Meat & Seafood Counter","Pork","Market Basket","Lean Boneless Pork Loin","Lean Boneless Pork Loin","4.09","0.0","","1 lb","1 lb","Market Basket.jpg",,"22"
"4309","Meat & Seafood","Meat & Seafood Counter","Pork","Market Basket","Market Basket Boneless Center Cut Pork Chops","Market Basket Boneless Center Cut Pork Chops","7.2","0.0","","Approx: 1.76 lb at $4.09/lb","Approx: 1.76 lb at $4.09/lb","Market Basket.jpg",,"22"
"4310","Meat & Seafood","Meat & Seafood Counter","Pork","Market Basket","Market Basket Boneless Center Cut Pork Roast","Market Basket Boneless Center Cut Pork Roast","9.2","0.0","","Approx: 2.25 lb at $4.09/lb","Approx: 2.25 lb at $4.09/lb","Market Basket.jpg",,"22"
"4311","Meat & Seafood","Meat & Seafood Counter","Pork","Market Basket","Market Basket Boneless Pork Butts","Market Basket Boneless Pork Butts","6.67","0.0","","Approx: 2.39 lb at $2.79/lb","Approx: 2.39 lb at $2.79/lb","Market Basket.jpg",,"22"
"4312","Meat & Seafood","Meat & Seafood Counter","Pork","Market Basket","Market Basket Center Cut Pork Chops","Market Basket Center Cut Pork Chops","4.19","0.0","","Approx: 1.50 lb at $2.79/lb","Approx: 1.50 lb at $2.79/lb","4038.jpg",,"22"
"4313","Meat & Seafood","Meat & Seafood Counter","Pork","Market Basket","Market Basket Center Cut Pork Chops Family Pack","Market Basket Center Cut Pork Chops Family Pack","3.49","0.0","","1 lb","1 lb","Market Basket.jpg",,"22"
"4314","Meat & Seafood","Meat & Seafood Counter","Pork","Market Basket","Market Basket Center Cut Thick Pork Chops","Market Basket Center Cut Thick Pork Chops","5.76","0.0","","Approx: 1.65 lb at $3.49/lb","Approx: 1.65 lb at $3.49/lb","Market Basket.jpg",,"22"
"4315","Meat & Seafood","Meat & Seafood Counter","Pork","Market Basket","Market Basket Center Cut Thin Pork Chops","Market Basket Center Cut Thin Pork Chops","5.35","0.0","","Approx: 1.38 lb at $3.89/lb","Approx: 1.38 lb at $3.89/lb","4037.jpg",,"22"
"4316","Meat & Seafood","Meat & Seafood Counter","Pork","Market Basket","Market Basket Country Style Top Pork Spare Ribs","Market Basket Country Style Top Pork Spare Ribs","1.59","0.0","","1 lb","1 lb","Market Basket.jpg",,"22"
"4317","Meat & Seafood","Meat & Seafood Counter","Pork","Market Basket","Market Basket Maple Breakfast Pork Sausage","Market Basket Maple Breakfast Pork Sausage","11.03","0.0","","Approx: 2.99 lb at $3.69/lb","Approx: 2.99 lb at $3.69/lb","Market Basket.jpg",,"22"
"4318","Meat & Seafood","Meat & Seafood Counter","Pork","Market Basket","Market Basket Pork Baby Back Ribs","Market Basket Pork Baby Back Ribs","7.63","0.0","","Approx: 1.56 lb at $4.89/lb","Approx: 1.56 lb at $4.89/lb","Market Basket.jpg",,"22"
"4319","Meat & Seafood","Meat & Seafood Counter","Pork","Market Basket","Market Basket Pork Butt Boneless Southern Style Ribs","Market Basket Pork Butt Boneless Southern Style Ribs","3.09","0.0","","1 lb","1 lb","Market Basket.jpg",,"22"
"4320","Meat & Seafood","Meat & Seafood Counter","Pork","Market Basket","Market Basket Pork Liver","Market Basket Pork Liver","1.34","0.0","","Approx: 0.90 lb at $1.49/lb","Approx: 0.90 lb at $1.49/lb","Market Basket.jpg",,"22"
"4321","Meat & Seafood","Meat & Seafood Counter","Pork","Market Basket","Market Basket Pork Shoulder Chunk","Market Basket Pork Shoulder Chunk","6.13","0.0","","Approx: 2.80 lb at $2.19/lb","Approx: 2.80 lb at $2.19/lb","Market Basket.jpg",,"22"
"4322","Meat & Seafood","Meat & Seafood Counter","Pork","Market Basket","Market Basket Pork Sirloin Mini Roast","Market Basket Pork Sirloin Mini Roast","5.58","0.0","","Approx: 2.00 lb at $2.79/lb","Approx: 2.00 lb at $2.79/lb","Market Basket.jpg",,"22"
"4323","Meat & Seafood","Meat & Seafood Counter","Pork","Market Basket","Market Basket Pork Spare Ribs","Market Basket Pork Spare Ribs","6.64","0.0","","Approx: 2.15 lb at $3.09/lb","Approx: 2.15 lb at $3.09/lb","Market Basket.jpg",,"22"
"4324","Meat & Seafood","Meat & Seafood Counter","Pork","Market Basket","Market Basket Sliced Pork Back Ribs","Market Basket Sliced Pork Back Ribs","4.89","0.0","","1 lb","1 lb","Market Basket.jpg",,"22"
"4325","Meat & Seafood","Meat & Seafood Counter","Pork","Market Basket","Market Basket Sliced Pork Spare Ribs","Market Basket Sliced Pork Spare Ribs","12.75","0.0","","Approx: 2.41 lb at $5.29/lb","Approx: 2.41 lb at $5.29/lb","Market Basket.jpg",,"22"
"4326","Meat & Seafood","Meat & Seafood Counter","Pork","Market Basket","Market Basket Whole Center Cut Boneless Pork Loin","Market Basket Whole Center Cut Boneless Pork Loin","4.76","0.0","","Approx: 1.77 lb at $2.69/lb","Approx: 1.77 lb at $2.69/lb","Market Basket.jpg",,"22"
"4327","Meat & Seafood","Meat & Seafood Counter","Pork","Market Basket","Pork Shoulder Picnic","Pork Shoulder Picnic","14.8","0.0","","Approx: 7.83 lb at $1.89/lb","Approx: 7.83 lb at $1.89/lb","16672.jpg",,"22"
"4328","Meat & Seafood","Meat & Seafood Counter","Pork","Market Basket","Pork Sirloin","Pork Sirloin","3.69","0.0","","1 lb","1 lb","Market Basket.jpg",,"22"
"4329","Meat & Seafood","Meat & Seafood Counter","Pork","Market Basket","Pork Tenderloin Tips","Pork Tenderloin Tips","3.09","0.0","","1 lb","1 lb","Market Basket.jpg",,"22"
"4330","Meat & Seafood","Meat & Seafood Counter","Pork","Market Basket","Sirloin End Pork Chops","Sirloin End Pork Chops","5.04","0.0","","Approx: 2.11 lb at $2.39/lb","Approx: 2.11 lb at $2.39/lb","Market Basket.jpg",,"22"
"4331","Meat & Seafood","Meat & Seafood Counter","Pork","Smithfield","Smithfield Smoked Pork Neck Bones","Smithfield Smoked Pork Neck Bones","2.39","0.0","","1 lb","1 lb","No Image.jpg",,"22"
"4332","Meat & Seafood","Meat & Seafood Counter","Pork","Market Basket","Keisha Bone in Pork Shoulder","Keisha Bone in Pork Shoulder","1.89","0.0","","1 lb","1 lb","Market Basket.jpg",,"22"
"4333","Meat & Seafood","Meat & Seafood Counter","Poultry Counter","Market Basket","Drumsticks","Drumsticks","2.49","0.0","","1 lb","1 lb","Market Basket.jpg",,"22"
"4334","Meat & Seafood","Meat & Seafood Counter","Roast Beef","Market Basket","Market Basket Roast Beef","Market Basket Roast Beef","9.79","0.0","","1 lb","1 lb","Market Basket.jpg",,"22"
"4335","Meat & Seafood","Meat & Seafood Counter","Roast Beef","Thin 'n Trim","Thin 'n Trim Roast Beef","Thin 'n Trim Roast Beef","10.99","0.0","","1 lb","1 lb","No Image.jpg",,"22"
"4336","Meat & Seafood","Meat & Seafood Counter","Salmon","Fresh","Fresh Wild Salmon","Fresh Wild Salmon","6.29","0.0","","1 lb","1 lb","No Image.jpg",,"22"
"4337","Meat & Seafood","Meat & Seafood Counter","Salmon","Market Basket","Market Basket Fresh Farm Raised Norwegian Salmon","Market Basket Fresh Farm Raised Norwegian Salmon","12.31","0.0","","Approx: 1.02 lb at $12.1/lb","Approx: 1.02 lb at $12.1/lb","4065.jpg",,"22"
"4338","Meat & Seafood","Meat & Seafood Counter","Salmon","Market Basket","Market Basket Fresh Salmon Steak","Market Basket Fresh Salmon Steak","11.99","0.0","","Approx: 1.01 lb at $11.9/lb","Approx: 1.01 lb at $11.9/lb","Market Basket.jpg",,"22"
"4339","Meat & Seafood","Meat & Seafood Counter","Salmon","Market Basket","Salmon Fillets","Salmon Fillets","12.49","0.0","","1 lb","1 lb","16684.jpg",,"22"
"4340","Meat & Seafood","Meat & Seafood Counter","Salmon","Norwegian","Norwegian Salmon","Norwegian Salmon","9.19","0.0","","1 lb","1 lb","No Image.jpg",,"22"
"4341","Meat & Seafood","Meat & Seafood Counter","Salmon","Norwegian","Norwegian Salmon","Norwegian Salmon","10.99","0.0","","1 lb","1 lb","No Image.jpg",,"22"
"4342","Meat & Seafood","Meat & Seafood Counter","Sausage","Deli","Deli Sliced Liverwurst","Deli Sliced Liverwurst","5.59","0.0","","1 lb","1 lb","No Image.jpg",,"22"
"4343","Meat & Seafood","Meat & Seafood Counter","Sausage","Market Basket","Market Basket Fresh Kielbasa","Market Basket Fresh Kielbasa","3.69","0.0","","1 lb","1 lb","Market Basket.jpg",,"22"
"4344","Meat & Seafood","Meat & Seafood Counter","Sausage","Market Basket","Market Basket Hot Italian Sausage","Market Basket Hot Italian Sausage","3.87","0.0","","Approx: 1.05 lb at $3.69/lb","Approx: 1.05 lb at $3.69/lb","Market Basket.jpg",,"22"
"4345","Meat & Seafood","Meat & Seafood Counter","Scallops","Market Basket","Chinese Bay Scallops","Chinese Bay Scallops","10.99","0.0","","1 lb","1 lb","16687.jpg",,"22"
"4346","Meat & Seafood","Meat & Seafood Counter","Scallops","Market Basket","Market Basket Fresh Dry Sea Scallops","Market Basket Fresh Dry Sea Scallops","24.39","0.0","","Approx: 1.00 lb at $24.3/lb","Approx: 1.00 lb at $24.3/lb","Market Basket.jpg",,"22"
"4347","Meat & Seafood","Meat & Seafood Counter","Scallops","Market Basket","Market Basket Mexican Bay Scallops","Market Basket Mexican Bay Scallops","10.99","0.0","","Approx: 1.01 lb at $10.9/lb","Approx: 1.01 lb at $10.9/lb","Market Basket.jpg",,"22"
"4348","Meat & Seafood","Meat & Seafood Counter","Scip","Market Basket","Market Basket Wild Whole Scup","Market Basket Wild Whole Scup","6.09","0.0","","Approx: 1.00 lb at $6.09/lb","Approx: 1.00 lb at $6.09/lb","Market Basket.jpg",,"22"
"4349","Meat & Seafood","Meat & Seafood Counter","Shrimp","Market Basket","41 to 50 Count Previously Frozen Cooked Shrimp","41 to 50 Count Previously Frozen Cooked Shrimp","10.99","0.0","","1 lb","1 lb","Market Basket.jpg",,"22"
"4350","Meat & Seafood","Meat & Seafood Counter","Shrimp","Market Basket","Market Basket Previously Frozen 26/30 Count Cooked Shrimp","Market Basket Previously Frozen 26/30 Count Cooked Shrimp","24.38","0.0","","Approx: 2.01 lb at $12.1/lb","Approx: 2.01 lb at $12.1/lb","Market Basket.jpg",,"22"
"4351","Meat & Seafood","Meat & Seafood Counter","Shrimp","Market Basket","Market Basket Previously Frozen 26/30 Count Shell On Shrimp","Market Basket Previously Frozen 26/30 Count Shell On Shrimp","9.79","0.0","","Approx: 1.00 lb at $9.79/lb","Approx: 1.00 lb at $9.79/lb","4066.jpg",,"22"
"4352","Meat & Seafood","Meat & Seafood Counter","Shrimp","Market Basket","Market Basket Previously Frozen 71/90 Count Cooked Shrimp","Market Basket Previously Frozen 71/90 Count Cooked Shrimp","21.98","0.0","","Approx: 2.02 lb at $10.9/lb","Approx: 2.02 lb at $10.9/lb","Market Basket.jpg",,"22"
"4353","Meat & Seafood","Meat & Seafood Counter","Shrimp","Market Basket","Wild Caught Shrimp","Wild Caught Shrimp","14.69","0.0","","1 lb","1 lb","16686.jpg",,"22"
"4354","Meat & Seafood","Meat & Seafood Counter","Sole","Market Basket","Market Basket Sole Fillets","Market Basket Sole Fillets","13.69","0.0","","Approx: 1.02 lb at $13.4/lb","Approx: 1.02 lb at $13.4/lb","Market Basket.jpg",,"22"
"4355","Meat & Seafood","Meat & Seafood Counter","Squid","Market Basket","Market Basket Squid Cleaned","Market Basket Squid Cleaned","8.59","0.0","","Approx: 1.00 lb at $8.59/lb","Approx: 1.00 lb at $8.59/lb","Market Basket.jpg",,"22"
"4356","Meat & Seafood","Meat & Seafood Counter","Steak","Chef's Requested","Chef's Requested Boneless Underblade Chuck Steak","Chef's Requested Boneless Underblade Chuck Steak","6.2","0.0","","Approx: 1.02 lb at $6.09/lb","Approx: 1.02 lb at $6.09/lb","No Image.jpg",,"22"
"4357","Meat & Seafood","Meat & Seafood Counter","Steak","Leidy's","Leidy's Hardwood Smoked Ham Grill Steak","Leidy's Hardwood Smoked Ham Grill Steak","4.09","0.0","","1 lb","1 lb","No Image.jpg",,"22"
"4358","Meat & Seafood","Meat & Seafood Counter","Steak","Market Basket","Market Basket Boneless Chuck Eye Steak First Cut","Market Basket Boneless Chuck Eye Steak First Cut","8.5","0.0","","Approx: 1.40 lb at $6.09/lb","Approx: 1.40 lb at $6.09/lb","Market Basket.jpg",,"22"
"4359","Meat & Seafood","Meat & Seafood Counter","Steak","Market Basket","Market Basket First Round Top Cut Steak","Market Basket First Round Top Cut Steak","6.74","0.0","","Approx: 0.83 lb at $8.09/lb","Approx: 0.83 lb at $8.09/lb","Market Basket.jpg",,"22"
"4360","Meat & Seafood","Meat & Seafood Counter","Steak","Market Basket","Market Basket London Broil Thin Shoulder Steak","Market Basket London Broil Thin Shoulder Steak","4.99","0.0","","1 lb","1 lb","Market Basket.jpg",,"22"
"4361","Meat & Seafood","Meat & Seafood Counter","Steak","Market Basket","Porterhouse Steak","Porterhouse Steak","10.99","0.0","","1 lb","1 lb","Market Basket.jpg",,"22"
"4362","Meat & Seafood","Meat & Seafood Counter","Steak","Market Basket","Select First Cut Boneless Strip Steak","Select First Cut Boneless Strip Steak","16.19","0.0","","1 lb","1 lb","16675.jpg",,"22"
"4363","Meat & Seafood","Meat & Seafood Counter","Steak","Market Basket","Sirloin Tip Steaks","Sirloin Tip Steaks","10.99","0.0","","1 lb","1 lb","Market Basket.jpg",,"22"
"4364","Meat & Seafood","Meat & Seafood Counter","Steak","Market Basket","Top Round Steak","Top Round Steak","5.29","0.0","","1 lb","1 lb","Market Basket.jpg",,"22"
"4365","Meat & Seafood","Meat & Seafood Counter","Steak","Thin 'n Trim","Thin 'n Trim Thin Cut Bottom Round Steak","Thin 'n Trim Thin Cut Bottom Round Steak","7.39","0.0","","1 lb","1 lb","No Image.jpg",,"1"
"4366","Meat & Seafood","Meat & Seafood Counter","Swordfish","Market Basket","Market Basket Swordfish Steaks","Market Basket Swordfish Steaks","18.29","0.0","","Approx: 1.00 lb at $18.2/lb","Approx: 1.00 lb at $18.2/lb","Market Basket.jpg",,"22"
"4367","Meat & Seafood","Meat & Seafood Counter","Tilapia","Market Basket","Market Basket Frozen Talipia","Market Basket Frozen Talipia","14.59","0.0","","1 lb","1 lb","4070.jpg",,"22"
"4368","Meat & Seafood","Meat & Seafood Counter","Tilapia","Market Basket","Market Basket Tilapia Fillets","Market Basket Tilapia Fillets","8.35","0.0","","Approx: 1.13 lb at $7.39/lb","Approx: 1.13 lb at $7.39/lb","Market Basket.jpg",,"22"
"4369","Meat & Seafood","Meat & Seafood Counter","Tuna","Market Basket","Market Basket Albacore Tuna Steak","Market Basket Albacore Tuna Steak","8.59","0.0","","1 lb","1 lb","4071.jpg",,"22"
"4370","Meat & Seafood","Meat & Seafood Counter","Tuna","Market Basket","Market Basket Tuna Steaks","Market Basket Tuna Steaks","18.29","0.0","","Approx: 1.00 lb at $18.2/lb","Approx: 1.00 lb at $18.2/lb","Market Basket.jpg",,"22"
"4371","Meat & Seafood","Meat & Seafood Counter","Tuna","Market Basket","Spicy Tuna Roll","Spicy Tuna Roll","7.79","0.0","","1 lb","1 lb","Market Basket.jpg",,"22"
"4372","Meat & Seafood","Meat & Seafood Counter","Turkey","Shady Brook Farms","Shady Brook Farms All Natural Turkey","Shady Brook Farms All Natural Turkey","2.2","0.0","","Approx: 1.30 lb at $1.69/lb","Approx: 1.30 lb at $1.69/lb","No Image.jpg",,"22"
"4373","Meat & Seafood","Meat & Seafood Counter","Turkey","Shady Brook Farms","Shady Brooks Farms Ground Turkey","Shady Brooks Farms Ground Turkey","4.09","0.0","","1 lb","1 lb","16681.jpg",,"22"
"4374","Meat & Seafood","Meat & Seafood Counter","Turkey Breast","Shady Brook Farms","Shady Brook Turkey Breast Scallopini","Shady Brook Turkey Breast Scallopini","7.19","0.0","","1 lb","1 lb","No Image.jpg",,"22"
"4375","Meat & Seafood","Meat & Seafood Counter","Turkey Breast","Thin 'n Trim","Thin 'n Trim Honey Turkey Breast","Thin 'n Trim Honey Turkey Breast","7.39","0.0","","1 lb","1 lb","No Image.jpg",,"22"
"4376","Meat & Seafood","Meat & Seafood Counter","Turkey Breast","Thin 'n Trim","Thin 'n Trim Thinly Sliced Smoked Turkey Breast","Thin 'n Trim Thinly Sliced Smoked Turkey Breast","4.39","0.0","","1 lb","1 lb","No Image.jpg",,"22"
"4377","Meat & Seafood","Meat & Seafood Counter","Turkey Thighs","Shady Brook Farms","Shady Brook Farms Turkey Thighs","Shady Brook Farms Turkey Thighs","5.58","0.0","","Approx: 2.00 lb at $2.79/lb","Approx: 2.00 lb at $2.79/lb","No Image.jpg",,"22"
"4378","Meat & Seafood","Meat & Seafood Counter","Whiting","Market Basket","Market Basket Whole Wild Whiting","Market Basket Whole Wild Whiting","4.98","0.0","","Approx: 1.13 lb at $4.39/lb","Approx: 1.13 lb at $4.39/lb","Market Basket.jpg",,"22"
"4379","Meat & Seafood","Hot Dogs, Bacon & Sausage","Bacon","Alfresco","Alfresco Original Uncured Chicken Bacon","Alfresco Original Uncured Chicken Bacon","3.69","0.0","","14 count","14 count","4145.jpg",,"1"
"4380","Meat & Seafood","Hot Dogs, Bacon & Sausage","Bacon","Applegate","Applegate Natural Reduced Sodium Sunday Bacon","Applegate Natural Reduced Sodium Sunday Bacon","6.69","0.0","","8 oz","8 oz","4184.jpg",,"1"
"4381","Meat & Seafood","Hot Dogs, Bacon & Sausage","Bacon","Applegate","Applegate Organic Turkey Bacon","Applegate Organic Turkey Bacon","6.99","0.0","","8 oz","8 oz","4185.jpg",,"22"
"4382","Meat & Seafood","Hot Dogs, Bacon & Sausage","Bacon","Butterball","Butterball Every Day Original Fully Cooked Turkey Bacon","Butterball Every Day Original Fully Cooked Turkey Bacon","3.49","0.0","","3 oz","3 oz","16743.jpg",,"22"
"4383","Meat & Seafood","Hot Dogs, Bacon & Sausage","Bacon","Coleman","Coleman Uncured Hickory Smoked Bacon","Coleman Uncured Hickory Smoked Bacon","9.19","0.0","","0.75 lb","0.75 lb","4192.jpg",,"22"
"4384","Meat & Seafood","Hot Dogs, Bacon & Sausage","Bacon","Farmland","Farmland Bacon","Farmland Bacon","4.69","0.0","","16 oz","16 oz","18048.jpg",,"1"
"4385","Meat & Seafood","Hot Dogs, Bacon & Sausage","Bacon","Hormel","Hormel Fully Cooked Original 100% Real Thick Cut Bacon","Hormel Fully Cooked Original 100% Real Thick Cut Bacon","4.39","0.0","","2.52 oz","2.52 oz","16723.jpg",,"1"
"4386","Meat & Seafood","Hot Dogs, Bacon & Sausage","Bacon","Hormel","Hormel Natural Hardwood Smoke Maple Bacon","Hormel Natural Hardwood Smoke Maple Bacon","6.23","0.0","","340 g","340 g","16736.jpg",,"1"
"4387","Meat & Seafood","Hot Dogs, Bacon & Sausage","Bacon","Hormel","Hormel Natural Hardwood Smoke Original Bacon","Hormel Natural Hardwood Smoke Original Bacon","5.79","0.0","","16 oz","16 oz","16741.jpg",,"1"
"4388","Meat & Seafood","Hot Dogs, Bacon & Sausage","Bacon","Hormel","Hormel Naturally Hardwood Smoked 97% Fat Free Canadian Bacon","Hormel Naturally Hardwood Smoked 97% Fat Free Canadian Bacon","4.59","0.0","","6 oz","6 oz","16722.jpg",,"1"
"4389","Meat & Seafood","Hot Dogs, Bacon & Sausage","Bacon","Jennie-o","Jennie-O Turkey Bacon","Jennie-O Turkey Bacon","3.09","0.0","","12 oz","12 oz","16727.jpg",,"1"
"4390","Meat & Seafood","Hot Dogs, Bacon & Sausage","Bacon","Jones Dairy Farm","Jones Dairy Farm Canadian Bacon Hickory Smoked","Jones Dairy Farm Canadian Bacon Hickory Smoked","4.29","0.0","","10 x 6 oz","10 x 6 oz","16730.jpg",,"22"
"4391","Meat & Seafood","Hot Dogs, Bacon & Sausage","Bacon","Jones Dairy Farm","Jones Dairy Farm Turkey Bacon, Cherrywood Smoked, Uncured","Jones Dairy Farm Turkey Bacon, Cherrywood Smoked, Uncured","4.09","0.0","","8 oz","8 oz","16744.jpg",,"1"
"4392","Meat & Seafood","Hot Dogs, Bacon & Sausage","Bacon","Market Basket","Marker Basket Bacon","Marker Basket Bacon","3.09","0.0","","1 pack","1 pack","Market Basket.jpg",,"1"
"4393","Meat & Seafood","Hot Dogs, Bacon & Sausage","Bacon","Market Basket","Market Basket Bacon Steak Cuts","Market Basket Bacon Steak Cuts","3.69","0.0","","1 pack","1 pack","Market Basket.jpg",,"22"
"4394","Meat & Seafood","Hot Dogs, Bacon & Sausage","Bacon","Market Basket","Market Basket Fully Cooked Bacon","Market Basket Fully Cooked Bacon","3.69","0.0","","2.1 oz","2.1 oz","Market Basket.jpg",,"22"
"4395","Meat & Seafood","Hot Dogs, Bacon & Sausage","Bacon","Market Basket","Market Basket Hickory Smoked Bacon","Market Basket Hickory Smoked Bacon","4.89","0.0","","16 oz","16 oz","Market Basket.jpg",,"1"
"4396","Meat & Seafood","Hot Dogs, Bacon & Sausage","Bacon","Market Basket","Market Basket Hickory Smoked Bacon Regular Sliced","Market Basket Hickory Smoked Bacon Regular Sliced","4.89","0.0","","16 oz","16 oz","Market Basket.jpg",,"1"
"4397","Meat & Seafood","Hot Dogs, Bacon & Sausage","Bacon","Market Basket","Market Basket Lower Sodium Hickory Smoked Sliced Bacon","Market Basket Lower Sodium Hickory Smoked Sliced Bacon","4.89","0.0","","16 oz","16 oz","Market Basket.jpg",,"1"
"4398","Meat & Seafood","Hot Dogs, Bacon & Sausage","Bacon","Market Basket","Market Basket Thick Sliced Bacon","Market Basket Thick Sliced Bacon","6.69","0.0","","20 oz","20 oz","Market Basket.jpg",,"1"
"4399","Meat & Seafood","Hot Dogs, Bacon & Sausage","Bacon","Market Basket","Market Basket Thick Sliced Pepper Bacon","Market Basket Thick Sliced Pepper Bacon","6.69","0.0","","20 oz","20 oz","Market Basket.jpg",,"1"
"4400","Meat & Seafood","Hot Dogs, Bacon & Sausage","Bacon","Oscar Mayer","Oscar Mayer Bacon","Oscar Mayer Bacon","6.69","0.0","","16 oz","16 oz","4159.jpg",,"1"
"4401","Meat & Seafood","Hot Dogs, Bacon & Sausage","Bacon","Oscar Mayer","Oscar Mayer Center Cut Original Bacon","Oscar Mayer Center Cut Original Bacon","6.09","0.0","","12 oz","12 oz","4164.jpg",,"1"
"4402","Meat & Seafood","Hot Dogs, Bacon & Sausage","Bacon","Oscar Mayer","Oscar Mayer Fully Cooked Bacon","Oscar Mayer Fully Cooked Bacon","4.69","0.0","","2.52 oz","2.52 oz","4158.jpg",,"1"
"4403","Meat & Seafood","Hot Dogs, Bacon & Sausage","Bacon","Oscar Mayer","Oscar Mayer Hearty Thick Cut Bacon","Oscar Mayer Hearty Thick Cut Bacon","6.69","0.0","","16 oz","16 oz","4160.jpg",,"1"
"4404","Meat & Seafood","Hot Dogs, Bacon & Sausage","Bacon","Oscar Mayer","Oscar Mayer Naturally Hardwood Smoked Bacon, Lower Sodium","Oscar Mayer Naturally Hardwood Smoked Bacon, Lower Sodium","6.69","0.0","","16 oz","16 oz","4166.jpg",,"1"
"4405","Meat & Seafood","Hot Dogs, Bacon & Sausage","Bacon","Oscar Mayer","Oscar Mayer Turkey Bacon","Oscar Mayer Turkey Bacon","4.09","0.0","","12 oz","12 oz","4168.jpg",,"1"
"4406","Meat & Seafood","Hot Dogs, Bacon & Sausage","Bacon","Smithfield","Smithfield Bacon","Smithfield Bacon","3.69","0.0","","12 oz","12 oz","4187.jpg",,"1"
"4407","Meat & Seafood","Hot Dogs, Bacon & Sausage","Bacon","Smithfield","Smithfield Bacon","Smithfield Bacon","8.19","0.0","","16 oz","16 oz","4188.jpg",,"1"
"4408","Meat & Seafood","Hot Dogs, Bacon & Sausage","Bacon","Smithfield","Smithfield Bacon","Smithfield Bacon","8.19","0.0","","16 oz","16 oz","4191.jpg",,"1"
"4409","Meat & Seafood","Hot Dogs, Bacon & Sausage","Bacon","Wright","Wright Thick Sliced Hickory Smoked Bacon","Wright Thick Sliced Hickory Smoked Bacon","8.59","0.0","","24 oz","24 oz","16740.jpg",,"1"
"4410","Meat & Seafood","Hot Dogs, Bacon & Sausage","Hot Dogs","Applegate","Applegate Organic Beef Hot Dogs","Applegate Organic Beef Hot Dogs","6.69","0.0","","12 oz","12 oz","4183.jpg",,"1"
"4411","Meat & Seafood","Hot Dogs, Bacon & Sausage","Hot Dogs","Applegate","Applegate Organic Turkey Hot Dogs","Applegate Organic Turkey Hot Dogs","7.39","0.0","","12 oz","12 oz","4186.jpg",,"1"
"4412","Meat & Seafood","Hot Dogs, Bacon & Sausage","Hot Dogs","Ball Park","Ball Park Beef Franks","Ball Park Beef Franks","4.89","0.0","","8 count","8 count","16720.jpg",,"1"
"4413","Meat & Seafood","Hot Dogs, Bacon & Sausage","Hot Dogs","Ball Park","Ball Park Beef Hot Dogs","Ball Park Beef Hot Dogs","8.59","0.0","","30 oz","30 oz","16739.jpg",,"1"
"4414","Meat & Seafood","Hot Dogs, Bacon & Sausage","Hot Dogs","Banquet","Banquet Brown N Serve Original Link","Banquet Brown N Serve Original Link","5.99","0.0","","32 oz","32 oz","16719.jpg",,"1"
"4415","Meat & Seafood","Hot Dogs, Bacon & Sausage","Hot Dogs","Bar S","Bar S Classic Jumbo Franks","Bar S Classic Jumbo Franks","1.59","0.0","","16 oz","16 oz","16718.jpg",,"1"
"4416","Meat & Seafood","Hot Dogs, Bacon & Sausage","Hot Dogs","Bar S","Bar S Smoked Polska Kielbasa","Bar S Smoked Polska Kielbasa","3.09","0.0","","13 oz","13 oz","16734.jpg",,"1"
"4417","Meat & Seafood","Hot Dogs, Bacon & Sausage","Hot Dogs","Busseto Foods","Busseto Foods Perfect For Pizza, Pastas And Omelets!","Busseto Foods Perfect For Pizza, Pastas And Omelets!","3.69","0.0","","5 oz","5 oz","No Image.jpg",,"1"
"4418","Meat & Seafood","Hot Dogs, Bacon & Sausage","Hot Dogs","Carando","Carando Spiral Recipe Sliced Deli Ham","Carando Spiral Recipe Sliced Deli Ham","7.39","0.0","","1 lb","1 lb","No Image.jpg",,"1"
"4419","Meat & Seafood","Hot Dogs, Bacon & Sausage","Hot Dogs","Cedar","Cedar Hommus","Cedar Hommus","1.89","0.0","","1 lb","1 lb","No Image.jpg",,"1"
"4420","Meat & Seafood","Hot Dogs, Bacon & Sausage","Hot Dogs","Hebrew National","Hebrew National Beef Franks","Hebrew National Beef Franks","4.89","0.0","","12 oz","12 oz","4195.jpg",,"1"
"4421","Meat & Seafood","Hot Dogs, Bacon & Sausage","Hot Dogs","Hebrew National","Hebrew National Bun Length Franks","Hebrew National Bun Length Franks","4.89","0.0","","12 oz","12 oz","4197.jpg",,"1"
"4422","Meat & Seafood","Hot Dogs, Bacon & Sausage","Hot Dogs","Hebrew National","Hebrew National Franks Hotdogs","Hebrew National Franks Hotdogs","4.89","0.0","","11 oz","11 oz","4196.jpg",,"1"
"4423","Meat & Seafood","Hot Dogs, Bacon & Sausage","Hot Dogs","Hebrew National","Hebrew National Reduced Fat Franks Hotdogs","Hebrew National Reduced Fat Franks Hotdogs","6.09","0.0","","11 oz","11 oz","4198.jpg",,"1"
"4424","Meat & Seafood","Hot Dogs, Bacon & Sausage","Hot Dogs","Hillshire Farm","Hillshire Farm Beef Polska Kielbasa","Hillshire Farm Beef Polska Kielbasa","3.69","0.0","","13 oz","13 oz","4178.jpg",,"1"
"4425","Meat & Seafood","Hot Dogs, Bacon & Sausage","Hot Dogs","Jennie-o","Jennie-O Jumbo Turkey Franks","Jennie-O Jumbo Turkey Franks","5.79","0.0","","48 oz","48 oz","16747.jpg",,"1"
"4426","Meat & Seafood","Hot Dogs, Bacon & Sausage","Hot Dogs","Jennie-o","Jennie-O Turkey Franks","Jennie-O Turkey Franks","1.59","0.0","","12 oz","12 oz","16733.jpg",,"1"
"4427","Meat & Seafood","Hot Dogs, Bacon & Sausage","Hot Dogs","Jodran's","Jordan's Chicken, Pork & Beef Franks","Jordan's Chicken, Pork & Beef Franks","7.39","0.0","","48 oz","48 oz","No Image.jpg",,"1"
"4428","Meat & Seafood","Hot Dogs, Bacon & Sausage","Hot Dogs","Kayem","Kayem Fenway Franks Beef","Kayem Fenway Franks Beef","6.09","0.0","","16 oz","16 oz","4182.jpg",,"1"
"4429","Meat & Seafood","Hot Dogs, Bacon & Sausage","Hot Dogs","Kayem","Kayem Minis Beef & Pork Cocktail Franks","Kayem Minis Beef & Pork Cocktail Franks","4.79","0.0","","14 oz","14 oz","No Image.jpg",,"1"
"4430","Meat & Seafood","Hot Dogs, Bacon & Sausage","Hot Dogs","Kayem","Kayem Old Tyme Natural Casing Frankfurters Beef","Kayem Old Tyme Natural Casing Frankfurters Beef","4.89","0.0","","6 x 12 oz","6 x 12 oz","4180.jpg",,"1"
"4431","Meat & Seafood","Hot Dogs, Bacon & Sausage","Hot Dogs","Leidy's","Leidy's Smoked Kielbasa","Leidy's Smoked Kielbasa","3.49","0.0","","12 oz","12 oz","No Image.jpg",,"1"
"4432","Meat & Seafood","Hot Dogs, Bacon & Sausage","Hot Dogs","Market Basket","Beef Marrow Bone","Beef Marrow Bone","2.49","0.0","","1 lb","1 lb","Market Basket.jpg",,"1"
"4433","Meat & Seafood","Hot Dogs, Bacon & Sausage","Hot Dogs","Market Basket","Bologna","Bologna","4.69","0.0","","1 lb","1 lb","Market Basket.jpg",,"1"
"4434","Meat & Seafood","Hot Dogs, Bacon & Sausage","Hot Dogs","Market Basket","Market Basket Beef Franks","Market Basket Beef Franks","3.29","0.0","","16 oz","16 oz","Market Basket.jpg",,"1"
"4435","Meat & Seafood","Hot Dogs, Bacon & Sausage","Hot Dogs","Market Basket","Market Basket Lite Polska Kielbasa","Market Basket Lite Polska Kielbasa","3.69","0.0","","14 oz","14 oz","Market Basket.jpg",,"1"
"4436","Meat & Seafood","Hot Dogs, Bacon & Sausage","Hot Dogs","Market Basket","Market Basket Polska Kielbasa","Market Basket Polska Kielbasa","3.69","0.0","","14 oz","14 oz","Market Basket.jpg",,"1"
"4437","Meat & Seafood","Hot Dogs, Bacon & Sausage","Hot Dogs","Meisterchef","Meisterchef Bologna","Meisterchef Bologna","2.79","0.0","","1 lb","1 lb","No Image.jpg",,"1"
"4438","Meat & Seafood","Hot Dogs, Bacon & Sausage","Hot Dogs","Nathan's","Nathan's Franks","Nathan's Franks","4.89","0.0","","12 oz","12 oz","16735.jpg",,"1"
"4439","Meat & Seafood","Hot Dogs, Bacon & Sausage","Hot Dogs","Nathan's","Nathan's Skinless Beef Franks","Nathan's Skinless Beef Franks","3.69","0.0","","8 x 14 oz","8 x 14 oz","16724.jpg",,"1"
"4440","Meat & Seafood","Hot Dogs, Bacon & Sausage","Hot Dogs","Old Neighborhood","Old Neighborhood Linguica","Old Neighborhood Linguica","3.69","0.0","","12 oz","12 oz","No Image.jpg",,"1"
"4441","Meat & Seafood","Hot Dogs, Bacon & Sausage","Hot Dogs","Oscar Mayer","Oscar Mayer Cheese Dogs","Oscar Mayer Cheese Dogs","4.89","0.0","","10 count","10 count","4169.jpg",,"1"
"4442","Meat & Seafood","Hot Dogs, Bacon & Sausage","Hot Dogs","Oscar Mayer","Oscar Mayer Smoked Angus Beef Franks","Oscar Mayer Smoked Angus Beef Franks","4.89","0.0","","8 x 14 oz","8 x 14 oz","4167.jpg",,"1"
"4443","Meat & Seafood","Hot Dogs, Bacon & Sausage","Hot Dogs","Oscar Mayer","Oscar Mayer Turkey Franks","Oscar Mayer Turkey Franks","2.79","0.0","","10 x 16 oz","10 x 16 oz","4161.jpg",,"1"
"4444","Meat & Seafood","Hot Dogs, Bacon & Sausage","Hot Dogs","Oscar Mayer","Oscar Mayer Wieners","Oscar Mayer Wieners","3.49","0.0","","10 count","10 count","18047.jpg",,"1"
"4445","Meat & Seafood","Hot Dogs, Bacon & Sausage","Hot Dogs","Oscar Mayer","Oscar Mayer. Premium Beef Franks","Oscar Mayer. Premium Beef Franks","5.49","0.0","","10 count","10 count","16737.jpg",,"1"
"4446","Meat & Seafood","Hot Dogs, Bacon & Sausage","Hot Dogs","Pearl Country","Pearl Country Club Beef Frankfurters","Pearl Country Club Beef Frankfurters","4.59","0.0","","6 x 12 oz","6 x 12 oz","No Image.jpg",,"1"
"4447","Meat & Seafood","Hot Dogs, Bacon & Sausage","Sausage","Alfresco","Alfresco All Natural Chicken Sausage Buffalo Style","Alfresco All Natural Chicken Sausage Buffalo Style","4.89","0.0","","14 oz","14 oz","4154.jpg",,"1"
"4448","Meat & Seafood","Hot Dogs, Bacon & Sausage","Sausage","Alfresco","Alfresco All Natural Chicken Sausage Roasted Garlic & Herb","Alfresco All Natural Chicken Sausage Roasted Garlic & Herb","6.09","0.0","","14 oz","14 oz","4155.jpg",,"1"
"4449","Meat & Seafood","Hot Dogs, Bacon & Sausage","Sausage","Alfresco","Alfresco All Natural Chicken Sausage Sweet Apple","Alfresco All Natural Chicken Sausage Sweet Apple","4.89","0.0","","14 oz","14 oz","4152.jpg",,"1"
"4450","Meat & Seafood","Hot Dogs, Bacon & Sausage","Sausage","Alfresco","Alfresco All Natural Chicken Sausage Sweet Italian Style","Alfresco All Natural Chicken Sausage Sweet Italian Style","5.29","0.0","","12 oz","12 oz","4146.jpg",,"1"
"4451","Meat & Seafood","Hot Dogs, Bacon & Sausage","Sausage","Alfresco","Alfresco All Natural Chicken Sausage Wild Blueberry","Alfresco All Natural Chicken Sausage Wild Blueberry","3.69","0.0","","8 oz","8 oz","4157.jpg",,"1"
"4452","Meat & Seafood","Hot Dogs, Bacon & Sausage","Sausage","Alfresco","Alfresco All Natural Spinach & Feta Chicken Sausage","Alfresco All Natural Spinach & Feta Chicken Sausage","4.89","0.0","","12 oz","12 oz","4153.jpg",,"1"
"4453","Meat & Seafood","Hot Dogs, Bacon & Sausage","Sausage","Alfresco","Alfresco Buffalo Style Chicken Sausage - 4 CT","Alfresco Buffalo Style Chicken Sausage - 4 CT","5.49","0.0","","12 oz","12 oz","4156.jpg",,"1"
"4454","Meat & Seafood","Hot Dogs, Bacon & Sausage","Sausage","Alfresco","Alfresco Chicken Sausage","Alfresco Chicken Sausage","4.89","0.0","","12 oz","12 oz","4144.jpg",,"1"
"4455","Meat & Seafood","Hot Dogs, Bacon & Sausage","Sausage","Alfresco","Alfresco Chicken Sausage Apple Maple","Alfresco Chicken Sausage Apple Maple","5.29","0.0","","8 oz","8 oz","4151.jpg",,"1"
"4456","Meat & Seafood","Hot Dogs, Bacon & Sausage","Sausage","Alfresco","Alfresco Chicken Sausage Roasted Pepper & Asiago","Alfresco Chicken Sausage Roasted Pepper & Asiago","5.49","0.0","","12 oz","12 oz","4147.jpg",,"1"
"4457","Meat & Seafood","Hot Dogs, Bacon & Sausage","Sausage","Alfresco","Alfresco Roasted Garlic Chicken Sausage","Alfresco Roasted Garlic Chicken Sausage","5.49","0.0","","12 oz","12 oz","4148.jpg",,"1"
"4458","Meat & Seafood","Hot Dogs, Bacon & Sausage","Sausage","Alfresco","Alfresco Spicy Jalapeo Chicken Sausage","Alfresco Spicy Jalapeo Chicken Sausage","5.49","0.0","","12 oz","12 oz","4149.jpg",,"1"
"4459","Meat & Seafood","Hot Dogs, Bacon & Sausage","Sausage","Bianco & Sons","Bianco & Sons Breakfast Sausage","Bianco & Sons Breakfast Sausage","4.59","0.0","","16 oz","16 oz","No Image.jpg",,"1"
"4460","Meat & Seafood","Hot Dogs, Bacon & Sausage","Sausage","Butterball","Butterball Polska Kielbasa Turkey Sausage","Butterball Polska Kielbasa Turkey Sausage","3.09","0.0","","13 oz","13 oz","16731.jpg",,"1"
"4461","Meat & Seafood","Hot Dogs, Bacon & Sausage","Sausage","DiLuigi","DiLuigi Sweet Italian Chicken Sausage","DiLuigi Sweet Italian Chicken Sausage","4.89","0.0","","1 lb","1 lb","No Image.jpg",,"1"
"4462","Meat & Seafood","Hot Dogs, Bacon & Sausage","Sausage","Gaspar's","Gaspar's Ground Linguica Sausage","Gaspar's Ground Linguica Sausage","5.39","0.0","","1 lb","1 lb","No Image.jpg",,"1"
"4463","Meat & Seafood","Hot Dogs, Bacon & Sausage","Sausage","Hillshire Farm","Hillshire Farm  Hot Smoked Sausage Rope","Hillshire Farm  Hot Smoked Sausage Rope","3.69","0.0","","14 oz","14 oz","16726.jpg",,"1"
"4464","Meat & Seafood","Hot Dogs, Bacon & Sausage","Sausage","Hillshire Farm","Hillshire Farm Polska Kielbasa Sausage","Hillshire Farm Polska Kielbasa Sausage","3.69","0.0","","14 oz","14 oz","4177.jpg",,"1"
"4465","Meat & Seafood","Hot Dogs, Bacon & Sausage","Sausage","Hillshire Farm","Hillshire Farm Turkey Polska Kielbasa Smoked Sausage Rope","Hillshire Farm Turkey Polska Kielbasa Smoked Sausage Rope","4.59","0.0","","13 oz","13 oz","4179.jpg",,"1"
"4466","Meat & Seafood","Hot Dogs, Bacon & Sausage","Sausage","Jimmy Dean","Jimmy Dean Premium Pork Regular Sausage Roll, 16 oz.","Jimmy Dean Premium Pork Regular Sausage Roll, 16 oz.","4.89","0.0","","16 oz","16 oz","16732.jpg",,"1"
"4467","Meat & Seafood","Hot Dogs, Bacon & Sausage","Sausage","Johnsonville","Johnsonville Breakfast Sausage Original","Johnsonville Breakfast Sausage Original","4.09","0.0","","12 oz","12 oz","4175.jpg",,"1"
"4468","Meat & Seafood","Hot Dogs, Bacon & Sausage","Sausage","Johnsonville","Johnsonville Breakfast Sausage Original Recipe","Johnsonville Breakfast Sausage Original Recipe","4.09","0.0","","12 oz","12 oz","4172.jpg",,"1"
"4469","Meat & Seafood","Hot Dogs, Bacon & Sausage","Sausage","Johnsonville","Johnsonville Chorizo Smoked Sausage","Johnsonville Chorizo Smoked Sausage","3.49","0.0","","13.5 oz","13.5 oz","4176.jpg",,"1"
"4470","Meat & Seafood","Hot Dogs, Bacon & Sausage","Sausage","Johnsonville","Johnsonville Italian Sausage Hot","Johnsonville Italian Sausage Hot","5.29","0.0","","19 oz","19 oz","4173.jpg",,"1"
"4471","Meat & Seafood","Hot Dogs, Bacon & Sausage","Sausage","Johnsonville","Johnsonville Italian Sausage Sweet - 5 CT","Johnsonville Italian Sausage Sweet - 5 CT","5.29","0.0","","5 x 19 oz","5 x 19 oz","4170.jpg",,"1"
"4472","Meat & Seafood","Hot Dogs, Bacon & Sausage","Sausage","Johnsonville","Johnsonville Italian Sausage, All Natural, Sweet","Johnsonville Italian Sausage, All Natural, Sweet","3.69","0.0","","16 oz","16 oz","4171.jpg",,"1"
"4473","Meat & Seafood","Hot Dogs, Bacon & Sausage","Sausage","Johnsonville","Johnsonville Original Recipe Breakfast Sausage","Johnsonville Original Recipe Breakfast Sausage","4.29","0.0","","12 oz","12 oz","No Image.jpg",,"1"
"4474","Meat & Seafood","Hot Dogs, Bacon & Sausage","Sausage","Johnsonville","Johnsonville Vermont Maple Syrup Breakfast Sausage","Johnsonville Vermont Maple Syrup Breakfast Sausage","4.09","0.0","","12 oz","12 oz","4174.jpg",,"1"
"4475","Meat & Seafood","Hot Dogs, Bacon & Sausage","Sausage","Leidy's","Leidy's Andouille Sausage","Leidy's Andouille Sausage","4.29","0.0","","12 oz","12 oz","No Image.jpg",,"1"
"4476","Meat & Seafood","Hot Dogs, Bacon & Sausage","Sausage","Market Basket","Market Basket Ground Sweet Italian Sausage","Market Basket Ground Sweet Italian Sausage","6.09","0.0","","1 pack","1 pack","Market Basket.jpg",,"1"
"4477","Meat & Seafood","Hot Dogs, Bacon & Sausage","Sausage","Market Basket","Market Basket Hot Italian Sausage","Market Basket Hot Italian Sausage","4.09","0.0","","1 lb","1 lb","Market Basket.jpg",,"22"
"4478","Meat & Seafood","Hot Dogs, Bacon & Sausage","Sausage","Market Basket","Market Basket Sweet Italian Sausage","Market Basket Sweet Italian Sausage","3.89","0.0","","1.23 lb","1.23 lb","Market Basket.jpg",,"22"
"4479","Meat & Seafood","Hot Dogs, Bacon & Sausage","Sausage","Old Neighborhood","Old Neighborhood Chinese Sausage","Old Neighborhood Chinese Sausage","4.09","0.0","","12 oz","12 oz","No Image.jpg",,"1"
"4480","Meat & Seafood","Hot Dogs, Bacon & Sausage","Sausage","Old Neighborhood","Old Neighborhood Hot Italian Sausage","Old Neighborhood Hot Italian Sausage","3.69","0.0","","12 oz","12 oz","No Image.jpg",,"1"
"4481","Meat & Seafood","Hot Dogs, Bacon & Sausage","Sausage","Old Neighborhood","Old Neighborhood Italian Sweet Sausage","Old Neighborhood Italian Sweet Sausage","3.69","0.0","","12 oz","12 oz","No Image.jpg",,"1"
"4482","Meat & Seafood","Hot Dogs, Bacon & Sausage","Sausage","Shady Brook Farms","Shady Brook Farms Lean Turkey Sausage Original","Shady Brook Farms Lean Turkey Sausage Original","6.09","0.0","","16 oz","16 oz","16746.jpg",,"1"
"4483","Meat & Seafood","Hot Dogs, Bacon & Sausage","Sausage","Thin 'n Trim","Thin 'n Trim All Natural Garden Vegetable Chicken Sausage","Thin 'n Trim All Natural Garden Vegetable Chicken Sausage","3.69","0.0","","10 oz","10 oz","No Image.jpg",,"1"
"4484","Meat & Seafood","Hot Dogs, Bacon & Sausage","Sausage","Thin 'n Trim","Thin 'n Trim Chicken Sausage Buffalo Style","Thin 'n Trim Chicken Sausage Buffalo Style","3.69","0.0","","10 oz","10 oz","16728.jpg",,"1"
"4485","Meat & Seafood","Hot Dogs, Bacon & Sausage","Sausage","Thin 'n Trim","Thin 'n Trim Chicken Sausage Spinach & Red Onion","Thin 'n Trim Chicken Sausage Spinach & Red Onion","3.69","0.0","","10 oz","10 oz","16729.jpg",,"1"
"4486","Meat & Seafood","Hot Dogs, Bacon & Sausage","Sausage","Thin 'n Trim","Thin 'n Trim Chicken Sausage Sweet Italian with Red Bell Peppers","Thin 'n Trim Chicken Sausage Sweet Italian with Red Bell Peppers","3.69","0.0","","10 oz","10 oz","16721.jpg",,"1"
"4487","Meat & Seafood","Lunch Meat","Beef","Deli","Deli Style Roast Beef","Deli Style Roast Beef","13.49","0.0","","1 lb","1 lb","17273.jpg",,"22"
"4488","Meat & Seafood","Lunch Meat","Beef","Oscar Mayer","Oscar Mayer Beef Bologna","Oscar Mayer Beef Bologna","3.89","0.0","","8 oz","8 oz","5409.jpg",,"22"
"4489","Meat & Seafood","Lunch Meat","Chicken","Applegate","Applegate Natural Oven Roasted Chicken Breast","Applegate Natural Oven Roasted Chicken Breast","5.29","0.0","","7 oz","7 oz","5438.jpg",,"1"
"4490","Meat & Seafood","Lunch Meat","Chicken","Hillshire Farm","Hillshire Farm  Bold Flavor Lunchmeat, Chipotle Chicken Breast","Hillshire Farm  Bold Flavor Lunchmeat, Chipotle Chicken Breast","4.89","0.0","","8 oz","8 oz","5433.jpg",,"1"
"4491","Meat & Seafood","Lunch Meat","Chicken","Market Basket","Market Basket Oven Roasted Chicken Breast","Market Basket Oven Roasted Chicken Breast","1.69","0.0","","1 lb","1 lb","Market Basket.jpg",,"22"
"4492","Meat & Seafood","Lunch Meat","Chicken","Thin 'n Trim","Thin 'n Trim Thinly Sliced Buffalo Style Chicken Breast","Thin 'n Trim Thinly Sliced Buffalo Style Chicken Breast","7.39","0.0","","Approx: 1.00 lb at $7.39/lb","Approx: 1.00 lb at $7.39/lb","No Image.jpg",,"22"
"4493","Meat & Seafood","Lunch Meat","Chicken","Waterhill Naturals","Waterhill Naturals Oven Roasted Chicken Breast","Waterhill Naturals Oven Roasted Chicken Breast","4.89","0.0","","6 oz","6 oz","17293.jpg",,"22"
"4494","Meat & Seafood","Lunch Meat","Chicken & Turkey","Butterball","Butterball Made W/Chicken & Turkey Bologna","Butterball Made W/Chicken & Turkey Bologna","2.49","0.0","","16 oz","16 oz","5456.jpg",,"22"
"4495","Meat & Seafood","Lunch Meat","Ham","Applegate","Applegate Organic Black Forest Ham","Applegate Organic Black Forest Ham","6.09","0.0","","6 oz","6 oz","5439.jpg",,"1"
"4496","Meat & Seafood","Lunch Meat","Ham","Applegate","Applegate Organic Slow Cooked Ham","Applegate Organic Slow Cooked Ham","6.09","0.0","","6 oz","6 oz","5441.jpg",,"22"
"4497","Meat & Seafood","Lunch Meat","Ham","Deli","Deli Select Ultra Thin Sliced Lunchmeat, Smoked Ham, 16 oz.","Deli Select Ultra Thin Sliced Lunchmeat, Smoked Ham, 16 oz.","6.09","0.0","","16 oz","16 oz","17280.jpg",,"1"
"4498","Meat & Seafood","Lunch Meat","Ham","Fresh","Oscar Mayer Deli Fresh Honey Ham","Oscar Mayer Deli Fresh Honey Ham","4.09","0.0","","9 oz","9 oz","5403.jpg",,"1"
"4499","Meat & Seafood","Lunch Meat","Ham","Fresh","Oscar Mayer Deli Fresh Honey Shaved Smoked Ham","Oscar Mayer Deli Fresh Honey Shaved Smoked Ham","7.09","0.0","","16 oz","16 oz","5414.jpg",,"1"
"4500","Meat & Seafood","Lunch Meat","Ham","Glen Rock","Glen Rock Boneless Smoked Ham","Glen Rock Boneless Smoked Ham","6.27","0.0","","Approx: 1.70 lb at $3.69/lb","Approx: 1.70 lb at $3.69/lb","No Image.jpg",,"22"
"4501","Meat & Seafood","Lunch Meat","Ham","Hatfield","Hatfield Classic Boneless Ham Steak","Hatfield Classic Boneless Ham Steak","2.99","0.0","","8 oz","8 oz","17278.jpg",,"22"
"4502","Meat & Seafood","Lunch Meat","Ham","Healthy Ones","Healthy Ones Black Forest Deli Thin-Sliced Ham","Healthy Ones Black Forest Deli Thin-Sliced Ham","3.69","0.0","","7 oz","7 oz","17275.jpg",,"1"
"4503","Meat & Seafood","Lunch Meat","Ham","Healthy Ones","Healthy Ones Honey Deli Thin-Sliced Ham","Healthy Ones Honey Deli Thin-Sliced Ham","3.69","0.0","","7 oz","7 oz","17289.jpg",,"1"
"4504","Meat & Seafood","Lunch Meat","Ham","Hillshire Farm","Hillshire Farm  Ultra Thin Sliced Lunchmeat, Brown Sugar Ham","Hillshire Farm  Ultra Thin Sliced Lunchmeat, Brown Sugar Ham","8.59","0.0","","16 oz","16 oz","5430.jpg",,"22"
"4505","Meat & Seafood","Lunch Meat","Ham","Hillshire Farm","Hillshire Farm Ultra Thin Sliced Lunchmeat, Honey Ham","Hillshire Farm Ultra Thin Sliced Lunchmeat, Honey Ham","4.59","0.0","","9 oz","9 oz","5425.jpg",,"1"
"4506","Meat & Seafood","Lunch Meat","Ham","Hillshire Farm","Hillshire Farm Ultra Thin Sliced Lunchmeat, Honey Ham","Hillshire Farm Ultra Thin Sliced Lunchmeat, Honey Ham","6.09","0.0","","16 oz","16 oz","5429.jpg",,"1"
"4507","Meat & Seafood","Lunch Meat","Ham","Hillshire Farm","Hillshire Farm Ultra Thin Sliced Lunchmeat, Smoked Ham","Hillshire Farm Ultra Thin Sliced Lunchmeat, Smoked Ham","4.59","0.0","","9 oz","9 oz","5431.jpg",,"22"
"4508","Meat & Seafood","Lunch Meat","Ham","Hormel","Hormel Cooked Deli Ham","Hormel Cooked Deli Ham","4.29","0.0","","8 oz","8 oz","5445.jpg",,"22"
"4509","Meat & Seafood","Lunch Meat","Ham","Hormel","Hormel Natural Choice Honey Deli Ham","Hormel Natural Choice Honey Deli Ham","4.29","0.0","","8 oz","8 oz","5449.jpg",,"22"
"4510","Meat & Seafood","Lunch Meat","Ham","Jones Dairy Farm","Jones Dairy Farm Ham Steak Hickory Smoked","Jones Dairy Farm Ham Steak Hickory Smoked","4.09","0.0","","7 oz","7 oz","17291.jpg",,"22"
"4511","Meat & Seafood","Lunch Meat","Ham","Leidy's","Leidy's Hardwood Smoked Premium Boneless Ham Steak","Leidy's Hardwood Smoked Premium Boneless Ham Steak","3.18","0.0","","Approx: 0.65 lb at $4.89/lb","Approx: 0.65 lb at $4.89/lb","No Image.jpg",,"22"
"4512","Meat & Seafood","Lunch Meat","Ham","Leidy's","Leidy's Uncured Smoked Ham Steak","Leidy's Uncured Smoked Ham Steak","4.29","0.0","","6 oz","6 oz","No Image.jpg",,"22"
"4513","Meat & Seafood","Lunch Meat","Ham","Market Basket","Black Forest Ham","Black Forest Ham","7.39","0.0","","1 lb","1 lb","17272.jpg",,"22"
"4514","Meat & Seafood","Lunch Meat","Ham","Market Basket","Market Basket Black Forest Smoked Ham","Market Basket Black Forest Smoked Ham","3.69","0.0","","10 oz","10 oz","Market Basket.jpg",,"1"
"4515","Meat & Seafood","Lunch Meat","Ham","Market Basket","Market Basket Black Forest Smoked Ham, Tub","Market Basket Black Forest Smoked Ham, Tub","6.79","0.0","","10 oz","10 oz","Market Basket.jpg",,"22"
"4516","Meat & Seafood","Lunch Meat","Ham","Market Basket","Market Basket Boneless Ham Half","Market Basket Boneless Ham Half","11.07","0.0","","Approx: 3.00 lb at $3.69/lb","Approx: 3.00 lb at $3.69/lb","Market Basket.jpg",,"22"
"4517","Meat & Seafood","Lunch Meat","Ham","Market Basket","Market Basket Cooked Ham Zip Pack","Market Basket Cooked Ham Zip Pack","4.09","0.0","","16 oz","16 oz","Market Basket.jpg",,"1"
"4518","Meat & Seafood","Lunch Meat","Ham","Market Basket","Market Basket Cooked Ham, Tub","Market Basket Cooked Ham, Tub","3.69","0.0","","10 oz","10 oz","Market Basket.jpg",,"22"
"4519","Meat & Seafood","Lunch Meat","Ham","Market Basket","Market Basket Honey Ham Zip Pack","Market Basket Honey Ham Zip Pack","4.29","0.0","","16 oz","16 oz","Market Basket.jpg",,"1"
"4520","Meat & Seafood","Lunch Meat","Ham","Market Basket","Market Basket Smoked Ham","Market Basket Smoked Ham","4.89","0.0","","16 oz","16 oz","Market Basket.jpg",,"22"
"4521","Meat & Seafood","Lunch Meat","Ham","Oscar Mayer","Oscar Mayer Lean Boiled Ham","Oscar Mayer Lean Boiled Ham","2.99","0.0","","6 oz","6 oz","5402.jpg",,"1"
"4522","Meat & Seafood","Lunch Meat","Ham","Oscar Mayer","Oscar Mayer Lean Honey Ham","Oscar Mayer Lean Honey Ham","5.79","0.0","","16 oz","16 oz","5411.jpg",,"22"
"4523","Meat & Seafood","Lunch Meat","Ham","Plainville Farms","Plainville Farms Ham, Uncured, Black Forest","Plainville Farms Ham, Uncured, Black Forest","4.89","0.0","","7 oz","7 oz","17296.jpg",,"22"
"4524","Meat & Seafood","Lunch Meat","Ham","San Daniele","Prosciutto Di San Daniele Dan Daniele Ham","Prosciutto Di San Daniele Dan Daniele Ham","9.79","0.0","","4 oz","4 oz","No Image.jpg",,"22"
"4525","Meat & Seafood","Lunch Meat","Ham","Smithfield","Smithfield Hardwood Smoked Ham","Smithfield Hardwood Smoked Ham","31.9","0.0","","Approx: 10.0 lb at $3.19/lb","Approx: 10.0 lb at $3.19/lb","No Image.jpg",,"22"
"4526","Meat & Seafood","Lunch Meat","Ham","Smithfield","Smithfield Sliced Hickory Smoked Boneless Ham","Smithfield Sliced Hickory Smoked Boneless Ham","9.33","0.0","","Approx: 2.28 lb at $4.09/lb","Approx: 2.28 lb at $4.09/lb","No Image.jpg",,"22"
"4527","Meat & Seafood","Lunch Meat","Ham","Sugardale Prestige","Sugardale Prestige Center Slice Smoked Ham","Sugardale Prestige Center Slice Smoked Ham","6.84","0.0","","Approx: 1.59 lb at $4.29/lb","Approx: 1.59 lb at $4.29/lb","No Image.jpg",,"22"
"4528","Meat & Seafood","Lunch Meat","Ham","Thin 'n Trim","Thin 'n Trim Ham Steak With Natural Juices","Thin 'n Trim Ham Steak With Natural Juices","2.19","0.0","","6 oz","6 oz","No Image.jpg",,"22"
"4529","Meat & Seafood","Lunch Meat","Ham","Waterhill Naturals","Waterhill Naturals Uncured Black Forest Ham","Waterhill Naturals Uncured Black Forest Ham","4.89","0.0","","6 oz","6 oz","17294.jpg",,"22"
"4530","Meat & Seafood","Lunch Meat","Other Meat","Carando","Carando Classic Italian Foods Boneless Prosciutto","Carando Classic Italian Foods Boneless Prosciutto","2.19","0.0","","0.22 oz","0.22 oz","No Image.jpg",,"22"
"4531","Meat & Seafood","Lunch Meat","Other Meat","Carando","Carando Classic Italian Foods Prosciutto","Carando Classic Italian Foods Prosciutto","6.59","0.0","","0.67 oz","0.67 oz","No Image.jpg",,"22"
"4532","Meat & Seafood","Lunch Meat","Other Meat","Carando","Carando Dry Sausage","Carando Dry Sausage","3.09","0.0","","7 oz","7 oz","5458.jpg",,"22"
"4533","Meat & Seafood","Lunch Meat","Other Meat","Columbus","Columbus Coppa, Dry","Columbus Coppa, Dry","4.39","0.0","","3 oz","3 oz","5424.jpg",,"22"
"4534","Meat & Seafood","Lunch Meat","Other Meat","Columbus","Columbus Il Classico Antipasto Sampler","Columbus Il Classico Antipasto Sampler","7.39","0.0","","12 oz","12 oz","5418.jpg",,"22"
"4535","Meat & Seafood","Lunch Meat","Other Meat","Columbus","Columbus Pancetta","Columbus Pancetta","14.69","0.0","","1 lb","1 lb","No Image.jpg",,"22"
"4536","Meat & Seafood","Lunch Meat","Other Meat","Columbus","Columbus Peppered Salame","Columbus Peppered Salame","4.39","0.0","","4 oz","4 oz","5422.jpg",,"22"
"4537","Meat & Seafood","Lunch Meat","Other Meat","Columbus","Columbus Pinot Grigio Wine Salame, Lemon Peel","Columbus Pinot Grigio Wine Salame, Lemon Peel","6.09","0.0","","8 oz","8 oz","No Image.jpg",,"22"
"4538","Meat & Seafood","Lunch Meat","Other Meat","Columbus","Columbus Sliced Lite Italian Dry Salame","Columbus Sliced Lite Italian Dry Salame","4.39","0.0","","5 oz","5 oz","5423.jpg",,"22"
"4539","Meat & Seafood","Lunch Meat","Other Meat","Del Duca","Del Duca Prosciutto","Del Duca Prosciutto","4.39","0.0","","3 oz","3 oz","5459.jpg",,"22"
"4540","Meat & Seafood","Lunch Meat","Other Meat","Del Duca","Del Duca Prosciutto & Provolone Cheese Slices","Del Duca Prosciutto & Provolone Cheese Slices","6.09","0.0","","6 oz","6 oz","No Image.jpg",,"22"
"4541","Meat & Seafood","Lunch Meat","Other Meat","Del Duca","Del Duca Prosciutto Panino","Del Duca Prosciutto Panino","6.89","0.0","","8 oz","8 oz","5460.jpg",,"22"
"4542","Meat & Seafood","Lunch Meat","Other Meat","Domestic","Domestic Prosciutto","Domestic Prosciutto","3.49","0.0","","1 lb","1 lb","17276.jpg",,"22"
"4543","Meat & Seafood","Lunch Meat","Other Meat","Fiorucci","Fiorucci Sopressata Panino","Fiorucci Sopressata Panino","4.89","0.0","","6 oz","6 oz","17279.jpg",,"22"
"4544","Meat & Seafood","Lunch Meat","Other Meat","Florida's Natural","Florida's Natural Fruit Snacks","Florida's Natural Fruit Snacks","2.49","0.0","","12 count","12 count","No Image.jpg",,"22"
"4545","Meat & Seafood","Lunch Meat","Other Meat","Fratelli Beretta","Fratelli Beretta Sweet Sopressata","Fratelli Beretta Sweet Sopressata","5.5","0.0","","Approx: 0.50 lb at $10.9/lb","Approx: 0.50 lb at $10.9/lb","No Image.jpg",,"22"
"4546","Meat & Seafood","Lunch Meat","Other Meat","Hillshire Farm","Hillshire Farm Ultra Thin Sliced Lunchmeat, Pastrami","Hillshire Farm Ultra Thin Sliced Lunchmeat, Pastrami","4.59","0.0","","7 oz","7 oz","5432.jpg",,"22"
"4547","Meat & Seafood","Lunch Meat","Other Meat","Market Basket","Market Basket Deutschmacher German Bologna","Market Basket Deutschmacher German Bologna","5.59","0.0","","1 lb","1 lb","Market Basket.jpg",,"22"
"4548","Meat & Seafood","Lunch Meat","Other Meat","Market Basket","Market Basket German Bologna","Market Basket German Bologna","3.69","0.0","","1 lb","1 lb","Market Basket.jpg",,"22"
"4549","Meat & Seafood","Lunch Meat","Other Meat","Market Basket","Market Basket Shaved Pastrami","Market Basket Shaved Pastrami","10.99","0.0","","16 oz","16 oz","Market Basket.jpg",,"22"
"4550","Meat & Seafood","Lunch Meat","Other Meat","Oscar Mayer","Oscar Mayer 95% Fat Free Bologna","Oscar Mayer 95% Fat Free Bologna","4.89","0.0","","12 oz","12 oz","5416.jpg",,"22"
"4551","Meat & Seafood","Lunch Meat","Other Meat","Oscar Mayer","Oscar Mayer Meat Bologna","Oscar Mayer Meat Bologna","2.49","0.0","","12 oz","12 oz","5401.jpg",,"22"
"4552","Meat & Seafood","Lunch Meat","Other Meat","Oscar Mayer","Oscar Mayer Thin Sliced Bologna","Oscar Mayer Thin Sliced Bologna","2.49","0.0","","12 oz","12 oz","5404.jpg",,"1"
"4553","Meat & Seafood","Lunch Meat","Other Meat","San Daniele","San Daniele Calabrese Salame, Prosciutto, Capocollo","San Daniele Calabrese Salame, Prosciutto, Capocollo","7.39","0.0","","6 oz","6 oz","5451.jpg",,"22"
"4554","Meat & Seafood","Lunch Meat","Other Meat","San Daniele","San Daniele Capocollo","San Daniele Capocollo","3.69","0.0","","3 oz","3 oz","No Image.jpg",,"22"
"4555","Meat & Seafood","Lunch Meat","Other Meat","San Daniele","San Daniele Genoa Salame","San Daniele Genoa Salame","3.69","0.0","","3 oz","3 oz","No Image.jpg",,"22"
"4556","Meat & Seafood","Lunch Meat","Other Meat","San Daniele","San Daniele Italian Gourmet Pack Hot Calabrese, Pepper Salame, Hot Capocollo","San Daniele Italian Gourmet Pack Hot Calabrese, Pepper Salame, Hot Capocollo","9.29","0.0","","8 oz","8 oz","No Image.jpg",,"22"
"4557","Meat & Seafood","Lunch Meat","Other Meat","San Daniele","San Daniele Pancetta","San Daniele Pancetta","3.69","0.0","","3 oz","3 oz","5453.jpg",,"22"
"4558","Meat & Seafood","Lunch Meat","Other Meat","San Daniele","San Daniele Salame Portofino","San Daniele Salame Portofino","4.89","0.0","","7 oz","7 oz","5452.jpg",,"22"
"4559","Meat & Seafood","Lunch Meat","Other Meat","Veroni","Veroni Prosciutto","Veroni Prosciutto","8.59","0.0","","4 oz","4 oz","No Image.jpg",,"22"
"4560","Meat & Seafood","Lunch Meat","Other Meat","Veroni","Veroni Prosciutto","Veroni Prosciutto","8.59","0.0","","4 oz","4 oz","No Image.jpg",,"22"
"4561","Meat & Seafood","Lunch Meat","Pepperoni","Carando","Carando Pepperoni","Carando Pepperoni","6.09","0.0","","16 oz","16 oz","No Image.jpg",,"22"
"4562","Meat & Seafood","Lunch Meat","Pepperoni","Hormel","Hormel Original Pepperoni","Hormel Original Pepperoni","3.69","0.0","","6 oz","6 oz","5446.jpg",,"22"
"4563","Meat & Seafood","Lunch Meat","Pepperoni","Hormel","Hormel Original Slices Pepperoni","Hormel Original Slices Pepperoni","1.99","0.0","","3.5 oz","3.5 oz","5448.jpg",,"22"
"4564","Meat & Seafood","Lunch Meat","Pepperoni","Margherita","Margherita Pepperoni Unsliced","Margherita Pepperoni Unsliced","4.05","0.0","","Approx: 0.50 lb at $8.09/lb","Approx: 0.50 lb at $8.09/lb","No Image.jpg",,"22"
"4565","Meat & Seafood","Lunch Meat","Pepperoni","Margherita","Margherita Stick Pepperoni","Margherita Stick Pepperoni","3.69","0.0","","7 oz","7 oz","17286.jpg",,"22"
"4566","Meat & Seafood","Lunch Meat","Pepperoni","Market Basket","Market Basket Thin Sliced Pepperoni","Market Basket Thin Sliced Pepperoni","2.98","0.0","","Approx: 0.49 lb at $6.09/lb","Approx: 0.49 lb at $6.09/lb","5399.jpg",,"22"
"4567","Meat & Seafood","Lunch Meat","Salami","Applegate","Applegate Genoa Salami","Applegate Genoa Salami","4.29","0.0","","4 oz","4 oz","5436.jpg",,"1"
"4568","Meat & Seafood","Lunch Meat","Salami","Busseto Foods","Busseto Foods Salami, Italian Dry","Busseto Foods Salami, Italian Dry","4.09","0.0","","8 oz","8 oz","17290.jpg",,"22"
"4569","Meat & Seafood","Lunch Meat","Salami","Carando","Carando Genoa Salami","Carando Genoa Salami","4.98","0.0","","1 lb","1 lb","No Image.jpg",,"22"
"4570","Meat & Seafood","Lunch Meat","Salami","Carando","Carando Thin Sliced Genoa Salami","Carando Thin Sliced Genoa Salami","4.98","0.0","","1 lb","1 lb","5457.jpg",,"22"
"4571","Meat & Seafood","Lunch Meat","Salami","Columbus","Columbus Calabrese Salami","Columbus Calabrese Salami","4.39","0.0","","5 oz","5 oz","5420.jpg",,"22"
"4572","Meat & Seafood","Lunch Meat","Salami","Columbus","Columbus Italian Dry Salami","Columbus Italian Dry Salami","4.39","0.0","","5 oz","5 oz","5419.jpg",,"22"
"4573","Meat & Seafood","Lunch Meat","Salami","Columbus","Columbus Italian Dry Salami","Columbus Italian Dry Salami","7.39","0.0","","12 oz","12 oz","5421.jpg",,"22"
"4574","Meat & Seafood","Lunch Meat","Salami","Oscar Mayer","Oscar Mayer Cotto Salami","Oscar Mayer Cotto Salami","2.49","0.0","","12 oz","12 oz","5407.jpg",,"22"
"4575","Meat & Seafood","Lunch Meat","Salami","Oscar Mayer","Oscar Mayer Hard Salami","Oscar Mayer Hard Salami","6.09","0.0","","8 oz","8 oz","5410.jpg",,"1"
"4576","Meat & Seafood","Lunch Meat","Salami","Tropical","Tropical Smoked Cooked Salami Original","Tropical Smoked Cooked Salami Original","4.39","0.0","","16 oz","16 oz","No Image.jpg",,"22"
"4577","Meat & Seafood","Lunch Meat","Turkey","Applegate","Applegate Organic Herb Turkey Breast","Applegate Organic Herb Turkey Breast","6.99","0.0","","6 oz","6 oz","5443.jpg",,"1"
"4578","Meat & Seafood","Lunch Meat","Turkey","Applegate","Applegate Organic Oven Roasted Turkey Breast","Applegate Organic Oven Roasted Turkey Breast","6.09","0.0","","6 oz","6 oz","5437.jpg",,"1"
"4579","Meat & Seafood","Lunch Meat","Turkey","Applegate","Applegate Organic Smoked Turkey Breast","Applegate Organic Smoked Turkey Breast","4.89","0.0","","6 oz","6 oz","5442.jpg",,"22"
"4580","Meat & Seafood","Lunch Meat","Turkey","Bridgford","Bridgford Turkey Pepperoni","Bridgford Turkey Pepperoni","4.89","0.0","","4 oz","4 oz","17283.jpg",,"22"
"4581","Meat & Seafood","Lunch Meat","Turkey","Buddig","Buddig Premium Deli Smoked Honey Turkey Breast","Buddig Premium Deli Smoked Honey Turkey Breast","4.89","0.0","","16 oz","16 oz","No Image.jpg",,"22"
"4582","Meat & Seafood","Lunch Meat","Turkey","Buddig","Buddig Turkey Breast & White Turkey, Oven-Roasted, 1 Pound Big Pack","Buddig Turkey Breast & White Turkey, Oven-Roasted, 1 Pound Big Pack","4.89","0.0","","2 each","2 each","17287.jpg",,"1"
"4583","Meat & Seafood","Lunch Meat","Turkey","Buddig","Buddig Turkey Breast & White Turkey, Smoked Honey, 1 Pound Big Pack","Buddig Turkey Breast & White Turkey, Smoked Honey, 1 Pound Big Pack","4.89","0.0","","2 each","2 each","17288.jpg",,"1"
"4584","Meat & Seafood","Lunch Meat","Turkey","Deli","Deli Honey Turkey","Deli Honey Turkey","5.49","0.0","","0.59 lb","0.59 lb","No Image.jpg",,"22"
"4585","Meat & Seafood","Lunch Meat","Turkey","Extra","Butterball Honey Roasted Extra Thin Sliced Turkey Breast","Butterball Honey Roasted Extra Thin Sliced Turkey Breast","4.29","0.0","","9 oz","9 oz","5454.jpg",,"1"
"4586","Meat & Seafood","Lunch Meat","Turkey","Extra","Butterball Oven Roasted Extra Thin Sliced Turkey Breast","Butterball Oven Roasted Extra Thin Sliced Turkey Breast","4.29","0.0","","9 oz","9 oz","5455.jpg",,"1"
"4587","Meat & Seafood","Lunch Meat","Turkey","Fresh","Oscar Mayer Deli Fresh Shaved Honey Smoked Turkey Breast","Oscar Mayer Deli Fresh Shaved Honey Smoked Turkey Breast","6.09","0.0","","9 oz","9 oz","5408.jpg",,"1"
"4588","Meat & Seafood","Lunch Meat","Turkey","Fresh","Oscar Mayer Deli Fresh Shaved Oven Roasted Turkey Breast","Oscar Mayer Deli Fresh Shaved Oven Roasted Turkey Breast","7.09","0.0","","1 lb","1 lb","5405.jpg",,"1"
"4589","Meat & Seafood","Lunch Meat","Turkey","Healthy Ones","Healthy Ones Oven Roasted Deli Thin-Sliced Turkey Breast","Healthy Ones Oven Roasted Deli Thin-Sliced Turkey Breast","4.29","0.0","","7 oz","7 oz","17284.jpg",,"1"
"4590","Meat & Seafood","Lunch Meat","Turkey","Hillshire Farm","Hillshire Farm Ultra Thin Sliced Lunchmeat, Honey Roasted Turkey","Hillshire Farm Ultra Thin Sliced Lunchmeat, Honey Roasted Turkey","4.59","0.0","","9 oz","9 oz","5426.jpg",,"1"
"4591","Meat & Seafood","Lunch Meat","Turkey","Hillshire Farm","Hillshire Farm Ultra Thin Sliced Lunchmeat, Oven Roasted Turkey","Hillshire Farm Ultra Thin Sliced Lunchmeat, Oven Roasted Turkey","5.59","0.0","","9 oz","9 oz","5427.jpg",,"1"
"4592","Meat & Seafood","Lunch Meat","Turkey","Hillshire Farm","Hillshire Farm Ultra Thin Sliced Lunchmeat, Oven Roasted Turkey","Hillshire Farm Ultra Thin Sliced Lunchmeat, Oven Roasted Turkey","7.86","0.0","","16 oz","16 oz","5434.jpg",,"1"
"4593","Meat & Seafood","Lunch Meat","Turkey","Hormel","Hormel Honey Deli Turkey","Hormel Honey Deli Turkey","4.09","0.0","","227 g","227 g","5450.jpg",,"1"
"4594","Meat & Seafood","Lunch Meat","Turkey","Hormel","Hormel Natural Choice Oven Roasted Deli Turkey","Hormel Natural Choice Oven Roasted Deli Turkey","4.09","0.0","","8 oz","8 oz","5447.jpg",,"22"
"4595","Meat & Seafood","Lunch Meat","Turkey","Hormel","Hormel Turkey Pepperoni","Hormel Turkey Pepperoni","3.09","0.0","","5 oz","5 oz","5444.jpg",,"22"
"4596","Meat & Seafood","Lunch Meat","Turkey","Jennie-o","Jenny O Oven Roasted Turkey Breast","Jenny O Oven Roasted Turkey Breast","5.49","0.0","","1.03 lb","1.03 lb","No Image.jpg",,"22"
"4597","Meat & Seafood","Lunch Meat","Turkey","Market Basket","Market Basket Black Forest Turkey Breast, Tub","Market Basket Black Forest Turkey Breast, Tub","3.69","0.0","","10 oz","10 oz","Market Basket.jpg",,"22"
"4598","Meat & Seafood","Lunch Meat","Turkey","Market Basket","Market Basket Deli Turkey Meat","Market Basket Deli Turkey Meat","7.39","0.0","","1 lb","1 lb","Market Basket.jpg",,"22"
"4599","Meat & Seafood","Lunch Meat","Turkey","Market Basket","Market Basket Fresh Cut Turkey Ends","Market Basket Fresh Cut Turkey Ends","3.69","0.0","","Approx: 1.00 lb at $3.69/lb","Approx: 1.00 lb at $3.69/lb","Market Basket.jpg",,"22"
"4600","Meat & Seafood","Lunch Meat","Turkey","Market Basket","Market Basket Oven Roasted Turkey Breast","Market Basket Oven Roasted Turkey Breast","8.59","0.0","","1 lb","1 lb","Market Basket.jpg",,"22"
"4601","Meat & Seafood","Lunch Meat","Turkey","Market Basket","Market Basket Oven Roasted Turkey Breast","Market Basket Oven Roasted Turkey Breast","6.09","0.0","","16 oz","16 oz","Market Basket.jpg",,"22"
"4602","Meat & Seafood","Lunch Meat","Turkey","Market Basket","Market Basket Oven Roasted Turkey Breast Zip Pack","Market Basket Oven Roasted Turkey Breast Zip Pack","6.69","0.0","","16 oz","16 oz","Market Basket.jpg",,"22"
"4603","Meat & Seafood","Lunch Meat","Turkey","Market Basket","Market Basket Oven Toasted Turkey Breast, Tub","Market Basket Oven Toasted Turkey Breast, Tub","3.69","0.0","","10 oz","10 oz","Market Basket.jpg",,"1"
"4604","Meat & Seafood","Lunch Meat","Turkey","Oscar Mayer","Oscar Mayer Shaved Oven Roasted Turkey 9oz","Oscar Mayer Shaved Oven Roasted Turkey 9oz","4.69","0.0","","9 oz","9 oz","5400.jpg",,"1"
"4605","Meat & Seafood","Lunch Meat","Turkey","Oscar Mayer","Oscar Mayer Turkey Bologna","Oscar Mayer Turkey Bologna","2.79","0.0","","16 oz","16 oz","5412.jpg",,"22"
"4606","Meat & Seafood","Lunch Meat","Turkey","Oscar Mayer","Oscar Mayer Turkey Chedder Sub Lunchable","Oscar Mayer Turkey Chedder Sub Lunchable","3.69","0.0","","4.7 oz","4.7 oz","5406.jpg",,"22"
"4607","Meat & Seafood","Lunch Meat","Turkey","Oscar Mayer","Oscar Mayer Turkey Cotto Salami","Oscar Mayer Turkey Cotto Salami","2.79","0.0","","16 oz","16 oz","5413.jpg",,"22"
"4608","Meat & Seafood","Lunch Meat","Turkey","Plainville Farms","Plainville Farms Organic Turkey Breast","Plainville Farms Organic Turkey Breast","6.09","0.0","","6 oz","6 oz","17295.jpg",,"22"
"4609","Meat & Seafood","Lunch Meat","Turkey","Plainville Farms","Plainville Farms Turkey Breast, Oven Roasted","Plainville Farms Turkey Breast, Oven Roasted","6.09","0.0","","6 oz","6 oz","17292.jpg",,"22"
"4610","Meat & Seafood","Lunch Meat","Turkey","Thin 'n Trim","Thin 'n Trim Thinly Sliced Honey Turkey Breast","Thin 'n Trim Thinly Sliced Honey Turkey Breast","3.69","0.0","","8 oz","8 oz","No Image.jpg",,"22"
"4611","Meat & Seafood","Lunch Meat","Turkey","Thin 'n Trim","Thin 'n Trim Turkey Breast","Thin 'n Trim Turkey Breast","3.69","0.0","","6 oz","6 oz","No Image.jpg",,"22"
"4612","Meat & Seafood","Lunch Meat","Turkey","Waterhill Naturals","Waterhill Naturals Oven Roasted Turkey Breast","Waterhill Naturals Oven Roasted Turkey Breast","4.39","0.0","","6 oz","6 oz","No Image.jpg",,"22"
"4613","Meat & Seafood","Lunch Meat","Turkey & Ham","Healthy Ones","Healthy Ones Honey Ham & Oven Roasted Turkey Breast Deli Thin-Sliced Variety Pack Lunch Meat","Healthy Ones Honey Ham & Oven Roasted Turkey Breast Deli Thin-Sliced Variety Pack Lunch Meat","3.19","0.0","","7 oz","7 oz","17277.jpg",,"1"
"4614","Meat & Seafood","Lunch Meat","Turkey & Ham","Jennie-o","Jennie-O Turkey Ham","Jennie-O Turkey Ham","3.19","0.0","","Approx: 1.00 lb at $3.19/lb","Approx: 1.00 lb at $3.19/lb","No Image.jpg",,"22"
"4615","Meat & Seafood","Canned Meat & Seafood","Canned Beef","Hormel","Hormel Ground, Formed & Sliced Dried Beef","Hormel Ground, Formed & Sliced Dried Beef","4.59","0.0","","5 oz","5 oz","5236.jpg",,"2"
"4616","Meat & Seafood","Canned Meat & Seafood","Canned Chicken","Hormel","Hormel Premium Chicken Breast in Water","Hormel Premium Chicken Breast in Water","3.09","0.0","","10 oz","10 oz","5239.jpg",,"2"
"4617","Meat & Seafood","Canned Meat & Seafood","Canned Ham","Hormel","Hormel Smoked Ham","Hormel Smoked Ham","1.59","0.0","","5 oz","5 oz","5237.jpg",,"2"
"4618","Meat & Seafood","Canned Meat & Seafood","Canned Turkey","Hormel","Hormel White & Dark Turkey in Water","Hormel White & Dark Turkey in Water","1.59","0.0","","5 oz","5 oz","5238.jpg",,"2"
"4619","Meat & Seafood","Canned Meat & Seafood","Canned Sausage","Libby's","Libby's Chicken Vienna Sausage","Libby's Chicken Vienna Sausage","0.69","0.0","","4.6 oz","4.6 oz","17157.jpg",,"2"
"4620","Meat & Seafood","Canned Meat & Seafood","Canned Sausage","Libby's","Libby's Vienna Sausage","Libby's Vienna Sausage","0.69","0.0","","4.6 oz","4.6 oz","17152.jpg",,"2"
"4621","Meat & Seafood","Canned Meat & Seafood","Canned Chicken","Market Basket","Market Basket Chicken Cooking Stock No Msg Fat Free","Market Basket Chicken Cooking Stock No Msg Fat Free","2.49","0.0","","32 oz","32 oz","Market Basket.jpg",,"2"
"4622","Meat & Seafood","Canned Meat & Seafood","Canned Chicken","Market Basket","Market Basket Chunk White Chicken In Water","Market Basket Chunk White Chicken In Water","2.49","0.0","","12.5 oz","12.5 oz","Market Basket.jpg",,"2"
"4623","Meat & Seafood","Canned Meat & Seafood","Other Meat","Spam","Spam 25% Less Sodium Canned Meat","Spam 25% Less Sodium Canned Meat","3.09","0.0","","12 oz","12 oz","17148.jpg",,"2"
"4624","Meat & Seafood","Canned Meat & Seafood","Other Meat","Spam","Spam Classic Canned Meat","Spam Classic Canned Meat","3.19","0.0","","340 g","340 g","17147.jpg",,"2"
"4625","Meat & Seafood","Canned Meat & Seafood","Other Meat","Spam","Spam Lite Canned Meat","Spam Lite Canned Meat","3.09","0.0","","12 oz","12 oz","17149.jpg",,"2"
"4626","Meat & Seafood","Canned Meat & Seafood","Canned Chicken","Swanson","Swanson  Premium White Chunk Chicken Breast","Swanson  Premium White Chunk Chicken Breast","2.09","0.0","","4.5 oz","4.5 oz","17151.jpg",,"2"
"4627","Meat & Seafood","Canned Meat & Seafood","Canned Chicken","Willow Tree Poultry Farm","Willow Tree Poultry Farm Chicken Salad Premium White Meat Classic","Willow Tree Poultry Farm Chicken Salad Premium White Meat Classic","6.09","0.0","","15 oz","15 oz","17153.jpg",,"22"
"4628","Meat & Seafood","Canned Meat & Seafood","Other Seafood","Bar Harbor","Bar Harbor All Natural Smoked Wild Kippers","Bar Harbor All Natural Smoked Wild Kippers","3.09","0.0","","6.7 oz","6.7 oz","5248.jpg",,"2"
"4629","Meat & Seafood","Canned Meat & Seafood","Canned Clams","Bar Harbor","Bar Harbor Chopped Clams","Bar Harbor Chopped Clams","2.49","0.0","","6.5 oz","6.5 oz","5250.jpg",,"2"
"4630","Meat & Seafood","Canned Meat & Seafood","Other Seafood","Bar Harbor","Bar Harbor Wild Herring Fillets, Seasoned with Cracked Pepper","Bar Harbor Wild Herring Fillets, Seasoned with Cracked Pepper","3.09","0.0","","6.7 oz","6.7 oz","5249.jpg",,"2"
"4631","Meat & Seafood","Canned Meat & Seafood","Canned Sardines","Brunswick","Brunswick in Soybean Oil Sardines","Brunswick in Soybean Oil Sardines","1.09","0.0","","3.75 oz","3.75 oz","17158.jpg",,"2"
"4632","Meat & Seafood","Canned Meat & Seafood","Canned Tuna","Bumble Bee","Bumble Bee Chunk Light Tuna In Water","Bumble Bee Chunk Light Tuna In Water","1.29","0.0","","5 oz","5 oz","5187.jpg",,"2"
"4633","Meat & Seafood","Canned Meat & Seafood","Canned Crabmeat","Bumble Bee","Bumble Bee Fancy Lump Crabmeat","Bumble Bee Fancy Lump Crabmeat","4.89","0.0","","6 oz","6 oz","5191.jpg",,"2"
"4634","Meat & Seafood","Canned Meat & Seafood","Canned Clams","Bumble Bee","Bumble Bee Fancy Whole Baby Clams","Bumble Bee Fancy Whole Baby Clams","2.19","0.0","","10 oz","10 oz","5190.jpg",,"2"
"4635","Meat & Seafood","Canned Meat & Seafood","Canned Clams","Bumble Bee","Bumble Bee Minced Clams in Clam Juice","Bumble Bee Minced Clams in Clam Juice","1.49","0.0","","6.5 oz","6.5 oz","5193.jpg",,"2"
"4636","Meat & Seafood","Canned Meat & Seafood","Canned Tuna","Bumble Bee","Bumble Bee Premium Albacore Tuna In Water","Bumble Bee Premium Albacore Tuna In Water","3.69","0.0","","5 oz","5 oz","5194.jpg",,"2"
"4637","Meat & Seafood","Canned Meat & Seafood","Other Seafood","Bumble Bee","Bumble Bee Premium Chunk White Albacore in Water","Bumble Bee Premium Chunk White Albacore in Water","1.59","0.0","","5 oz","5 oz","5195.jpg",,"2"
"4638","Meat & Seafood","Canned Meat & Seafood","Canned Tuna","Bumble Bee","Bumble Bee Premium Light Tuna In Water","Bumble Bee Premium Light Tuna In Water","2.49","0.0","","5 oz","5 oz","5192.jpg",,"2"
"4639","Meat & Seafood","Canned Meat & Seafood","Canned Oysters","Bumble Bee","Bumble Bee Premium Select Fancy Smoked Oysters","Bumble Bee Premium Select Fancy Smoked Oysters","2.49","0.0","","3.75 oz","3.75 oz","5189.jpg",,"2"
"4640","Meat & Seafood","Canned Meat & Seafood","Canned Sardines","Bumble Bee","Bumble Bee Sardines in Mustard","Bumble Bee Sardines in Mustard","1.29","0.0","","3.75 oz","3.75 oz","5198.jpg",,"2"
"4641","Meat & Seafood","Canned Meat & Seafood","Canned Tuna","Bumble Bee","Bumble Bee Seasoned Sundried Tomato & Basil Sensations Tuna Medley","Bumble Bee Seasoned Sundried Tomato & Basil Sensations Tuna Medley","2.19","0.0","","4 oz","4 oz","5199.jpg",,"2"
"4642","Meat & Seafood","Canned Meat & Seafood","Canned Tuna","Bumble Bee","Bumble Bee Snack On The Run! with Crackers Tuna Salad","Bumble Bee Snack On The Run! with Crackers Tuna Salad","1.59","0.0","","3.5 oz","3.5 oz","5196.jpg",,"2"
"4643","Meat & Seafood","Canned Meat & Seafood","Canned Tuna","Bumble Bee","Bumble Bee Solid White Albacore Tuna in Water","Bumble Bee Solid White Albacore Tuna in Water","2.19","0.0","","5 oz","5 oz","5186.jpg",,"2"
"4644","Meat & Seafood","Canned Meat & Seafood","Canned Tuna","Bumble Bee","Bumble Bee Solid White Albacore Tuna in Water","Bumble Bee Solid White Albacore Tuna in Water","4.59","0.0","","3 oz","3 oz","5188.jpg",,"2"
"4645","Meat & Seafood","Canned Meat & Seafood","Canned Anchovies","Cento","Cento Flat Fillet Anchovies in Olive Oil","Cento Flat Fillet Anchovies in Olive Oil","1.59","0.0","","2 oz","2 oz","17155.jpg",,"2"
"4646","Meat & Seafood","Canned Meat & Seafood","Canned Anchovies","Cento","Cento Rolled Fillets Anchovies with Capers in Olive Oil, Salt Added","Cento Rolled Fillets Anchovies with Capers in Olive Oil, Salt Added","1.69","0.0","","2 oz","2 oz","17168.jpg",,"2"
"4647","Meat & Seafood","Canned Meat & Seafood","Canned Tuna","Chicken of the Sea","Chicken of the Sea Chunk Light Tuna in Water","Chicken of the Sea Chunk Light Tuna in Water","1.29","0.0","","5 oz","5 oz","17154.jpg",,"2"
"4648","Meat & Seafood","Canned Meat & Seafood","Canned Tuna","Chicken of the Sea","Chicken of the Sea Chunk Light Tuna in Water To-Go Cups","Chicken of the Sea Chunk Light Tuna in Water To-Go Cups","2.49","0.0","","2 x 2.8 oz","2 x 2.8 oz","5218.jpg",,"2"
"4649","Meat & Seafood","Canned Meat & Seafood","Canned Tuna","Chicken of the Sea","Chicken of the Sea Chunk White in Water To Go Tuna Cups","Chicken of the Sea Chunk White in Water To Go Tuna Cups","3.69","0.0","","2 x 2.8 oz","2 x 2.8 oz","5214.jpg",,"2"
"4650","Meat & Seafood","Canned Meat & Seafood","Canned Crabmeat","Chicken of the Sea","Chicken of the Sea Lump Crabmeat","Chicken of the Sea Lump Crabmeat","4.89","0.0","","6 oz","6 oz","17156.jpg",,"2"
"4651","Meat & Seafood","Canned Meat & Seafood","Canned Salmon","Chicken of the Sea","Chicken of the Sea Pink Salmon Skinless & Boneless","Chicken of the Sea Pink Salmon Skinless & Boneless","2.49","0.0","","5 oz","5 oz","5215.jpg",,"2"
"4652","Meat & Seafood","Canned Meat & Seafood","Canned Crabmeat","Chicken of the Sea","Chicken of the Sea Premium Crab Meat Claw","Chicken of the Sea Premium Crab Meat Claw","10.99","0.0","","16 oz","16 oz","5213.jpg",,"2"
"4653","Meat & Seafood","Canned Meat & Seafood","Canned Crabmeat","Chicken of the Sea","Chicken of the Sea Premium Crab Meat Special","Chicken of the Sea Premium Crab Meat Special","17.09","0.0","","16 oz","16 oz","5216.jpg",,"2"
"4654","Meat & Seafood","Canned Meat & Seafood","Canned Clams","Chicken of the Sea","Chicken of the Sea Whole Baby Clams","Chicken of the Sea Whole Baby Clams","2.19","0.0","","10 oz","10 oz","5219.jpg",,"2"
"4655","Meat & Seafood","Canned Meat & Seafood","Canned Oysters","Chicken of the Sea","Chicken of the Sea Whole Oysters","Chicken of the Sea Whole Oysters","3.09","0.0","","8 oz","8 oz","5217.jpg",,"2"
"4656","Meat & Seafood","Canned Meat & Seafood","Canned Tuna","Genova","Genova Albacore in Olive Oil No Salt Added Tuna","Genova Albacore in Olive Oil No Salt Added Tuna","2.49","0.0","","5 oz","5 oz","5241.jpg",,"2"
"4657","Meat & Seafood","Canned Meat & Seafood","Canned Tuna","Genova","Genova Tonno Solid Light Tuna in Olive Oil","Genova Tonno Solid Light Tuna in Olive Oil","2.49","0.0","","5 oz","5 oz","5242.jpg",,"2"
"4658","Meat & Seafood","Canned Meat & Seafood","Canned Tuna","Genova","Genova Tonno Solid White Tuna in Olive Oil","Genova Tonno Solid White Tuna in Olive Oil","2.49","0.0","","5 oz","5 oz","5243.jpg",,"2"
"4659","Meat & Seafood","Canned Meat & Seafood","Canned Tuna","Genova","Genova Yellowfin Tuna in Extra Virgin Olive Oil with Sea Salt","Genova Yellowfin Tuna in Extra Virgin Olive Oil with Sea Salt","2.49","0.0","","5 oz","5 oz","5240.jpg",,"2"
"4660","Meat & Seafood","Canned Meat & Seafood","Canned Clams","Gordon's","Gordon's Chesapeake Clam Broth Juice","Gordon's Chesapeake Clam Broth Juice","2.49","0.0","","14 oz","14 oz","No Image.jpg",,"2"
"4661","Meat & Seafood","Canned Meat & Seafood","Canned Chicken","Goya","Goya Chicken Vienna Sausages In Chicken Broth","Goya Chicken Vienna Sausages In Chicken Broth","1.09","0.0","","4.6 oz","4.6 oz","5222.jpg",,"2"
"4662","Meat & Seafood","Canned Meat & Seafood","Other Seafood","Goya","Goya Mussels, in Pickled Sauce","Goya Mussels, in Pickled Sauce","3.89","0.0","","4 oz","4 oz","5226.jpg",,"2"
"4663","Meat & Seafood","Canned Meat & Seafood","Canned Sardines","Goya","Goya Premium Sardinas In Olive Oil","Goya Premium Sardinas In Olive Oil","3.09","0.0","","120 g","120 g","5229.jpg",,"2"
"4664","Meat & Seafood","Canned Meat & Seafood","Canned Sardines","Goya","Goya Sardines with Lemon in Oil","Goya Sardines with Lemon in Oil","2.49","0.0","","4.25 oz","4.25 oz","5228.jpg",,"2"
"4665","Meat & Seafood","Canned Meat & Seafood","Canned Sausage","Goya","Goya Sausage Vienna","Goya Sausage Vienna","1.09","0.0","","4.6 oz","4.6 oz","5227.jpg",,"2"
"4666","Meat & Seafood","Canned Meat & Seafood","Canned Squid","Goya","Goya Squid Pieces in their Own Ink","Goya Squid Pieces in their Own Ink","2.19","0.0","","4 oz","4 oz","18090.jpg",,"2"
"4667","Meat & Seafood","Canned Meat & Seafood","Canned Squid","Goya","Goya Squid Pieces, Premium, Jumbo, in Olive Oil","Goya Squid Pieces, Premium, Jumbo, in Olive Oil","3.09","0.0","","4 oz","4 oz","5224.jpg",,"2"
"4668","Meat & Seafood","Canned Meat & Seafood","Canned Squid","Goya","Goya Squid, Pieces, in their Own Ink, Hot Sauce","Goya Squid, Pieces, in their Own Ink, Hot Sauce","2.19","0.0","","4 oz","4 oz","5225.jpg",,"2"
"4669","Meat & Seafood","Canned Meat & Seafood","Canned Anchovies","King Oscar","King Oscar Anchovies, Flat Fillets in Olive Oil","King Oscar Anchovies, Flat Fillets in Olive Oil","2.19","0.0","","2 oz","2 oz","5231.jpg",,"2"
"4670","Meat & Seafood","Canned Meat & Seafood","Canned Sardines","King Oscar","King Oscar Sardines In Extra Virgin Olive Oil","King Oscar Sardines In Extra Virgin Olive Oil","3.69","0.0","","3.75 oz","3.75 oz","5232.jpg",,"2"
"4671","Meat & Seafood","Canned Meat & Seafood","Canned Sardines","King Oscar","King Oscar Sardines Olive Oil Skinless & Boneless","King Oscar Sardines Olive Oil Skinless & Boneless","2.69","0.0","","4.38 oz","4.38 oz","5230.jpg",,"2"
"4672","Meat & Seafood","Canned Meat & Seafood","Canned Sardines","King Oscar","King Oscar Wild Caught Sardines","King Oscar Wild Caught Sardines","3.09","0.0","","3.75 oz","3.75 oz","5233.jpg",,"2"
"4673","Meat & Seafood","Canned Meat & Seafood","Canned Sardines","King Oscar","King Oscar Wild Caught Sardines In Pure Spring Water","King Oscar Wild Caught Sardines In Pure Spring Water","2.69","0.0","","3.75 oz","3.75 oz","5235.jpg",,"2"
"4674","Meat & Seafood","Canned Meat & Seafood","Canned Sardines","King Oscar","King Oscar Wild Caught with Hot Jalapeno Peppers in Extra Virgin Olive Oil Sardines","King Oscar Wild Caught with Hot Jalapeno Peppers in Extra Virgin Olive Oil Sardines","3.09","0.0","","3.75 oz","3.75 oz","5234.jpg",,"2"
"4675","Meat & Seafood","Canned Meat & Seafood","Canned Tuna","Market Basket","Market Basket Solid White Albacore in Water Tuna","Market Basket Solid White Albacore in Water Tuna","1.59","0.0","","5 oz","5 oz","5185.jpg",,"2"
"4676","Meat & Seafood","Canned Meat & Seafood","Canned Tuna","Pastene","Pastene Fancy Solid Light Tuna","Pastene Fancy Solid Light Tuna","1.89","0.0","","5 oz","5 oz","17163.jpg",,"2"
"4677","Meat & Seafood","Canned Meat & Seafood","Canned Tuna","Pastene","Pastene Fancy Solid Light Tuna in Olive Oil","Pastene Fancy Solid Light Tuna in Olive Oil","1.89","0.0","","3 oz","3 oz","17160.jpg",,"2"
"4678","Meat & Seafood","Canned Meat & Seafood","Canned Sardines","Pastene","Pastene Sardines Boneless, Skinless In Olive Oil","Pastene Sardines Boneless, Skinless In Olive Oil","3.09","0.0","","4.38 oz","4.38 oz","17166.jpg",,"2"
"4679","Meat & Seafood","Canned Meat & Seafood","Canned Tuna","Portofino","Portofino Yellowfin Tuna In Extra Virgin Olive Oil","Portofino Yellowfin Tuna In Extra Virgin Olive Oil","1.29","0.0","","4.5 oz","4.5 oz","17165.jpg",,"2"
"4680","Meat & Seafood","Canned Meat & Seafood","Canned Oysters","Reese","Reese Smoked Oysters, Medium","Reese Smoked Oysters, Medium","3.09","0.0","","3.7 oz","3.7 oz","17170.jpg",,"2"
"4681","Meat & Seafood","Canned Meat & Seafood","Other Seafood","Roland","Roland Escargots Very Large Snails","Roland Escargots Very Large Snails","4.89","0.0","","7.75 oz","7.75 oz","5245.jpg",,"2"
"4682","Meat & Seafood","Canned Meat & Seafood","Canned Anchovies","Roland","Roland Flat Fillets of Anchovies","Roland Flat Fillets of Anchovies","2.49","0.0","","2 oz","2 oz","5247.jpg",,"2"
"4683","Meat & Seafood","Canned Meat & Seafood","Canned Crabmeat","Roland","Roland White Crab Meat","Roland White Crab Meat","4.89","0.0","","6 oz","6 oz","5246.jpg",,"2"
"4684","Meat & Seafood","Canned Meat & Seafood","Canned Salmon","Rubinstien's","Rubinstein's Pink Salmon","Rubinstein's Pink Salmon","3.69","0.0","","14.75 oz","14.75 oz","17162.jpg",,"2"
"4685","Meat & Seafood","Canned Meat & Seafood","Canned Clams","Snow's","Snow's All Natural Clam Juice","Snow's All Natural Clam Juice","2.99","0.0","","8 fl oz","8 fl oz","17167.jpg",,"2"
"4686","Meat & Seafood","Canned Meat & Seafood","Canned Clams","Snow's","Snow's Chopped Clams in Clam Juice","Snow's Chopped Clams in Clam Juice","1.49","0.0","","6.5 oz","6.5 oz","17169.jpg",,"2"
"4687","Meat & Seafood","Canned Meat & Seafood","Canned Chicken","Snow's","Snow's Premium Chunk in Water White Chicken","Snow's Premium Chunk in Water White Chicken","3.09","0.0","","10 oz","10 oz","17161.jpg",,"2"
"4688","Meat & Seafood","Canned Meat & Seafood","Canned Tuna","StarKist","Starkist chunk light tuna","Starkist chunk light tuna","1.59","0.0","","5 oz","5 oz","No Image.jpg",,"2"
"4689","Meat & Seafood","Canned Meat & Seafood","Canned Tuna","StarKist","StarKist StarKist Albacore Tuna In Water","StarKist StarKist Albacore Tuna In Water","3.69","0.0","","6.4 oz","6.4 oz","5205.jpg",,"2"
"4690","Meat & Seafood","Canned Meat & Seafood","Canned Tuna","StarKist","StarKist StarKist Chunk Light Tuna In Sunflower Oil","StarKist StarKist Chunk Light Tuna In Sunflower Oil","3.09","0.0","","6.4 oz","6.4 oz","5210.jpg",,"2"
"4691","Meat & Seafood","Canned Meat & Seafood","Canned Tuna","StarKist","StarKist StarKist Chunk Light Tuna In Water","StarKist StarKist Chunk Light Tuna In Water","3.09","0.0","","6.4 oz","6.4 oz","5206.jpg",,"2"
"4692","Meat & Seafood","Canned Meat & Seafood","Canned Tuna","StarKist","StarKist StarKist Chunk Light Tuna In Water","StarKist StarKist Chunk Light Tuna In Water","4.29","0.0","","3 oz","3 oz","5209.jpg",,"2"
"4693","Meat & Seafood","Canned Meat & Seafood","Canned Tuna","StarKist","StarKist StarKist Chunk White Albacore Tuna In Water","StarKist StarKist Chunk White Albacore Tuna In Water","1.29","0.0","","5 oz","5 oz","5201.jpg",,"2"
"4694","Meat & Seafood","Canned Meat & Seafood","Canned Tuna","StarKist","StarKist StarKist Low Sodium Albacore Tuna In Water","StarKist StarKist Low Sodium Albacore Tuna In Water","2.49","0.0","","2.6 oz","2.6 oz","5203.jpg",,"2"
"4695","Meat & Seafood","Canned Meat & Seafood","Canned Tuna","StarKist","StarKist StarKist Solid White Albacore Tuna In Water","StarKist StarKist Solid White Albacore Tuna In Water","1.59","0.0","","5 oz","5 oz","5200.jpg",,"2"
"4696","Meat & Seafood","Canned Meat & Seafood","Canned Tuna","StarKist","StarKist StarKist Solid White Albacore Tuna In Water","StarKist StarKist Solid White Albacore Tuna In Water","4.89","0.0","","12 oz","12 oz","5202.jpg",,"2"
"4697","Meat & Seafood","Canned Meat & Seafood","Canned Tuna","StarKist","StarKist StarKist Solid White Albacore Tuna In Water","StarKist StarKist Solid White Albacore Tuna In Water","4.69","0.0","","3 oz","3 oz","5212.jpg",,"2"
"4698","Meat & Seafood","Canned Meat & Seafood","Canned Tuna","StarKist","StarKist StarKist Tuna Creations Lemon Pepper","StarKist StarKist Tuna Creations Lemon Pepper","1.69","0.0","","2.6 oz","2.6 oz","5204.jpg",,"2"
"4699","Meat & Seafood","Canned Meat & Seafood","Canned Tuna","StarKist","StarKist StarKist Tuna Creations Ranch","StarKist StarKist Tuna Creations Ranch","1.69","0.0","","2.6 oz","2.6 oz","5208.jpg",,"2"
"4700","Meat & Seafood","Canned Meat & Seafood","Canned Tuna","StarKist","StarKist StarKist Tuna Creations Sweet & Spicy","StarKist StarKist Tuna Creations Sweet & Spicy","1.69","0.0","","2.6 oz","2.6 oz","5211.jpg",,"2"
"4701","Meat & Seafood","Frozen Meat & Seafood","Chicken Products","Alfresco","Alfresco All Natural Chicken Meatballs Tomato & Basil","Alfresco All Natural Chicken Meatballs Tomato & Basil","7.39","0.0","","12 oz","12 oz","16046.jpg",,"18"
"4702","Meat & Seafood","Frozen Meat & Seafood","Chicken Products","Applegate","Applegate Natural Chicken & Maple Breakfast Sausage Patty","Applegate Natural Chicken & Maple Breakfast Sausage Patty","5.29","0.0","","6 count","6 count","16029.jpg",,"18"
"4703","Meat & Seafood","Frozen Meat & Seafood","Beef & Bacon Products","Ball Park","Ball Park Fully-Cooked Flame Grilled Beef with Cheese & Bacon Patties, 6 Count","Ball Park Fully-Cooked Flame Grilled Beef with Cheese & Bacon Patties, 6 Count","9.29","0.0","","16.2 oz","16.2 oz","2919.jpg",,"1"
"4704","Meat & Seafood","Frozen Meat & Seafood","Chicken Products","Bell & Evans","Bell & Evans All Natural Chicken Burgers","Bell & Evans All Natural Chicken Burgers","7.39","0.0","","4 count","4 count","2901.jpg",,"1"
"4705","Meat & Seafood","Frozen Meat & Seafood","Chicken Products","Bell & Evans","Bell & Evans Chicken Breast Tenders, Gluten Free","Bell & Evans Chicken Breast Tenders, Gluten Free","7.39","0.0","","12 oz","12 oz","2900.jpg",,"1"
"4706","Meat & Seafood","Frozen Meat & Seafood","Chicken Products","Bell & Evans","Bell & Evans Gluten Free Breaded Chicken Breast","Bell & Evans Gluten Free Breaded Chicken Breast","7.39","0.0","","10.5 oz","10.5 oz","2902.jpg",,"1"
"4707","Meat & Seafood","Frozen Meat & Seafood","Chicken Products","Bell & Evans","Bell & Evans Uncooked Chicken Breast Nuggets Breaded","Bell & Evans Uncooked Chicken Breast Nuggets Breaded","7.39","0.0","","12 oz","12 oz","2899.jpg",,"1"
"4708","Meat & Seafood","Frozen Meat & Seafood","Chicken Products","Bell & Evans","Bell & Evans Uncooked Chicken Patties Breaded","Bell & Evans Uncooked Chicken Patties Breaded","7.39","0.0","","16 oz","16 oz","16031.jpg",,"1"
"4709","Meat & Seafood","Frozen Meat & Seafood","Chicken Products","Birds Eye","Birds Eye Voila! Three Cheese Chicken","Birds Eye Voila! Three Cheese Chicken","4.89","0.0","","21 oz","21 oz","16035.jpg",,"19"
"4710","Meat & Seafood","Frozen Meat & Seafood","Other Frozen Meat","Bove's","Bove's Of Vermont Italian Style Meatballs","Bove's Of Vermont Italian Style Meatballs","6.99","0.0","","16 oz","16 oz","16054.jpg",,"18"
"4711","Meat & Seafood","Frozen Meat & Seafood","Other Frozen Meat","Bubba","Bubba Burger Original Chuck Gluten Free Burgers","Bubba Burger Original Chuck Gluten Free Burgers","20.79","0.0","","6 count","6 count","16047.jpg",,"1"
"4712","Meat & Seafood","Frozen Meat & Seafood","Turkey Products","Butterball","Butterball Original Seasoned Turkey Burgers","Butterball Original Seasoned Turkey Burgers","8.59","0.0","","32 oz","32 oz","2912.jpg",,"1"
"4713","Meat & Seafood","Frozen Meat & Seafood","Ham","Carando","Carando Spiral Cut Half Ham","Carando Spiral Cut Half Ham","36.95","0.0","","Approx: 5.00 lb at $7.39/lb","Approx: 5.00 lb at $7.39/lb","No Image.jpg",,"18"
"4714","Meat & Seafood","Frozen Meat & Seafood","Other Frozen Meat","Fastbites","Fastbites Cheeseburger","Fastbites Cheeseburger","1.29","0.0","","4.9 oz","4.9 oz","No Image.jpg",,"18"
"4715","Meat & Seafood","Frozen Meat & Seafood","Other Frozen Meat","Gardein","Gardein Black Bean Burger Chipotle","Gardein Black Bean Burger Chipotle","5.61","0.0","","12 oz","12 oz","16051.jpg",,"1"
"4716","Meat & Seafood","Frozen Meat & Seafood","Chicken Products","Harvestland","Harvestland Boneless Chicken Breasts","Harvestland Boneless Chicken Breasts","12.19","0.0","","2.25 lb","2.25 lb","16040.jpg",,"22"
"4717","Meat & Seafood","Frozen Meat & Seafood","Turkey Products","Jennie-o","Jennie-o Homestyle Turkey Meatballs","Jennie-o Homestyle Turkey Meatballs","6.49","0.0","","24 oz","24 oz","16039.jpg",,"18"
"4718","Meat & Seafood","Frozen Meat & Seafood","Turkey Products","Jennie-o","Jennie-O Italian Style Turkey Meatballs","Jennie-O Italian Style Turkey Meatballs","6.49","0.0","","24 oz","24 oz","16049.jpg",,"1"
"4719","Meat & Seafood","Frozen Meat & Seafood","Other Frozen Meat","Johnsonville","Johnsonville Italian (101752) Sausage Slices","Johnsonville Italian (101752) Sausage Slices","5.49","0.0","","20 oz","20 oz","16048.jpg",,"1"
"4720","Meat & Seafood","Frozen Meat & Seafood","Chicken Products","Jones Dairy Farm","Jones Dairy Farm Golden Brown All Natural Fully Cooked Chicken Sausage Links","Jones Dairy Farm Golden Brown All Natural Fully Cooked Chicken Sausage Links","2.49","0.0","","10 count","10 count","16045.jpg",,"18"
"4721","Meat & Seafood","Frozen Meat & Seafood","Turkey Products","Jones Dairy Farm","Jones Dairy Farm Jones Little Turkey Sausages - 12 CT","Jones Dairy Farm Jones Little Turkey Sausages - 12 CT","3.69","0.0","","10 oz","10 oz","16050.jpg",,"1"
"4722","Meat & Seafood","Frozen Meat & Seafood","Ham","Kentucky Legend","Kentucky Legend Ham Steak, 45% Lower Sodium","Kentucky Legend Ham Steak, 45% Lower Sodium","2.69","0.0","","8 oz","8 oz","17981.jpg",,"18"
"4723","Meat & Seafood","Frozen Meat & Seafood","Beef Products","Market Basket","Market Basket Beef Shaved Steak","Market Basket Beef Shaved Steak","6.31","0.0","","Approx: 1.09 lb at $5.79/lb","Approx: 1.09 lb at $5.79/lb","Market Basket.jpg",,"22"
"4724","Meat & Seafood","Frozen Meat & Seafood","Frozen Meat","Market Basket","Market Basket Duck","Market Basket Duck","60.52","0.0","","Approx: 16.4 lb at $3.69/lb","Approx: 16.4 lb at $3.69/lb","Market Basket.jpg",,"18"
"4725","Meat & Seafood","Frozen Meat & Seafood","Turkey Products","Market Basket","Market Basket Prime Frozen Turkey","Market Basket Prime Frozen Turkey","0.89","0.0","","1 lb","1 lb","Market Basket.jpg",,"18"
"4726","Meat & Seafood","Frozen Meat & Seafood","Ham","Market Basket","Market Basket Spiral Cut Half Ham","Market Basket Spiral Cut Half Ham","25.6","0.0","","Approx: 10.7 lb at $2.39/lb","Approx: 10.7 lb at $2.39/lb","Market Basket.jpg",,"18"
"4727","Meat & Seafood","Frozen Meat & Seafood","Bacon","Monterey","El Monterey Egg, Bacon & Cheese Breakfast Taquitos","El Monterey Egg, Bacon & Cheese Breakfast Taquitos","6.99","0.0","","21 oz","21 oz","15795.jpg",,"1"
"4728","Meat & Seafood","Frozen Meat & Seafood","Veggie Alternatives","Morning Star Farms","Morning Star Farms Veggie Chik Patties Original","Morning Star Farms Veggie Chik Patties Original","4.89","0.0","","10 oz","10 oz","16688.jpg",,"1"
"4729","Meat & Seafood","Frozen Meat & Seafood","Veggie Alternatives","Morning Star Farms","Morning Star Farms Chik Patties Original Veggie Patties","Morning Star Farms Chik Patties Original Veggie Patties","4.89","0.0","","4 count","4 count","2908.jpg",,"18"
"4730","Meat & Seafood","Frozen Meat & Seafood","Veggie Alternatives","Morning Star Farms","Morning Star Farms Veggie Burgers Tomato Basil Pizza","Morning Star Farms Veggie Burgers Tomato Basil Pizza","4.89","0.0","","9.5 oz","9.5 oz","2906.jpg",,"1"
"4731","Meat & Seafood","Frozen Meat & Seafood","Veggie Alternatives","Morning Star Farms","Morning Star Farms Veggie Chik Patties Buffalo","Morning Star Farms Veggie Chik Patties Buffalo","4.89","0.0","","10 oz","10 oz","2903.jpg",,"1"
"4732","Meat & Seafood","Frozen Meat & Seafood","Veggie Alternatives","Morning Star Farms","Morning Star Farms Veggie Meal Starters Crumbles Grillers Original","Morning Star Farms Veggie Meal Starters Crumbles Grillers Original","4.89","0.0","","12 oz","12 oz","2905.jpg",,"18"
"4733","Meat & Seafood","Frozen Meat & Seafood","Chicken Products","On Cor","On Cor Clear Bags Chicken Patties","On Cor Clear Bags Chicken Patties","5.89","0.0","","35 oz","35 oz","16043.jpg",,"1"
"4734","Meat & Seafood","Frozen Meat & Seafood","Chicken Products","Perdue","Perdue Boneless Chicken Breasts","Perdue Boneless Chicken Breasts","8.59","0.0","","2 lb","2 lb","2887.jpg",,"22"
"4735","Meat & Seafood","Frozen Meat & Seafood","Chicken Products","Perdue","Perdue Bourbon Style Boneless Chicken Wyngz","Perdue Bourbon Style Boneless Chicken Wyngz","12.39","0.0","","1.63 lb","1.63 lb","2896.jpg",,"18"
"4736","Meat & Seafood","Frozen Meat & Seafood","Chicken Products","Perdue","Perdue Breaded Chicken Breast Tenders","Perdue Breaded Chicken Breast Tenders","8.19","0.0","","1.81 lb","1.81 lb","2892.jpg",,"22"
"4737","Meat & Seafood","Frozen Meat & Seafood","Chicken Products","Perdue","Perdue Carved Chicken BreastRotisserie Seasoned","Perdue Carved Chicken BreastRotisserie Seasoned","4.89","0.0","","0.56 lb","0.56 lb","2888.jpg",,"21"
"4738","Meat & Seafood","Frozen Meat & Seafood","Chicken Products","Perdue","Perdue Chicken Breast Patties","Perdue Chicken Breast Patties","6.09","0.0","","1.8 lb","1.8 lb","2889.jpg",,"22"
"4739","Meat & Seafood","Frozen Meat & Seafood","Chicken Products","Perdue","Perdue Honey BBQ Style Boneless Chicken Wyngz","Perdue Honey BBQ Style Boneless Chicken Wyngz","7.99","0.0","","1.63 lb","1.63 lb","2895.jpg",,"22"
"4740","Meat & Seafood","Frozen Meat & Seafood","Chicken Products","Perdue","Perdue Sweet Asian Style Boneless Chicken Wyngz","Perdue Sweet Asian Style Boneless Chicken Wyngz","12.49","0.0","","1.63 lb","1.63 lb","2894.jpg",,"18"
"4741","Meat & Seafood","Frozen Meat & Seafood","Chicken Products","Perdue","Perdue Sweet Chili Glazed Chicken Chunks","Perdue Sweet Chili Glazed Chicken Chunks","6.09","0.0","","26 lb","26 lb","2893.jpg",,"22"
"4742","Meat & Seafood","Frozen Meat & Seafood","Chicken Products","Pilgrim's","Pilgrim's Chicken Breast Nuggets","Pilgrim's Chicken Breast Nuggets","5.49","0.0","","29 oz","29 oz","16058.jpg",,"22"
"4743","Meat & Seafood","Frozen Meat & Seafood","Chicken Products","Red's","Red's Burrito Chicken & Cheddar","Red's Burrito Chicken & Cheddar","1.99","0.0","","5 oz","5 oz","2916.jpg",,"19"
"4744","Meat & Seafood","Frozen Meat & Seafood","Other Frozen Meat","Red's","Red's Burrito Steak & Cheddar","Red's Burrito Steak & Cheddar","3.09","0.0","","5 oz","5 oz","2917.jpg",,"19"
"4745","Meat & Seafood","Frozen Meat & Seafood","Veggie Alternatives","Red's","Red's Organic Burrito Bean, Rice & Cheddar","Red's Organic Burrito Bean, Rice & Cheddar","1.99","0.0","","5 oz","5 oz","2918.jpg",,"19"
"4746","Meat & Seafood","Frozen Meat & Seafood","Other Frozen Meat","Steak-umm","Steak-umm Steaks Sliced","Steak-umm Steaks Sliced","3.69","0.0","","14 count","14 count","16030.jpg",,"18"
"4747","Meat & Seafood","Frozen Meat & Seafood","Chicken Products","Tyson","Tyson Cooked Grilled Chicken Breast Strips, Frozen","Tyson Cooked Grilled Chicken Breast Strips, Frozen","8.11","0.0","","22 oz","22 oz","2910.jpg",,"22"
"4748","Meat & Seafood","Frozen Meat & Seafood","Other Frozen Meat","Tyson","Tyson Cornish Game Hen","Tyson Cornish Game Hen","8.72","0.0","","Approx: 3.50 lb at $2.49/lb","Approx: 3.50 lb at $2.49/lb","No Image.jpg",,"18"
"4749","Meat & Seafood","Frozen Meat & Seafood","Chicken Products","Tyson","Tyson Fully Cooked Chicken Patties, Frozen","Tyson Fully Cooked Chicken Patties, Frozen","6.86","0.0","","26 oz","26 oz","2909.jpg",,"22"
"4750","Meat & Seafood","Frozen Meat & Seafood","Chicken Products","Tyson","Tyson Grilled & Ready Fully Cooked Fajita Chicken Strips, Frozen","Tyson Grilled & Ready Fully Cooked Fajita Chicken Strips, Frozen","8.59","0.0","","22 oz","22 oz","17980.jpg",,"18"
"4751","Meat & Seafood","Frozen Meat & Seafood","Chicken Products","Weaver Fully Cooked","Weaver Fully Cooked Chicken Breast Fun Nuggets, 1.5 lb. (Frozen)","Weaver Fully Cooked Chicken Breast Fun Nuggets, 1.5 lb. (Frozen)","4.89","0.0","","26 oz","26 oz","16036.jpg",,"22"
"4752","Meat & Seafood","Frozen Meat & Seafood","Chicken Products","Weaver Fully Cooked","Weaver Fully Cooked Chicken Breast Patties, 1.62 lb. (Frozen)","Weaver Fully Cooked Chicken Breast Patties, 1.62 lb. (Frozen)","4.89","0.0","","26 oz","26 oz","16042.jpg",,"22"
"4753","Meat & Seafood","Frozen Meat & Seafood","Chicken Products","Weight Watchers","Weight Watchers Boneless Skinless Uncooked Chicken Tenders","Weight Watchers Boneless Skinless Uncooked Chicken Tenders","8.59","0.0","","30 oz","30 oz","No Image.jpg",,"18"
"4754","Meat & Seafood","Frozen Meat & Seafood","Chicken Products","Willow Tree Poultry Farm","Willow Tree Poultry Farm Chicken Pie Premium White Meat With Classic Vegetables","Willow Tree Poultry Farm Chicken Pie Premium White Meat With Classic Vegetables","2.49","0.0","","8 oz","8 oz","16032.jpg",,"18"
"4755","Meat & Seafood","Frozen Meat & Seafood","Chicken Products","Winter Creek Farms","Winter Creek Farms Chicken Wings Portions","Winter Creek Farms Chicken Wings Portions","14.09","0.0","","5 lb","5 lb","No Image.jpg",,"18"
"4756","Meat & Seafood","Frozen Meat & Seafood","Chicken Products","Yummy","Yummy Chicken Breast Nuggets, Dinosaur-Shaped","Yummy Chicken Breast Nuggets, Dinosaur-Shaped","9.79","0.0","","42 oz","42 oz","16053.jpg",,"1"
"4757","Meat & Seafood","Frozen Meat & Seafood","Chicken Products","Yummy","Yummy Chicken Breast Tenders, 100% Natural","Yummy Chicken Breast Tenders, 100% Natural","4.89","0.0","","24.5 oz","24.5 oz","16055.jpg",,"18"
"4758","Meat & Seafood","Frozen Meat & Seafood","Frozen Shrimp","41/50","41/50 Count Previously Frozen Raw Shrimp","41/50 Count Previously Frozen Raw Shrimp","13.69","0.0","","1 lb","1 lb","No Image.jpg",,"18"
"4759","Meat & Seafood","Frozen Meat & Seafood","Frozen Salmon","Alaska Gold","Alaska Gold Coho Salmon Fillet","Alaska Gold Coho Salmon Fillet","41.12","0.0","","Approx: 4.20 lb at $9.79/lb","Approx: 4.20 lb at $9.79/lb","No Image.jpg",,"18"
"4760","Meat & Seafood","Frozen Meat & Seafood","Frozen Shrimp","Cox's","Cox's 70 90 Per Pound Key West Pink Shrimp","Cox's 70 90 Per Pound Key West Pink Shrimp","8.59","0.0","","12 oz","12 oz","No Image.jpg",,"22"
"4761","Meat & Seafood","Frozen Meat & Seafood","Frozen Salmon","Ducktrap","Ducktrap Wild Salmon, Smoked","Ducktrap Wild Salmon, Smoked","9.79","0.0","","4 oz","4 oz","16041.jpg",,"18"
"4762","Meat & Seafood","Frozen Meat & Seafood","Other Frozen Seafood","Gorton's","Gorton's  Beer Battered Fish Fillets","Gorton's  Beer Battered Fish Fillets","4.89","0.0","","18.2 oz","18.2 oz","2876.jpg",,"18"
"4763","Meat & Seafood","Frozen Meat & Seafood","Other Frozen Seafood","Gorton's","Gorton's  Crispy Battered Fish Fillets","Gorton's  Crispy Battered Fish Fillets","5.99","0.0","","19 oz","19 oz","2868.jpg",,"18"
"4764","Meat & Seafood","Frozen Meat & Seafood","Other Frozen Seafood","Gorton's","Gorton's  Crunchy Panko Breadcrumbs Haddock Fillets","Gorton's  Crunchy Panko Breadcrumbs Haddock Fillets","7.39","0.0","","4 x 14.6 oz","4 x 14.6 oz","2874.jpg",,"18"
"4765","Meat & Seafood","Frozen Meat & Seafood","Other Frozen Seafood","Gorton's","Gorton's  Natural Catch Garlic Butter Grilled Fish Fillets","Gorton's  Natural Catch Garlic Butter Grilled Fish Fillets","3.69","0.0","","7.1 oz","7.1 oz","2878.jpg",,"18"
"4766","Meat & Seafood","Frozen Meat & Seafood","Other Frozen Seafood","Gorton's","Gorton's Breaded Minced Fish Sticks (44 Sticks)","Gorton's Breaded Minced Fish Sticks (44 Sticks)","5.99","0.0","","24.5 oz","24.5 oz","2869.jpg",,"18"
"4767","Meat & Seafood","Frozen Meat & Seafood","Other Frozen Seafood","Gorton's","Gorton's Classic Crunchy Breadcrumbs Haddock Fish Sticks","Gorton's Classic Crunchy Breadcrumbs Haddock Fish Sticks","7.39","0.0","","14.6 oz","14.6 oz","2881.jpg",,"18"
"4768","Meat & Seafood","Frozen Meat & Seafood","Other Frozen Seafood","Gorton's","Gorton's Crispy Battered Fish Fillets","Gorton's Crispy Battered Fish Fillets","4.89","0.0","","6 x 11.4 oz","6 x 11.4 oz","2880.jpg",,"18"
"4769","Meat & Seafood","Frozen Meat & Seafood","Other Frozen Seafood","Gorton's","Gorton's Crispy Battered Fish Portions","Gorton's Crispy Battered Fish Portions","5.99","0.0","","24.5 oz","24.5 oz","2877.jpg",,"18"
"4770","Meat & Seafood","Frozen Meat & Seafood","Other Frozen Seafood","Gorton's","Gorton's Crispy Battered Haddock Fish Fillets","Gorton's Crispy Battered Haddock Fish Fillets","6.09","0.0","","4 x 7.6 oz","4 x 7.6 oz","2875.jpg",,"18"
"4771","Meat & Seafood","Frozen Meat & Seafood","Other Frozen Seafood","Gorton's","Gorton's Crunchy Breaded Fish Fillets","Gorton's Crunchy Breaded Fish Fillets","3.09","0.0","","6 x 11.4 oz","6 x 11.4 oz","2871.jpg",,"18"
"4772","Meat & Seafood","Frozen Meat & Seafood","Other Frozen Seafood","Gorton's","Gorton's Grilled Salmon Classic Grilled Fillets","Gorton's Grilled Salmon Classic Grilled Fillets","4.59","0.0","","6.3 oz","6.3 oz","2872.jpg",,"18"
"4773","Meat & Seafood","Frozen Meat & Seafood","Other Frozen Seafood","Gorton's","Gorton's Natural Catch Italian Herb Grilled Fillets","Gorton's Natural Catch Italian Herb Grilled Fillets","3.69","0.0","","7.1 oz","7.1 oz","2883.jpg",,"18"
"4774","Meat & Seafood","Frozen Meat & Seafood","Other Frozen Seafood","Gorton's","Gorton's Roasted Garlic & Italian Herb Breaded Fish Fillets","Gorton's Roasted Garlic & Italian Herb Breaded Fish Fillets","4.89","0.0","","6 x 11 oz","6 x 11 oz","2870.jpg",,"18"
"4775","Meat & Seafood","Frozen Meat & Seafood","Other Frozen Seafood","Gorton's","Gorton's Signature Style Natural Catch Grilled Haddock Fillets","Gorton's Signature Style Natural Catch Grilled Haddock Fillets","4.29","0.0","","2 x 6.3 oz","2 x 6.3 oz","2882.jpg",,"18"
"4776","Meat & Seafood","Frozen Meat & Seafood","Other Frozen Seafood","Gorton's","Gorton's Simply Bake Garlic Herb Butter Haddock Fillets","Gorton's Simply Bake Garlic Herb Butter Haddock Fillets","6.59","0.0","","2 x 9 oz","2 x 9 oz","2879.jpg",,"18"
"4777","Meat & Seafood","Frozen Meat & Seafood","Frozen Haddock","Market Basket","Frozen Haddock","Frozen Haddock","16.59","0.0","","32 oz","32 oz","Market Basket.jpg",,"18"
"4778","Meat & Seafood","Frozen Meat & Seafood","Frozen Haddock","Market Basket","Frozen Wild Haddock","Frozen Wild Haddock","7.59","0.0","","1 lb","1 lb","Market Basket.jpg",,"18"
"4779","Meat & Seafood","Frozen Meat & Seafood","Frozen Shrimp","Market Basket","Market Basket 26 30 Per Pound Cooked Extra Jumbo Shrimp","Market Basket 26 30 Per Pound Cooked Extra Jumbo Shrimp","29.19","0.0","","32 oz","32 oz","Market Basket.jpg",,"18"
"4780","Meat & Seafood","Frozen Meat & Seafood","Frozen Shrimp","Market Basket","Market Basket 26 30 Per Pound Extra Jumbo Cooked Shrimp","Market Basket 26 30 Per Pound Extra Jumbo Cooked Shrimp","24.29","0.0","","16 oz","16 oz","Market Basket.jpg",,"18"
"4781","Meat & Seafood","Frozen Meat & Seafood","Frozen Shrimp","Market Basket","Market Basket 26 30 Per Pound Shell On Extra Large Shrimp","Market Basket 26 30 Per Pound Shell On Extra Large Shrimp","24.39","0.0","","16 oz","16 oz","Market Basket.jpg",,"18"
"4782","Meat & Seafood","Frozen Meat & Seafood","Frozen Shrimp","Market Basket","Market Basket 26 30 Shell On Extra Large Shrimp","Market Basket 26 30 Shell On Extra Large Shrimp","24.29","0.0","","32 oz","32 oz","Market Basket.jpg",,"18"
"4783","Meat & Seafood","Frozen Meat & Seafood","Frozen Shrimp","Market Basket","Market Basket 41 50 Per Pound Cooked Extra Large Shrimp","Market Basket 41 50 Per Pound Cooked Extra Large Shrimp","10.99","0.0","","16 oz","16 oz","Market Basket.jpg",,"22"
"4784","Meat & Seafood","Frozen Meat & Seafood","Frozen Shrimp","Market Basket","Market Basket 41 50 Per Pound Cooked Extra Large Shrimp","Market Basket 41 50 Per Pound Cooked Extra Large Shrimp","24.29","0.0","","32 oz","32 oz","Market Basket.jpg",,"18"
"4785","Meat & Seafood","Frozen Meat & Seafood","Frozen Shrimp","Market Basket","Market Basket 41 50 Per Pound Shell On Medium Shrimp","Market Basket 41 50 Per Pound Shell On Medium Shrimp","19.39","0.0","","32 oz","32 oz","Market Basket.jpg",,"22"
"4786","Meat & Seafood","Frozen Meat & Seafood","Frozen Shrimp","Market Basket","Market Basket 8 12 Per Pound Shell On Extra Colossal Shrimp","Market Basket 8 12 Per Pound Shell On Extra Colossal Shrimp","36.59","0.0","","32 oz","32 oz","Market Basket.jpg",,"18"
"4787","Meat & Seafood","Frozen Meat & Seafood","Frozen Fish (All)","Market Basket","Market Basket Bay Scallops","Market Basket Bay Scallops","8.59","0.0","","12 oz","12 oz","Market Basket.jpg",,"18"
"4788","Meat & Seafood","Frozen Meat & Seafood","Frozen Fish (All)","Market Basket","Market Basket Cheese Tortellini","Market Basket Cheese Tortellini","1.59","0.0","","13 oz","13 oz","Market Basket.jpg",,"18"
"4789","Meat & Seafood","Frozen Meat & Seafood","Frozen Fish (All)","Market Basket","Market Basket Cod Fillets","Market Basket Cod Fillets","8.59","0.0","","16 oz","16 oz","2866.jpg",,"18"
"4790","Meat & Seafood","Frozen Meat & Seafood","Frozen Shrimp","Market Basket","Market Basket Cooked Shrimp","Market Basket Cooked Shrimp","10.99","0.0","","16 oz","16 oz","Market Basket.jpg",,"22"
"4791","Meat & Seafood","Frozen Meat & Seafood","Frozen Fish (All)","Market Basket","Market Basket Flounder","Market Basket Flounder","6.09","0.0","","16 oz","16 oz","Market Basket.jpg",,"18"
"4792","Meat & Seafood","Frozen Meat & Seafood","Frozen Fish (All)","Market Basket","Market Basket Haddock","Market Basket Haddock","7.39","0.0","","16 oz","16 oz","Market Basket.jpg",,"18"
"4793","Meat & Seafood","Frozen Meat & Seafood","Frozen Fish (All)","Market Basket","Market Basket Mahi Mahi","Market Basket Mahi Mahi","7.39","0.0","","12 oz","12 oz","Market Basket.jpg",,"18"
"4794","Meat & Seafood","Frozen Meat & Seafood","Frozen Fish (All)","Market Basket","Market Basket Salmon","Market Basket Salmon","14.69","0.0","","33 oz","33 oz","Market Basket.jpg",,"18"
"4795","Meat & Seafood","Frozen Meat & Seafood","Frozen Fish (All)","Market Basket","Market Basket Salmon Fillets","Market Basket Salmon Fillets","8.59","0.0","","16 oz","16 oz","Market Basket.jpg",,"22"
"4796","Meat & Seafood","Frozen Meat & Seafood","Frozen Fish (All)","Market Basket","Market Basket Sea Scallops","Market Basket Sea Scallops","15.89","0.0","","12 oz","12 oz","Market Basket.jpg",,"18"
"4797","Meat & Seafood","Frozen Meat & Seafood","Frozen Fish (All)","Market Basket","Market Basket Seafood Mix","Market Basket Seafood Mix","4.89","0.0","","16 oz","16 oz","Market Basket.jpg",,"18"
"4798","Meat & Seafood","Frozen Meat & Seafood","Frozen Fish (All)","Market Basket","Market Basket Swordfish Steaks","Market Basket Swordfish Steaks","8.59","0.0","","12 oz","12 oz","Market Basket.jpg",,"18"
"4799","Meat & Seafood","Frozen Meat & Seafood","Frozen Fish (All)","Market Basket","Market Basket Tuna Steaks","Market Basket Tuna Steaks","8.59","0.0","","12 oz","12 oz","Market Basket.jpg",,"18"
"4800","Meat & Seafood","Frozen Meat & Seafood","Frozen Fish (All)","Market Basket","Market Basket Whole Cleaned Tilapia","Market Basket Whole Cleaned Tilapia","7.39","0.0","","3 lb","3 lb","Market Basket.jpg",,"18"
"4801","Meat & Seafood","Frozen Meat & Seafood","Frozen Fish (All)","Market Basket","Market Basket Wild Pollock Fillets","Market Basket Wild Pollock Fillets","24.06","0.0","","Approx: 4.92 lb at $4.89/lb","Approx: 4.92 lb at $4.89/lb","Market Basket.jpg",,"18"
"4802","Meat & Seafood","Frozen Meat & Seafood","Other Frozen Seafood","Matlaw's","Matlaw's Stuffed Clams","Matlaw's Stuffed Clams","4.29","0.0","","9 x 20 oz","9 x 20 oz","16034.jpg",,"18"
"4803","Meat & Seafood","Frozen Meat & Seafood","Other Frozen Seafood","Pier 33 Gourmet","Pier 33 Gourmet Mussels, in Butter Garlic Sauce","Pier 33 Gourmet Mussels, in Butter Garlic Sauce","4.89","0.0","","16 oz","16 oz","2914.jpg",,"18"
"4804","Meat & Seafood","Frozen Meat & Seafood","Other Frozen Seafood","Pier 33 Gourmet","Pier 33 Gourmet Mussels, in Tomato & Garlic Sauce","Pier 33 Gourmet Mussels, in Tomato & Garlic Sauce","4.39","0.0","","16 oz","16 oz","2913.jpg",,"18"
"4805","Meat & Seafood","Frozen Meat & Seafood","Other Frozen Seafood","Pier 33 Gourmet","Pier 33 Gourmet Mussels, in White Wine Sauce","Pier 33 Gourmet Mussels, in White Wine Sauce","3.69","0.0","","16 lb","16 lb","2915.jpg",,"18"
"4806","Meat & Seafood","Frozen Meat & Seafood","Frozen Shrimp","SeaMazz","SeaMazz Cooked Shrimp Ring with Cocktail Sauce","SeaMazz Cooked Shrimp Ring with Cocktail Sauce","8.59","0.0","","10 oz","10 oz","16057.jpg",,"18"
"4807","Meat & Seafood","Frozen Meat & Seafood","Other Frozen Seafood","Yankee Trader Seafood","Yankee Trader Seafood Lobster Cakes - 2 CT","Yankee Trader Seafood Lobster Cakes - 2 CT","3.69","0.0","","6 oz","6 oz","16038.jpg",,"22"
"4808","Beverages, Chips & Snacks","Chips & Snacks","Cookies & Cakes","Market Basket","Market Basket Fudge Marshmellow Cookies","Market Basket Fudge Marshmellow Cookies","3.13","0.0","","12 oz","12 oz","Market Basket.jpg",,"6"
"4809","Beverages, Chips & Snacks","Chips & Snacks","Chips & Pretzels","Bachman","Bachman Bite Size Mini Baked Pretzels","Bachman Bite Size Mini Baked Pretzels","3.91","0.0","","16 oz","16 oz","14862.jpg",,"0"
"4810","Beverages, Chips & Snacks","Chips & Snacks","Chips & Pretzels","Bachman","Bachman Jax Cheddar Cheese Puffed Curls","Bachman Jax Cheddar Cheese Puffed Curls","4.69","0.0","","9.75 oz","9.75 oz","14848.jpg",,"0"
"4811","Beverages, Chips & Snacks","Chips & Snacks","Chips & Pretzels","Bachman","Bachman Pretzel Stix","Bachman Pretzel Stix","3.91","0.0","","6 x 1 oz","6 x 1 oz","14828.jpg",,"0"
"4812","Beverages, Chips & Snacks","Chips & Snacks","Chips & Pretzels","Bachman","Bachman Pretzel Stix Brick Oven Flame Baked","Bachman Pretzel Stix Brick Oven Flame Baked","3.91","0.0","","12 oz","12 oz","14837.jpg",,"0"
"4813","Beverages, Chips & Snacks","Chips & Snacks","Chips & Pretzels","Bachman","Bachman Rolled Rods Flame Baked Pretzels","Bachman Rolled Rods Flame Baked Pretzels","3.91","0.0","","10 oz","10 oz","14905.jpg",,"0"
"4814","Beverages, Chips & Snacks","Chips & Snacks","Chips & Pretzels","Bachman","Bachman Thin'n Right Baked Pretzels","Bachman Thin'n Right Baked Pretzels","3.91","0.0","","9 oz","9 oz","14903.jpg",,"0"
"4815","Beverages, Chips & Snacks","Chips & Snacks","Chips & Pretzels","Cape Cod","Cape Cod 40% Reduced Fat Potato Chips","Cape Cod 40% Reduced Fat Potato Chips","5.92","0.0","","8 x 0.75 oz","8 x 0.75 oz","919.jpg",,"0"
"4816","Beverages, Chips & Snacks","Chips & Snacks","Chips & Pretzels","Cape Cod","Cape Cod Kettle Cooked Aged Cheddar & Sour Cream Potato Chips 40% Reduced Fat","Cape Cod Kettle Cooked Aged Cheddar & Sour Cream Potato Chips 40% Reduced Fat","5.92","0.0","","8 oz","8 oz","921.jpg",,"0"
"4817","Beverages, Chips & Snacks","Chips & Snacks","Chips & Pretzels","Cape Cod","Cape Cod Kettle Cooked Original Potato Chips","Cape Cod Kettle Cooked Original Potato Chips","5.92","0.0","","8 oz","8 oz","925.jpg",,"0"
"4818","Beverages, Chips & Snacks","Chips & Snacks","Chips & Pretzels","Cape Cod","Cape Cod Kettle Cooked Original Reduced Fat Potato Chips Party Size","Cape Cod Kettle Cooked Original Reduced Fat Potato Chips Party Size","6.23","0.0","","14 oz","14 oz","927.jpg",,"0"
"4819","Beverages, Chips & Snacks","Chips & Snacks","Chips & Pretzels","Cape Cod","Cape Cod Kettle Cooked Potato Chips Dark Russet","Cape Cod Kettle Cooked Potato Chips Dark Russet","5.92","0.0","","7.5 oz","7.5 oz","17919.jpg",,"0"
"4820","Beverages, Chips & Snacks","Chips & Snacks","Chips & Pretzels","Cape Cod","Cape Cod Kettle Cooked Potato Chips Sweet Mesquite Barbeque","Cape Cod Kettle Cooked Potato Chips Sweet Mesquite Barbeque","5.92","0.0","","8 oz","8 oz","924.jpg",,"0"
"4821","Beverages, Chips & Snacks","Chips & Snacks","Chips & Pretzels","Cape Cod","Cape Cod Potato Chips, Less Fat Sea Salt & Vinegar Kettle Cooked Chips","Cape Cod Potato Chips, Less Fat Sea Salt & Vinegar Kettle Cooked Chips","5.92","0.0","","8 oz","8 oz","917.jpg",,"0"
"4822","Beverages, Chips & Snacks","Chips & Snacks","Chips & Pretzels","Cape Cod","Cape Cod Potato Chips, Original Kettle Cooked Chips","Cape Cod Potato Chips, Original Kettle Cooked Chips","6.23","0.0","","14 oz","14 oz","915.jpg",,"0"
"4823","Beverages, Chips & Snacks","Chips & Snacks","Chips & Pretzels","Cape Cod","Cape Cod Potato Chips, Original Kettle Cooked Chips","Cape Cod Potato Chips, Original Kettle Cooked Chips","5.92","0.0","","8 oz","8 oz","920.jpg",,"0"
"4824","Beverages, Chips & Snacks","Chips & Snacks","Chips & Pretzels","Cape Cod","Cape Cod Potato Chips, Reduced Fat Original Kettle Cooked Chips","Cape Cod Potato Chips, Reduced Fat Original Kettle Cooked Chips","6.23","0.0","","14 oz","14 oz","914.jpg",,"0"
"4825","Beverages, Chips & Snacks","Chips & Snacks","Chips & Pretzels","Cape Cod","Cape Cod Potato Chips, Reduced Fat Original Kettle Cooked Chips","Cape Cod Potato Chips, Reduced Fat Original Kettle Cooked Chips","5.92","0.0","","8 oz","8 oz","923.jpg",,"0"
"4826","Beverages, Chips & Snacks","Chips & Snacks","Chips & Pretzels","Cape Cod","Cape Cod Potato Chips, Sweet & Spicy Jalapeno Kettle Cooked Chips","Cape Cod Potato Chips, Sweet & Spicy Jalapeno Kettle Cooked Chips","5.92","0.0","","8 oz","8 oz","918.jpg",,"0"
"4827","Beverages, Chips & Snacks","Chips & Snacks","Chips & Pretzels","Cape Cod","Cape Cod Lightly Salted 60% Less Sodium","Cape Cod Lightly Salted 60% Less Sodium","5.92","0.0","","8 oz","8 oz","bcs0002.jpg",,"0"
"4828","Beverages, Chips & Snacks","Chips & Snacks","Chips & Pretzels","Cape Cod","Cape Cod Sea Salt & Cracked Pepper","Cape Cod Sea Salt & Cracked Pepper","5.92","0.0","","8 oz","8 oz","bcs0003.jpg",,"0"
"4829","Beverages, Chips & Snacks","Chips & Snacks","Chips & Pretzels","Cape Cod","Cape Cod Sea Salt & Vinegar","Cape Cod Sea Salt & Vinegar","5.92","0.0","","8 oz","8 oz","bcs0004.jpg",,"0"
"4830","Beverages, Chips & Snacks","Chips & Snacks","Chips & Pretzels","Cape Cod","Cape Cod Party Size Waffle Cut Sea Salt","Cape Cod Party Size Waffle Cut Sea Salt","6.23","0.0","","14 oz","14 oz","bcs0005.jpg",,"0"
"4831","Beverages, Chips & Snacks","Chips & Snacks","Chips & Pretzels","Cheetos","Cheetos Crunchy Cheese Flavored Snacks","Cheetos Crunchy Cheese Flavored Snacks","6.23","0.0","","8.5 oz","8.5 oz","14850.jpg",,"0"
"4832","Beverages, Chips & Snacks","Chips & Snacks","Crackers","Cheez-It","Cheez It Baked Snack Cheese Crackers Reduced Fat Original","Cheez It Baked Snack Cheese Crackers Reduced Fat Original","6.23","0.0","","19 oz","19 oz","14900.jpg",,"6"
"4833","Beverages, Chips & Snacks","Chips & Snacks","Chips & Pretzels","Chex Mix","Chex Mix Traditional Savory Snack Mix","Chex Mix Traditional Savory Snack Mix","4.67","0.0","","15 oz","15 oz","14853.jpg",,"0"
"4834","Beverages, Chips & Snacks","Chips & Snacks","Chips & Pretzels","Chex Mix","Chex Mix Cheddar Savory Snack Mix","Chex Mix Cheddar Savory Snack Mix","4.67","0.0","","15 oz","15 oz","bcs0006.jpg",,"0"
"4835","Beverages, Chips & Snacks","Chips & Snacks","Chips & Pretzels","Chex Mix","Chex Mix Honey Nut Snack Mix","Chex Mix Honey Nut Snack Mix","3.13","0.0","","8.5 oz","8.5 oz","bcs0007.jpg",,"0"
"4836","Beverages, Chips & Snacks","Chips & Snacks","Chips & Pretzels","Chex Mix","Chex Mix Bold Snack Mix","Chex Mix Bold Snack Mix","3.13","0.0","","8.5 oz","8.5 oz","bcs0008.jpg",,"0"
"4837","Beverages, Chips & Snacks","Chips & Snacks","Chips & Pretzels","Doritos","Doritos Cool Ranch Tortilla Chips","Doritos Cool Ranch Tortilla Chips","4.99","0.0","","9.75 oz","9.75 oz","953.jpg",,"0"
"4838","Beverages, Chips & Snacks","Chips & Snacks","Chips & Pretzels","Doritos","Doritos Nacho Cheese Flavored Tortilla Chips","Doritos Nacho Cheese Flavored Tortilla Chips","5.47","0.0","","9.75 oz","9.75 oz","955.jpg",,"0"
"4839","Beverages, Chips & Snacks","Chips & Snacks","Chips & Pretzels","Doritos","Doritos Spicy Nacho Flavored Tortilla Chips","Doritos Spicy Nacho Flavored Tortilla Chips","5.47","0.0","","9.75 oz","9.75 oz","956.jpg",,"0"
"4840","Beverages, Chips & Snacks","Chips & Snacks","Chips & Pretzels","Doritos","Doritos Spicy Sweet Chilli Tortilla Chips","Doritos Spicy Sweet Chilli Tortilla Chips","5.47","0.0","","9.75 ","9.75 ","bcs0009.jpg",,"0"
"4841","Beverages, Chips & Snacks","Chips & Snacks","Chips & Pretzels","Eatsmart Snacks","Eatsmart Snacks Garden Veggie Crisps with Sea Salt","Eatsmart Snacks Garden Veggie Crisps with Sea Salt","3.91","0.0","","6 oz","6 oz","14879.jpg",,"0"
"4842","Beverages, Chips & Snacks","Chips & Snacks","Chips & Pretzels","Eatsmart Snacks","Eatsmart Snacks Garden Veggie Sticks with Potato Tomato & Spinach","Eatsmart Snacks Garden Veggie Sticks with Potato Tomato & Spinach","3.91","0.0","","7 oz","7 oz","14849.jpg",,"0"
"4843","Beverages, Chips & Snacks","Chips & Snacks","Chips & Pretzels","Food Should Taste Good","Food Should Taste Good Multigrain Tortilla Chips, Gluten Free","Food Should Taste Good Multigrain Tortilla Chips, Gluten Free","4.69","0.0","","5.5 oz","5.5 oz","17948.jpg",,"0"
"4844","Beverages, Chips & Snacks","Chips & Snacks","Chips & Pretzels","Food Should Taste Good","Food Should Taste Good Sweet Potato Tortilla Chips, Gluten Free","Food Should Taste Good Sweet Potato Tortilla Chips, Gluten Free","4.69","0.0","","5.5 oz","5.5 oz","bcs0010.jpg",,"0"
"4845","Beverages, Chips & Snacks","Chips & Snacks","Chips & Pretzels","Food Should Taste Good","Food Should Taste Good Blue Corn Tortilla Chips, Gluten Free","Food Should Taste Good Blue Corn Tortilla Chips, Gluten Free","4.69","0.0","","5.5 oz","5.5 oz","bcs0011.jpg",,"0"
"4846","Beverages, Chips & Snacks","Chips & Snacks","Chips & Pretzels","Garden of Eatin'","Garden of Eatin' Corn Tortilla Chips Blue Chips","Garden of Eatin' Corn Tortilla Chips Blue Chips","5.47","0.0","","8.1 oz","8.1 oz","14892.jpg",,"0"
"4847","Beverages, Chips & Snacks","Chips & Snacks","Chips & Pretzels","Good Health","Good Health Veggie Stix Sea Salt","Good Health Veggie Stix Sea Salt","4.69","0.0","","6.25 oz","6.25 oz","14860.jpg",,"0"
"4848","Beverages, Chips & Snacks","Chips & Snacks","Chips & Pretzels","Good Health","Good Health Veggie Straws Sea Salt","Good Health Veggie Straws Sea Salt","4.69","0.0","","6.25 oz","6.25 oz","14813.jpg",,"0"
"4849","Beverages, Chips & Snacks","Chips & Snacks","Chips & Pretzels","Kettle","Kettle Brand Potato Chips, Backyard Barbeque Kettle Chips","Kettle Brand Potato Chips, Backyard Barbeque Kettle Chips","4.69","0.0","","8.5 oz","8.5 oz","14896.jpg",,"0"
"4850","Beverages, Chips & Snacks","Chips & Snacks","Chips & Pretzels","Kettle","Kettle Brand Potato Chips, Krinkle Cut Salt & Ground Pepper Kettle Chips","Kettle Brand Potato Chips, Krinkle Cut Salt & Ground Pepper Kettle Chips","4.69","0.0","","8.5 oz","8.5 oz","14880.jpg",,"0"
"4851","Beverages, Chips & Snacks","Chips & Snacks","Chips & Pretzels","Kettle","Kettle Brand Potato Chips, Sea Salt & Vinegar Kettle Chips","Kettle Brand Potato Chips, Sea Salt & Vinegar Kettle Chips","4.69","0.0","","8.5 oz","8.5 oz","14858.jpg",,"0"
"4852","Beverages, Chips & Snacks","Chips & Snacks","Chips & Pretzels","Kettle","Kettle Brand Jalapeno Jack Potato Chips","Kettle Brand Jalapeno Jack Potato Chips","4.69","0.0","","8.5 oz","8.5 oz","14874.jpg",,"0"
"4853","Beverages, Chips & Snacks","Chips & Snacks","Chips & Pretzels","LATE JULY","LATE JULY Snacks Restaurant Style Sea Salt Thin & Crispy Organic Tortilla Chips","LATE JULY Snacks Restaurant Style Sea Salt Thin & Crispy Organic Tortilla Chips","4.69","0.0","","11 oz","11 oz","14859.jpg",,"0"
"4854","Beverages, Chips & Snacks","Chips & Snacks","Chips & Pretzels","Frito Lay's","Frito Lay's & Mix Variety Pack","Frito Lay's & Mix Variety Pack","8.24","0.0","","10 x 1 oz","10 x 1 oz","14827.jpg",,"0"
"4855","Beverages, Chips & Snacks","Chips & Snacks","Chips & Pretzels","Frito Lay's","Frito Lay's Classic Mix Party Size 28 Pack","Frito Lay's Classic Mix Party Size 28 Pack","17.17","0.0","","28 x 1 oz","28 x 1 oz","bcs0012.jpg",,"0"
"4856","Beverages, Chips & Snacks","Chips & Snacks","Chips & Pretzels","Frito Lay's","Frito Lay's Flavor Mix Party Size 28 Pack","Frito Lay's Flavor Mix Party Size 28 Pack","17.17","0.0","","28 x 1 oz","28 x 1 oz","bcs0013.jpg",,"0"
"4857","Beverages, Chips & Snacks","Chips & Snacks","Chips & Pretzels","Lay's","Lay's Baked Sour Cream And Onion Potato Crisps","Lay's Baked Sour Cream And Onion Potato Crisps","5.14","0.0","","6.25 oz","6.25 oz","875.jpg",,"0"
"4858","Beverages, Chips & Snacks","Chips & Snacks","Chips & Pretzels","Lay's","Lay's Baked Original","Lay's Baked Original","5.14","0.0","","6.25 oz","6.25 oz","bcs0014.jpg",,"0"
"4859","Beverages, Chips & Snacks","Chips & Snacks","Chips & Pretzels","Lay's","Lay's Baked Barbeque","Lay's Baked Barbeque","5.14","0.0","","6.25 oz","6.25 oz","bcs0015.jpg",,"0"
"4860","Beverages, Chips & Snacks","Chips & Snacks","Chips & Pretzels","Lay's","Lay'S Barbecue Flavored Potato Chips","Lay'S Barbecue Flavored Potato Chips","3.91","0.0","","7.75 oz","7.75 oz","887.jpg",,"0"
"4861","Beverages, Chips & Snacks","Chips & Snacks","Chips & Pretzels","Lay's","Lay's Barbecue Potato Chips Party Size","Lay's Barbecue Potato Chips Party Size","5.47","0.0","","12.5 oz","12.5 oz","878.jpg",,"0"
"4862","Beverages, Chips & Snacks","Chips & Snacks","Chips & Pretzels","Lay's","Lay's Classic Potato Chips Party Size","Lay's Classic Potato Chips Party Size","5.47","0.0","","13 oz","13 oz","873.jpg",,"0"
"4863","Beverages, Chips & Snacks","Chips & Snacks","Chips & Pretzels","Lay's","Lay's Classic Potato Chips","Lay's Classic Potato Chips","3.91","0.0","","8 oz","8 oz","879.jpg",,"0"
"4864","Beverages, Chips & Snacks","Chips & Snacks","Chips & Pretzels","Lay's","Lay'S Dill Pickle Potato Chips","Lay'S Dill Pickle Potato Chips","3.91","0.0","","7.75 oz","7.75 oz","869.jpg",,"0"
"4865","Beverages, Chips & Snacks","Chips & Snacks","Chips & Pretzels","Lay's","Lay's Kettle Cooked Mesquite BBQ Potato Chips","Lay's Kettle Cooked Mesquite BBQ Potato Chips","5.45","0.0","","8 oz","8 oz","888.jpg",,"0"
"4866","Beverages, Chips & Snacks","Chips & Snacks","Chips & Pretzels","Lay's","Lay's Kettle Cooked Original Potato Chips","Lay's Kettle Cooked Original Potato Chips","5.45","0.0","","8 oz","8 oz","886.jpg",,"0"
"4867","Beverages, Chips & Snacks","Chips & Snacks","Chips & Pretzels","Lay's","Lay'S Kettle Cooked Reduced Fat Original Potato Chips","Lay'S Kettle Cooked Reduced Fat Original Potato Chips","5.45","0.0","","8 oz","8 oz","891.jpg",,"0"
"4868","Beverages, Chips & Snacks","Chips & Snacks","Chips & Pretzels","Lay's","Lay's Kettle Cooked Sea Salt & Vinegar Potato Chips","Lay's Kettle Cooked Sea Salt & Vinegar Potato Chips","5.45","0.0","","8 oz","8 oz","883.jpg",,"0"
"4869","Beverages, Chips & Snacks","Chips & Snacks","Chips & Pretzels","Lay's","Lay's Lightly Salted Potato Chips","Lay's Lightly Salted Potato Chips","3.91","0.0","","7.75 oz","7.75 oz","876.jpg",,"0"
"4870","Beverages, Chips & Snacks","Chips & Snacks","Chips & Pretzels","Lay's","Lay's Potato Chips Lightly Salted Party Size","Lay's Potato Chips Lightly Salted Party Size","5.47","0.0","","12.5 oz","12.5 oz","881.jpg",,"0"
"4871","Beverages, Chips & Snacks","Chips & Snacks","Chips & Pretzels","Lay's","Lay's Salt & Vinegar Potato Chips","Lay's Salt & Vinegar Potato Chips","3.91","0.0","","7.75 oz","7.75 oz","872.jpg",,"0"
"4872","Beverages, Chips & Snacks","Chips & Snacks","Chips & Pretzels","Lay's","Lay'S Sour Cream & Onion Flavored Potato Chips","Lay'S Sour Cream & Onion Flavored Potato Chips","3.91","0.0","","7.75 oz","7.75 oz","868.jpg",,"0"
"4873","Beverages, Chips & Snacks","Chips & Snacks","Chips & Pretzels","Lay's","Lay's Sour Cream And Onion Flavored Potato Chips Party Size","Lay's Sour Cream And Onion Flavored Potato Chips Party Size","5.47","0.0","","12.5 oz","12.5 oz","871.jpg",,"0"
"4874","Beverages, Chips & Snacks","Chips & Snacks","Chips & Pretzels","Lay's","Lay's Wavy Lightly Salted","Lay's Wavy Lightly Salted","3.91","0.0","","7.5 oz","7.5 oz","bcs0016.jpg",,"0"
"4875","Beverages, Chips & Snacks","Chips & Snacks","Chips & Pretzels","Lay's","Lay's Wavy Original Potato Chips Party Size","Lay's Wavy Original Potato Chips Party Size","5.47","0.0","","13 oz","13 oz","874.jpg",,"0"
"4876","Beverages, Chips & Snacks","Chips & Snacks","Chips & Pretzels","Lay's","Lay's Wavy Potato Chips Original","Lay's Wavy Potato Chips Original","3.91","0.0","","3.75 oz","3.75 oz","889.jpg",,"0"
"4877","Beverages, Chips & Snacks","Chips & Snacks","Chips & Pretzels","Lay's","Lay'S Dill Pickle Potato Chips Party Size","Lay'S Dill Pickle Potato Chips Party Size","5.47","0.0","","13 oz","13 oz","bcs0017.jpg",,"0"
"4878","Beverages, Chips & Snacks","Chips & Snacks","Chips & Pretzels","Lay's","Lay's Cheddar & Sour Cream","Lay's Cheddar & Sour Cream","3.91","0.0","","7.75 oz","7.75 oz","bcs0018.jpg",,"0"
"4879","Beverages, Chips & Snacks","Chips & Snacks","Chips & Pretzels","Lay's","Lay's Honey Barbeque","Lay's Honey Barbeque","3.91","0.0","","7.75 oz","7.75 oz","bcs0019.jpg",,"0"
"4880","Beverages, Chips & Snacks","Chips & Snacks","Chips & Pretzels","Lay's","Lay's Limon","Lay's Limon","3.91","0.0","","7.75 oz","7.75 oz","bcs0020.jpg",,"0"
"4881","Beverages, Chips & Snacks","Chips & Snacks","Chips & Pretzels","Lay's","Lay's Poppables Creamy Jalepeno Crispy Potato Bites","Lay's Poppables Creamy Jalepeno Crispy Potato Bites","3.91","0.0","","5 oz","5 oz","bcs0021.jpg",,"0"
"4882","Beverages, Chips & Snacks","Chips & Snacks","Chips & Pretzels","Lay's","Lay's Poppables Sea Salt & Vinegar Crispy Potato Bites","Lay's Poppables Sea Salt & Vinegar Crispy Potato Bites","3.91","0.0","","5 oz","5 oz","bcs0022.jpg",,"0"
"4883","Beverages, Chips & Snacks","Chips & Snacks","Chips & Pretzels","Lay's","Lay's Poppables Honey Bbq Crispy Potato Bites","Lay's Poppables Honey Bbq Crispy Potato Bites","3.91","0.0","","5 oz","5 oz","bcs0023.jpg",,"0"
"4884","Beverages, Chips & Snacks","Chips & Snacks","Chips & Pretzels","Lay's","Lay's Poppables White Cheddar Crispy Potato Bites","Lay's Poppables White Cheddar Crispy Potato Bites","3.91","0.0","","5 oz","5 oz","bcs0024.jpg",,"0"
"4885","Beverages, Chips & Snacks","Chips & Snacks","Chips & Pretzels","Market Basket","Market Basket Baked Potato Crisps Original","Market Basket Baked Potato Crisps Original","3.91","0.0","","9 oz","9 oz","Market Basket.jpg",,"0"
"4886","Beverages, Chips & Snacks","Chips & Snacks","Chips & Pretzels","Market Basket","Market Basket Baked Ripple Potato Crisps","Market Basket Baked Ripple Potato Crisps","3.91","0.0","","9 oz","9 oz","Market Basket.jpg",,"0"
"4887","Beverages, Chips & Snacks","Chips & Snacks","Chips & Pretzels","Market Basket","Market Basket Cheddar Cheese Balls","Market Basket Cheddar Cheese Balls","3.13","0.0","","9 oz","9 oz","Market Basket.jpg",,"0"
"4888","Beverages, Chips & Snacks","Chips & Snacks","Chips & Pretzels","Market Basket","Market Basket Cheddar Cheese Curls","Market Basket Cheddar Cheese Curls","3.13","0.0","","9 oz","9 oz","Market Basket.jpg",,"0"
"4889","Beverages, Chips & Snacks","Chips & Snacks","Chips & Pretzels","Market Basket","Market Basket Classic Potato Chips","Market Basket Classic Potato Chips","3.13","0.0","","10 oz","10 oz","Market Basket.jpg",,"0"
"4890","Beverages, Chips & Snacks","Chips & Snacks","Chips & Pretzels","Market Basket","Market Basket Pretzel Thins","Market Basket Pretzel Thins","1.55","0.0","","8 oz","8 oz","Market Basket.jpg",,"0"
"4891","Beverages, Chips & Snacks","Chips & Snacks","Chips & Pretzels","Market Basket","Market Basket Honey Wheat Braided Pretzels","Market Basket Honey Wheat Braided Pretzels","1.55","0.0","","9 oz","9 oz","Market Basket.jpg",,"0"
"4892","Beverages, Chips & Snacks","Chips & Snacks","Chips & Pretzels","Market Basket","Market Basket Kettle Cooked Potato Chips","Market Basket Kettle Cooked Potato Chips","3.91","0.0","","9 oz","9 oz","Market Basket.jpg",,"0"
"4893","Beverages, Chips & Snacks","Chips & Snacks","Chips & Pretzels","Market Basket","Market Basket No Salt Potato Chips","Market Basket No Salt Potato Chips","3.13","0.0","","9.5 oz","9.5 oz","Market Basket.jpg",,"0"
"4894","Beverages, Chips & Snacks","Chips & Snacks","Chips & Pretzels","Market Basket","Market Basket Waffle Pretzel","Market Basket Waffle Pretzel","1.55","0.0","","10 oz","10 oz","Market Basket.jpg",,"0"
"4895","Beverages, Chips & Snacks","Chips & Snacks","Chips & Pretzels","Market Basket","Market Basket Restaurant Style Tortilla Chips","Market Basket Restaurant Style Tortilla Chips","3.13","0.0","","12.5 oz","12.5 oz","Market Basket.jpg",,"0"
"4896","Beverages, Chips & Snacks","Chips & Snacks","Chips & Pretzels","Market Basket","Market Basket Slightly Salted (50% Less Sodium) Potato Chips","Market Basket Slightly Salted (50% Less Sodium) Potato Chips","3.13","0.0","","9.5 oz","9.5 oz","Market Basket.jpg",,"0"
"4897","Beverages, Chips & Snacks","Chips & Snacks","Chips & Pretzels","Market Basket","Market Basket Touch Of Lime Tortilla Chips","Market Basket Touch Of Lime Tortilla Chips","3.13","0.0","","12.5 oz","12.5 oz","Market Basket.jpg",,"0"
"4898","Beverages, Chips & Snacks","Chips & Snacks","Chips & Pretzels","Market Basket","Market Basket Yellow Round Tortilla Chips","Market Basket Yellow Round Tortilla Chips","3.13","0.0","","12.5 oz","12.5 oz","Market Basket.jpg",,"0"
"4899","Beverages, Chips & Snacks","Chips & Snacks","Chips & Pretzels","PiratesBrands","Pirate's Booty Aged White Cheddar Rice and Corn Puffs","Pirate's Booty Aged White Cheddar Rice and Corn Puffs","3.91","0.0","","4 oz","4 oz","14811.jpg",,"0"
"4900","Beverages, Chips & Snacks","Chips & Snacks","Chips & Pretzels","PiratesBrands","Pirate's Booty Aged White Cheddar Rice and Corn Puffs Multi Pack","Pirate's Booty Aged White Cheddar Rice and Corn Puffs Multi Pack","7.8","0.0","","6 x 1 oz","6 x 1 oz","bcs0026.jpg",,"0"
"4901","Beverages, Chips & Snacks","Chips & Snacks","Chips & Pretzels","Pringles","Pringles BBQ Potato Crisps","Pringles BBQ Potato Crisps","2.08","0.0","","5.5 oz","5.5 oz","975.jpg",,"0"
"4902","Beverages, Chips & Snacks","Chips & Snacks","Chips & Pretzels","Pringles","Pringles Original Potato Crisps","Pringles Original Potato Crisps","2.08","0.0","","5.5 oz","5.5 oz","973.jpg",,"0"
"4903","Beverages, Chips & Snacks","Chips & Snacks","Chips & Pretzels","Pringles","Pringles Potato Crisps Chips Cheddar Cheese","Pringles Potato Crisps Chips Cheddar Cheese","1.55","0.0","","2.5 oz","2.5 oz","974.jpg",,"0"
"4904","Beverages, Chips & Snacks","Chips & Snacks","Chips & Pretzels","Pringles","Pringles Potato Crisps Chips Sour Cream & Onion Flavored","Pringles Potato Crisps Chips Sour Cream & Onion Flavored","2.08","0.0","","5.5 oz","5.5 oz","972.jpg",,"0"
"4905","Beverages, Chips & Snacks","Chips & Snacks","Chips & Pretzels","Pringles","Pringles Potato Crisps Chips Sour Cream & Onion Flavored","Pringles Potato Crisps Chips Sour Cream & Onion Flavored","1.55","0.0","","2.5 oz","2.5 oz","976.jpg",,"0"
"4906","Beverages, Chips & Snacks","Chips & Snacks","Chips & Pretzels","Cheetos","Cheetos Puffs Cheese Flavored Snacks","Cheetos Puffs Cheese Flavored Snacks","6.23","0.0","","8 oz","8 oz","14823.jpg",,"0"
"4907","Beverages, Chips & Snacks","Chips & Snacks","Chips & Pretzels","Cheetos","Cheetos Puffcorn Cheddar Flavored Snacks","Cheetos Puffcorn Cheddar Flavored Snacks","6.23","0.0","","7 oz","7 oz","14876.jpg",,"0"
"4908","Beverages, Chips & Snacks","Chips & Snacks","Chips & Pretzels","Rold Gold","Rold Gold Pretzels Braided Honey Wheat","Rold Gold Pretzels Braided Honey Wheat","5.14","0.0","","10 oz","10 oz","14831.jpg",,"0"
"4909","Beverages, Chips & Snacks","Chips & Snacks","Chips & Pretzels","Rold Gold","Rold Gold Rods Pretzel","Rold Gold Rods Pretzel","5.14","0.0","","12 oz","12 oz","14865.jpg",,"0"
"4910","Beverages, Chips & Snacks","Chips & Snacks","Chips & Pretzels","Rold Gold","Rold Gold Sticks Pretzels","Rold Gold Sticks Pretzels","5.14","0.0","","1 lb","1 lb","14888.jpg",,"0"
"4911","Beverages, Chips & Snacks","Chips & Snacks","Chips & Pretzels","Rold Gold","Rold Gold Tiny Twists Original Pretzels","Rold Gold Tiny Twists Original Pretzels","5.14","0.0","","16 oz","16 oz","14834.jpg",,"0"
"4912","Beverages, Chips & Snacks","Chips & Snacks","Chips & Pretzels","Rold Gold","Rold Gold Pretzel Thins","Rold Gold Pretzel Thins","5.14","0.0","","1 lb","1 lb","bcs0027.jpg",,"0"
"4913","Beverages, Chips & Snacks","Chips & Snacks","Chips & Pretzels","Ruffles","Ruffles Cheddar & Sour Cream Flavored Potato Chips","Ruffles Cheddar & Sour Cream Flavored Potato Chips","6.23","0.0","","8.25 oz","8.25 oz","14842.jpg",,"0"
"4914","Beverages, Chips & Snacks","Chips & Snacks","Chips & Pretzels","Ruffles","Ruffles Original Potato Chips","Ruffles Original Potato Chips","6.23","0.0","","9 oz","9 oz","14824.jpg",,"0"
"4915","Beverages, Chips & Snacks","Chips & Snacks","Chips & Pretzels","Ruffles","Ruffles Sour Cream And Onion Potato Chips","Ruffles Sour Cream And Onion Potato Chips","6.23","0.0","","8.25 oz","8.25 oz","14855.jpg",,"0"
"4916","Beverages, Chips & Snacks","Chips & Snacks","Chips & Pretzels","Ruffles","Ruffles Zesty Cheddar","Ruffles Zesty Cheddar","6.23","0.0","","7.75 oz","7.75 oz","bcs0028.jpg",,"0"
"4917","Beverages, Chips & Snacks","Chips & Snacks","Chips & Pretzels","Ruffles","Ruffles Double Crunch Hot Wings","Ruffles Double Crunch Hot Wings","6.23","0.0","","7.75 oz","7.75 oz","bcs0029.jpg",,"0"
"4918","Beverages, Chips & Snacks","Chips & Snacks","Chips & Pretzels","Ruffles","Ruffles Baked Cheddar & Sour Cream","Ruffles Baked Cheddar & Sour Cream","5.14","0.0","","6.25 oz","6.25 oz","bcs0030.jpg",,"0"
"4919","Beverages, Chips & Snacks","Chips & Snacks","Chips & Pretzels","Ruffles","Ruffles Baked Original","Ruffles Baked Original","5.14","0.0","","6.25 oz","6.25 oz","bcs0031.jpg",,"0"
"4920","Beverages, Chips & Snacks","Chips & Snacks","Chips & Pretzels","Santitas","Santitas Tortilla Chips","Santitas Tortilla Chips","3.58","0.0","","11 oz","11 oz","14814.jpg",,"0"
"4921","Beverages, Chips & Snacks","Chips & Snacks","Chips & Pretzels","Santitas","Santitas Corn Tortilla Chips","Santitas Corn Tortilla Chips","3.58","0.0","","11 oz","11 oz","bcs0032.jpg",,"0"
"4922","Beverages, Chips & Snacks","Chips & Snacks","Chips & Pretzels","Smartfood","Smartfood White Cheddar Cheese Popcorn","Smartfood White Cheddar Cheese Popcorn","6.23","0.0","","6.75 oz","6.75 oz","14844.jpg",,"0"
"4923","Beverages, Chips & Snacks","Chips & Snacks","Chips & Pretzels","Smartfood","Smartfood White Cheddar Reduced Fat Popcorn","Smartfood White Cheddar Reduced Fat Popcorn","6.23","0.0","","5.25 oz","5.25 oz","14883.jpg",,"0"
"4924","Beverages, Chips & Snacks","Chips & Snacks","Chips & Pretzels","Smartfood","Smartfood Smart 50 Sea Salt","Smartfood Smart 50 Sea Salt","6.23","0.0","","5 oz","5 oz","bcs0033.jpg",,"0"
"4925","Beverages, Chips & Snacks","Chips & Snacks","Chips & Pretzels","Smartfood","Smartfood Smart 50 White Cheddar","Smartfood Smart 50 White Cheddar","6.23","0.0","","5 oz","5 oz","bcs0034.jpg",,"0"
"4926","Beverages, Chips & Snacks","Chips & Snacks","Chips & Pretzels","Smartfood","Smartfood Movie Theatre Butter","Smartfood Movie Theatre Butter","6.23","0.0","","6.25 oz","6.25 oz","bcs0035.jpg",,"0"
"4927","Beverages, Chips & Snacks","Chips & Snacks","Chips & Pretzels","Smartfood","Smartfood Sweet & Salty Kettle Corn","Smartfood Sweet & Salty Kettle Corn","6.23","0.0","","7.75 ","7.75 ","bcs0036.jpg",,"0"
"4928","Beverages, Chips & Snacks","Chips & Snacks","Chips & Pretzels","Smartfood","Smartfood Caramel & Cheddar Mix","Smartfood Caramel & Cheddar Mix","6.23","0.0","","7 oz","7 oz","bcs0037.jpg",,"0"
"4929","Beverages, Chips & Snacks","Chips & Snacks","Chips & Pretzels","Smartfood","Smartfood White Cheddar","Smartfood White Cheddar","6.23","0.0","","10 x 0.62 oz","10 x 0.62 oz","bcs0038.jpg",,"0"
"4930","Beverages, Chips & Snacks","Chips & Snacks","Chips & Pretzels","Snack Factory","Snack Factory Pretzel Crisps, Honey Mustard and Onion","Snack Factory Pretzel Crisps, Honey Mustard and Onion","3.13","0.0","","7.2 oz","7.2 oz","14872.jpg",,"0"
"4931","Beverages, Chips & Snacks","Chips & Snacks","Chips & Pretzels","Snack Factory","Snack Factory Pretzel Crisps, Original","Snack Factory Pretzel Crisps, Original","3.13","0.0","","7.2 oz","7.2 oz","14817.jpg",,"0"
"4932","Beverages, Chips & Snacks","Chips & Snacks","Chips & Pretzels","Snack Factory","Snack Factory Pretzel Crisps, Original, Party Size","Snack Factory Pretzel Crisps, Original, Party Size","5.47","0.0","","14 oz","14 oz","14841.jpg",,"0"
"4933","Beverages, Chips & Snacks","Chips & Snacks","Chips & Pretzels","Snack Factory","Snack Factory Pretzel Crisps, Sea Salt & Cracked Pepper","Snack Factory Pretzel Crisps, Sea Salt & Cracked Pepper","3.13","0.0","","7.2 oz","7.2 oz","14840.jpg",,"0"
"4934","Beverages, Chips & Snacks","Chips & Snacks","Chips & Pretzels","Snack Factory","Snack Factory Pretzel Crisps, Original, Multi Pack","Snack Factory Pretzel Crisps, Original, Multi Pack","7.66","0.0","","10 x 1 oz","10 x 1 oz","bcs0039.jpg",,"0"
"4935","Beverages, Chips & Snacks","Chips & Snacks","Chips & Pretzels","Snyder's of Hanover","Snyder's of Hanover Braided Twists Multigrain Pretzels","Snyder's of Hanover Braided Twists Multigrain Pretzels","4.69","0.0","","12 oz","12 oz","913.jpg",,"0"
"4936","Beverages, Chips & Snacks","Chips & Snacks","Chips & Pretzels","Snyder's of Hanover","Snyder's of Hanover Family Size Mini Pretzels","Snyder's of Hanover Family Size Mini Pretzels","3.91","0.0","","16 oz","16 oz","892.jpg",,"0"
"4937","Beverages, Chips & Snacks","Chips & Snacks","Chips & Pretzels","Snyder's of Hanover","Snyder's of Hanover Pretzel Pieces, Cheddar Cheese","Snyder's of Hanover Pretzel Pieces, Cheddar Cheese","3.91","0.0","","12 oz","12 oz","907.jpg",,"0"
"4938","Beverages, Chips & Snacks","Chips & Snacks","Chips & Pretzels","Snyder's of Hanover","Snyder's of Hanover Pretzel Pieces, Honey Mustard & Onion","Snyder's of Hanover Pretzel Pieces, Honey Mustard & Onion","3.91","0.0","","12 oz","12 oz","909.jpg",,"0"
"4939","Beverages, Chips & Snacks","Chips & Snacks","Chips & Pretzels","Snyder's of Hanover","Snyder's of Hanover Pretzel Pieces, Hot Buffalo Wing","Snyder's of Hanover Pretzel Pieces, Hot Buffalo Wing","3.91","0.0","","12 oz","12 oz","905.jpg",,"0"
"4940","Beverages, Chips & Snacks","Chips & Snacks","Chips & Pretzels","Snyder's of Hanover","Snyder's of Hanover Pretzel Rods","Snyder's of Hanover Pretzel Rods","5.45","0.0","","12 oz","12 oz","900.jpg",,"0"
"4941","Beverages, Chips & Snacks","Chips & Snacks","Chips & Pretzels","Snyder's of Hanover","Snyder's of Hanover Pretzel Sandwiches, Cheddar Cheese","Snyder's of Hanover Pretzel Sandwiches, Cheddar Cheese","4.69","0.0","","8 oz","8 oz","903.jpg",,"0"
"4942","Beverages, Chips & Snacks","Chips & Snacks","Chips & Pretzels","Snyder's of Hanover","Snyder's of Hanover Dipping Pretzel Sticks","Snyder's of Hanover Dipping Pretzel Sticks","5.45","0.0","","12 oz","12 oz","893.jpg",,"0"
"4943","Beverages, Chips & Snacks","Chips & Snacks","Chips & Pretzels","Snyder's of Hanover","Snyder's of Hanover Pretzels, Braided Prertzel Twists Honey Wheat","Snyder's of Hanover Pretzels, Braided Prertzel Twists Honey Wheat","4.69","0.0","","12 oz","12 oz","898.jpg",,"0"
"4944","Beverages, Chips & Snacks","Chips & Snacks","Chips & Pretzels","Snyder's of Hanover","Snyder's of Hanover Pretzels, Butter Snaps","Snyder's of Hanover Pretzels, Butter Snaps","5.45","0.0","","12 oz","12 oz","902.jpg",,"0"
"4945","Beverages, Chips & Snacks","Chips & Snacks","Chips & Pretzels","Snyder's of Hanover","Snyder's of Hanover Pretzels, Olde Tyme Pretzels","Snyder's of Hanover Pretzels, Olde Tyme Pretzels","3.91","0.0","","16 oz","16 oz","896.jpg",,"0"
"4946","Beverages, Chips & Snacks","Chips & Snacks","Chips & Pretzels","Snyder's of Hanover","Snyder's of Hanover Pretzels, Sourdough Hard Pretzels","Snyder's of Hanover Pretzels, Sourdough Hard Pretzels","3.91","0.0","","16 oz","16 oz","906.jpg",,"0"
"4947","Beverages, Chips & Snacks","Chips & Snacks","Chips & Pretzels","Snyder's of Hanover","Snyder's of Hanover Pretzels, Unsalted Mini Pretzels","Snyder's of Hanover Pretzels, Unsalted Mini Pretzels","5.45","0.0","","12 oz","12 oz","908.jpg",,"0"
"4948","Beverages, Chips & Snacks","Chips & Snacks","Chips & Pretzels","Snyder's of Hanover","Snyder's of Hanover Snaps Pretzels","Snyder's of Hanover Snaps Pretzels","3.91","0.0","","16 oz","16 oz","895.jpg",,"0"
"4949","Beverages, Chips & Snacks","Chips & Snacks","Chips & Pretzels","Snyder's of Hanover","Snyder's of Hanover Sticks The Pounder Pretzels","Snyder's of Hanover Sticks The Pounder Pretzels","3.91","0.0","","16 oz","16 oz","904.jpg",,"0"
"4950","Beverages, Chips & Snacks","Chips & Snacks","Chips & Pretzels","Stacy'S","Stacy'S Bagel Chips Everything","Stacy'S Bagel Chips Everything","3.13","0.0","","7 oz","7 oz","937.jpg",,"0"
"4951","Beverages, Chips & Snacks","Chips & Snacks","Chips & Pretzels","Stacy'S","Stacy'S Bagel Chips Simply Naked","Stacy'S Bagel Chips Simply Naked","3.13","0.0","","7 oz","7 oz","935.jpg",,"0"
"4952","Beverages, Chips & Snacks","Chips & Snacks","Chips & Pretzels","Stacy'S","Stacy's Baked Pita Chips Simply Naked","Stacy's Baked Pita Chips Simply Naked","3.91","0.0","","6 x 1 oz","6 x 1 oz","939.jpg",,"0"
"4953","Beverages, Chips & Snacks","Chips & Snacks","Chips & Pretzels","Stacy'S","Stacy'S Baked Pita Chips Cinnamon Sugar","Stacy'S Baked Pita Chips Cinnamon Sugar","3.13","0.0","","7.3 oz","7.3 oz","932.jpg",,"0"
"4954","Beverages, Chips & Snacks","Chips & Snacks","Chips & Pretzels","Stacy'S","Stacy'S Baked Pita Chips Multigrain","Stacy'S Baked Pita Chips Multigrain","3.13","0.0","","7.3 oz","7.3 oz","928.jpg",,"0"
"4955","Beverages, Chips & Snacks","Chips & Snacks","Chips & Pretzels","Stacy'S","Stacy'S Baked Pita Chips Simply Naked Party Size","Stacy'S Baked Pita Chips Simply Naked Party Size","7.02","0.0","","18 oz","18 oz","931.jpg",,"0"
"4956","Beverages, Chips & Snacks","Chips & Snacks","Chips & Pretzels","Stacy'S","Stacy'S Pita Thins Garlic & Herb","Stacy'S Pita Thins Garlic & Herb","3.13","0.0","","6.75 oz","6.75 oz","934.jpg",,"0"
"4957","Beverages, Chips & Snacks","Chips & Snacks","Chips & Pretzels","Stacy'S","Stacy'S Pita Thins Sea Salt","Stacy'S Pita Thins Sea Salt","3.13","0.0","","6.75 oz","6.75 oz","929.jpg",,"0"
"4958","Beverages, Chips & Snacks","Chips & Snacks","Chips & Pretzels","Utz","Classic Mix","Classic Mix","9.36","0.0","","20 x 1 oz","20 x 1 oz","14816.jpg",,"0"
"4959","Beverages, Chips & Snacks","Chips & Snacks","Chips & Pretzels","Sun Chips","Sun Chips Sunchips Garden Salsa","Sun Chips Sunchips Garden Salsa","5.14","0.0","","7 oz","7 oz","14829.jpg",,"0"
"4960","Beverages, Chips & Snacks","Chips & Snacks","Chips & Pretzels","Sun Chips","Sun Chips Sunchips Harvest Cheddar","Sun Chips Sunchips Harvest Cheddar","5.14","0.0","","7 oz","7 oz","14821.jpg",,"0"
"4961","Beverages, Chips & Snacks","Chips & Snacks","Chips & Pretzels","Sun Chips","Sun Chips 100% Whole Grain Original","Sun Chips 100% Whole Grain Original","5.14","0.0","","7 oz","7 oz","bcs0040.jpg",,"0"
"4962","Beverages, Chips & Snacks","Chips & Snacks","Chips & Pretzels","Sun Chips","Sun Chips 100% Whole Grain Original Sweet Potato & Brown Sugar","Sun Chips 100% Whole Grain Original Sweet Potato & Brown Sugar","5.14","0.0","","7 oz","7 oz","bcs0041.jpg",,"0"
"4963","Beverages, Chips & Snacks","Chips & Snacks","Chips & Pretzels","Sun Chips","Sun Chips 100% Whole Grain Original French Onion","Sun Chips 100% Whole Grain Original French Onion","5.14","0.0","","7 oz","7 oz","bcs0042.jpg",,"0"
"4964","Beverages, Chips & Snacks","Chips & Snacks","Chips & Pretzels","Terra Chips","Terra Real Vegetable Chips Original Sea Salt","Terra Real Vegetable Chips Original Sea Salt","9.36","0.0","","6.8 oz","6.8 oz","14869.jpg",,"0"
"4965","Beverages, Chips & Snacks","Chips & Snacks","Chips & Pretzels","Terra Chips","Terra Sweet Potato Chips No Salt Added Non GMO","Terra Sweet Potato Chips No Salt Added Non GMO","6.23","0.0","","6 oz","6 oz","bcs0043.jpg",,"0"
"4966","Beverages, Chips & Snacks","Chips & Snacks","Chips & Pretzels","Terra Chips","Terra Sweet Potato Chips Sea Salt Added Non GMO","Terra Sweet Potato Chips Sea Salt Added Non GMO","6.23","0.0","","6 oz","6 oz","bcs0044.jpg",,"0"
"4967","Beverages, Chips & Snacks","Chips & Snacks","Chips & Pretzels","Terra Chips","Terra Blues Sea Salt Non GMO Chips","Terra Blues Sea Salt Non GMO Chips","6.23","0.0","","5 oz","5 oz","bcs0045.jpg",,"0"
"4968","Beverages, Chips & Snacks","Chips & Snacks","Chips & Pretzels","Tostitos","Tostitos Bite Size Tortilla Chips","Tostitos Bite Size Tortilla Chips","5.47","0.0","","13 oz","13 oz","970.jpg",,"0"
"4969","Beverages, Chips & Snacks","Chips & Snacks","Chips & Pretzels","Tostitos","Tostitos Cantina Thin & Crispy Tortilla Chips","Tostitos Cantina Thin & Crispy Tortilla Chips","5.14","0.0","","9 oz","9 oz","971.jpg",,"0"
"4970","Beverages, Chips & Snacks","Chips & Snacks","Chips & Pretzels","Tostitos","Tostitos Crispy Rounds Tortilla Chips","Tostitos Crispy Rounds Tortilla Chips","5.47","0.0","","13 oz","13 oz","969.jpg",,"0"
"4971","Beverages, Chips & Snacks","Chips & Snacks","Chips & Pretzels","Tostitos","Tostitos Hint Of Lime Flavored Tortilla Chips","Tostitos Hint Of Lime Flavored Tortilla Chips","5.47","0.0","","13 oz","13 oz","965.jpg",,"0"
"4972","Beverages, Chips & Snacks","Chips & Snacks","Chips & Pretzels","Tostitos","Tostitos Original Restaurant Style Tortilla Chips Party Size","Tostitos Original Restaurant Style Tortilla Chips Party Size","6.23","0.0","","18 oz","18 oz","967.jpg",,"0"
"4973","Beverages, Chips & Snacks","Chips & Snacks","Chips & Pretzels","Tostitos","Tostitos Original Restaurant Style Tortilla Chips","Tostitos Original Restaurant Style Tortilla Chips","5.47","0.0","","13 oz","13 oz","968.jpg",,"0"
"4974","Beverages, Chips & Snacks","Chips & Snacks","Chips & Pretzels","Tostitos","Tostitos Scoops Party Size Tortilla Chips","Tostitos Scoops Party Size Tortilla Chips","5.47","0.0","","14.5 oz","14.5 oz","966.jpg",,"0"
"4975","Beverages, Chips & Snacks","Chips & Snacks","Chips & Pretzels","Tostitos","Tostitos Scoops Tortilla Chips","Tostitos Scoops Tortilla Chips","5.47","0.0","","10 oz","10 oz","964.jpg",,"0"
"4976","Beverages, Chips & Snacks","Chips & Snacks","Chips & Pretzels","Tostitos","Tositos Multigrain Scoops Tortilla Chips","Tositos Multigrain Scoops Tortilla Chips","5.47","0.0","","10 oz","10 oz","bcs0046.jpg",,"0"
"4977","Beverages, Chips & Snacks","Chips & Snacks","Chips & Pretzels","Tostitos","Tositos Lightly Salted 50% Less Sodium","Tositos Lightly Salted 50% Less Sodium","5.47","0.0","","13 oz","13 oz","bcs0047.jpg",,"0"
"4978","Beverages, Chips & Snacks","Chips & Snacks","Chips & Pretzels","Tostitos","Tositos Cantina Traditional Tortilla Chips","Tositos Cantina Traditional Tortilla Chips","5.14","0.0","","12 oz","12 oz","bcs0048.jpg",,"0"
"4979","Beverages, Chips & Snacks","Chips & Snacks","Chips & Pretzels","Utz","Utz Baked Cheddar Cheese Balls Cheddar","Utz Baked Cheddar Cheese Balls Cheddar","9.36","0.0","","23 oz","23 oz","851.jpg",,"0"
"4980","Beverages, Chips & Snacks","Chips & Snacks","Chips & Pretzels","Utz","Utz Extra Thins Pretzels","Utz Extra Thins Pretzels","4.69","0.0","","16 oz","16 oz","863.jpg",,"0"
"4981","Beverages, Chips & Snacks","Chips & Snacks","Chips & Pretzels","Utz","Utz Honey Barbeque Potato Chips","Utz Honey Barbeque Potato Chips","4.69","0.0","","9 oz","9 oz","844.jpg",,"0"
"4982","Beverages, Chips & Snacks","Chips & Snacks","Chips & Pretzels","Utz","Utz Kettle Classics Sweet Potato Crunchy Potato Chips","Utz Kettle Classics Sweet Potato Crunchy Potato Chips","4.69","0.0","","7.5 oz","7.5 oz","858.jpg",,"0"
"4983","Beverages, Chips & Snacks","Chips & Snacks","Chips & Pretzels","Utz","Utz Kettle Classic Maui-Bbq Flavored Potato Chips","Utz Kettle Classic Maui-Bbq Flavored Potato Chips","4.69","0.0","","8 oz","8 oz","bcs0049.jpg",,"0"
"4984","Beverages, Chips & Snacks","Chips & Snacks","Chips & Pretzels","Utz","Utz Kettle Classic Original Potato Chips","Utz Kettle Classic Original Potato Chips","4.69","0.0","","8 oz","8 oz","bcs0050.jpg",,"0"
"4985","Beverages, Chips & Snacks","Chips & Snacks","Chips & Pretzels","Utz","Utz Kettle Classic Jalapeno Potato Chips","Utz Kettle Classic Jalapeno Potato Chips","4.69","0.0","","8 oz","8 oz","bcs0051.jpg",,"0"
"4986","Beverages, Chips & Snacks","Chips & Snacks","Chips & Pretzels","Utz","Utz Kettle Classic Smokin Sweet Bbq Flavored Potato Chips","Utz Kettle Classic Smokin Sweet Bbq Flavored Potato Chips","4.69","0.0","","8 oz","8 oz","bcs0052.jpg",,"0"
"4987","Beverages, Chips & Snacks","Chips & Snacks","Chips & Pretzels","Utz","Utz Kettle Classic TGI Fridays Cheddar & Bacon Potato Chips","Utz Kettle Classic TGI Fridays Cheddar & Bacon Potato Chips","4.69","0.0","","8 oz","8 oz","bcs0053.jpg",,"0"
"4988","Beverages, Chips & Snacks","Chips & Snacks","Chips & Pretzels","Utz","Utz Kettle Classic Salt & Malt Vinegar Potato Chips","Utz Kettle Classic Salt & Malt Vinegar Potato Chips","4.69","0.0","","8 oz","8 oz","bcs0054.jpg",,"0"
"4989","Beverages, Chips & Snacks","Chips & Snacks","Chips & Pretzels","Utz","Utz Kettle Classic Dark Russet Potato Chips","Utz Kettle Classic Dark Russet Potato Chips","4.69","0.0","","8 oz","8 oz","865.jpg",,"0"
"4990","Beverages, Chips & Snacks","Chips & Snacks","Chips & Pretzels","Utz","Utz No Salt Added Original Potato Chips Family Size","Utz No Salt Added Original Potato Chips Family Size","4.69","0.0","","9 oz","9 oz","854.jpg",,"0"
"4991","Beverages, Chips & Snacks","Chips & Snacks","Chips & Pretzels","Utz","Utz Pork Rinds Chicharrones Original","Utz Pork Rinds Chicharrones Original","2.8","0.0","","3 oz","3 oz","835.jpg",,"0"
"4992","Beverages, Chips & Snacks","Chips & Snacks","Chips & Pretzels","Utz","Utz Potato Chips Original","Utz Potato Chips Original","4.69","0.0","","9.5 oz","9.5 oz","843.jpg",,"0"
"4993","Beverages, Chips & Snacks","Chips & Snacks","Chips & Pretzels","Utz","Utz Potato Chips Original Big Bag","Utz Potato Chips Original Big Bag","4.69","0.0","","14.5 oz","14.5 oz","855.jpg",,"0"
"4994","Beverages, Chips & Snacks","Chips & Snacks","Chips & Pretzels","Utz","Utz Potato Chips Red Hot","Utz Potato Chips Red Hot","4.69","0.0","","9 oz","9 oz","842.jpg",,"0"
"4995","Beverages, Chips & Snacks","Chips & Snacks","Chips & Pretzels","Utz","Utz Potato Stix","Utz Potato Stix","4.2","0.0","","6.5 oz","6.5 oz","847.jpg",,"0"
"4996","Beverages, Chips & Snacks","Chips & Snacks","Chips & Pretzels","Utz","Utz Ripples Original Potato Chips","Utz Ripples Original Potato Chips","4.69","0.0","","9.5 oz","9.5 oz","837.jpg",,"0"
"4997","Beverages, Chips & Snacks","Chips & Snacks","Chips & Pretzels","Utz","Utz Ripples Original Potato Chips Big Bag","Utz Ripples Original Potato Chips Big Bag","4.69","0.0","","14.5 oz","14.5 oz","861.jpg",,"0"
"4998","Beverages, Chips & Snacks","Chips & Snacks","Chips & Pretzels","Utz","Utz Ripples Original Reduced Fat Potato Chips Family Size","Utz Ripples Original Reduced Fat Potato Chips Family Size","4.69","0.0","","9.5 oz","9.5 oz","838.jpg",,"0"
"4999","Beverages, Chips & Snacks","Chips & Snacks","Chips & Pretzels","Utz","Utz Ripples Sour Cream & Onion Potato Chips Family Size","Utz Ripples Sour Cream & Onion Potato Chips Family Size","4.69","0.0","","9 oz","9 oz","841.jpg",,"0"
"5000","Beverages, Chips & Snacks","Chips & Snacks","Chips & Pretzels","Utz","Utz Ripples Sour Cream & Onion Potato Chips Big Bag","Utz Ripples Sour Cream & Onion Potato Chips Big Bag","4.69","0.0","","14.5 oz","14.5 oz","bcs0055.jpg",,"0"
"5001","Beverages, Chips & Snacks","Chips & Snacks","Chips & Pretzels","Utz","Utz Ripple Fried Dill Pickles Potato Chips","Utz Ripple Fried Dill Pickles Potato Chips","4.69","0.0","","9 oz","9 oz","bcs0056.jpg",,"0"
"5002","Beverages, Chips & Snacks","Chips & Snacks","Chips & Pretzels","Utz","Utz Ripples Barbeque Potato Chips","Utz Ripples Barbeque Potato Chips","4.69","0.0","","9 oz","9 oz","bcs0057.jpg",,"0"
"5003","Beverages, Chips & Snacks","Chips & Snacks","Chips & Pretzels","Utz","Utz Salt'n Vinegar Potato Chips Family Size","Utz Salt'n Vinegar Potato Chips Family Size","4.69","0.0","","9 oz","9 oz","845.jpg",,"0"
"5004","Beverages, Chips & Snacks","Chips & Snacks","Chips & Pretzels","Utz","Utz Sourdough Specials Extra Dark Pretzels","Utz Sourdough Specials Extra Dark Pretzels","4.69","0.0","","16 oz","16 oz","852.jpg",,"0"
"5005","Beverages, Chips & Snacks","Chips & Snacks","Chips & Pretzels","Utz","Utz Sourdough Specials Original Pretzels","Utz Sourdough Specials Original Pretzels","4.69","0.0","","16 oz","16 oz","859.jpg",,"0"
"5006","Beverages, Chips & Snacks","Chips & Snacks","Chips & Pretzels","Utz","Utz Wavy Original Potato Chips","Utz Wavy Original Potato Chips","4.69","0.0","","9.5 oz","9.5 oz","867.jpg",,"0"
"5007","Beverages, Chips & Snacks","Chips & Snacks","Chips & Pretzels","Utz","Utz The Crab Chip Potato Chips","Utz The Crab Chip Potato Chips","4.69","0.0","","9 oz","9 oz","bcs0058.jpg",,"0"
"5008","Beverages, Chips & Snacks","Chips & Snacks","Chips & Pretzels","Utz","Utz Party Mix Cheese Crunchies Tortilla Chips Bbq Corn Chips Pretzel Wheels Nachos","Utz Party Mix Cheese Crunchies Tortilla Chips Bbq Corn Chips Pretzel Wheels Nachos","6.23","0.0","","26 oz","26 oz","bcs0059.jpg",,"0"
"5009","Beverages, Chips & Snacks","Chips & Snacks","Chips & Pretzels","Utz","Utz Braided Honey Wheat Twists Pretzels","Utz Braided Honey Wheat Twists Pretzels","4.69","0.0","","14 oz","14 oz","bcs0060.jpg",,"0"
"5010","Beverages, Chips & Snacks","Chips & Snacks","Chips & Pretzels","Utz","Utz Siurdough Nuggets Pretzels","Utz Siurdough Nuggets Pretzels","4.69","0.0","","16 oz","16 oz","bcs0061.jpg",,"0"
"5011","Beverages, Chips & Snacks","Chips & Snacks","Chips & Pretzels","Utz","Utz Popcorn Cheese","Utz Popcorn Cheese","3.91","0.0","","6.5 oz","6.5 oz","bcs0062.jpg",,"0"
"5012","Beverages, Chips & Snacks","Chips & Snacks","Chips & Pretzels","Utz","Utz Popcorn Butter","Utz Popcorn Butter","3.91","0.0","","6.5 oz","6.5 oz","bcs0063.jpg",,"0"
"5013","Beverages, Chips & Snacks","Chips & Snacks","Chips & Pretzels","Utz","Utz Cheddar Cheese Curls","Utz Cheddar Cheese Curls","4.69","0.0","","8.5 oz","8.5 oz","bcs0064.jpg",,"0"
"5014","Beverages, Chips & Snacks","Chips & Snacks","Chips & Pretzels","Utz","Utz Premium White Cheddar Popcorn","Utz Premium White Cheddar Popcorn","3.91","0.0","","6.5 oz","6.5 oz","bcs0065.jpg",,"0"
"5015","Beverages, Chips & Snacks","Chips & Snacks","Chips & Pretzels","Utz","Utz Caramel Popcorn With Peanuts","Utz Caramel Popcorn With Peanuts","3.91","0.0","","7 oz","7 oz","bcs0066.jpg",,"0"
"5016","Beverages, Chips & Snacks","Chips & Snacks","Chips & Pretzels","Utz","Utz Pork Rinds Chicharrones Hot n Spicy","Utz Pork Rinds Chicharrones Hot n Spicy","2.8","0.0","","3 oz","3 oz","bcs0067.jpg",,"0"
"5017","Beverages, Chips & Snacks","Chips & Snacks","Chips & Pretzels","Utz","Utz Pork Rinds Chicharrones Original","Utz Pork Rinds Chicharrones Original","3.11","0.0","","5 oz","5 oz","bcs0068.jpg",,"0"
"5018","Beverages, Chips & Snacks","Chips & Snacks","Chips & Pretzels","Wise","Wise BBQ Flavored Potato Chips","Wise BBQ Flavored Potato Chips","4.69","0.0","","8.75 oz","8.75 oz","948.jpg",,"0"
"5019","Beverages, Chips & Snacks","Chips & Snacks","Chips & Pretzels","Wise","Wise Cheese Doodles Bakes Puffs Cheddar","Wise Cheese Doodles Bakes Puffs Cheddar","3.91","0.0","","8 oz","8 oz","951.jpg",,"0"
"5020","Beverages, Chips & Snacks","Chips & Snacks","Chips & Pretzels","Wise","Wise Honey BBQ Flavored Potato Chips","Wise Honey BBQ Flavored Potato Chips","4.69","0.0","","8.75 oz","8.75 oz","943.jpg",,"0"
"5021","Beverages, Chips & Snacks","Chips & Snacks","Chips & Pretzels","Wise","Wise Lightly Salted Potato Chips","Wise Lightly Salted Potato Chips","4.69","0.0","","9 oz","9 oz","947.jpg",,"0"
"5022","Beverages, Chips & Snacks","Chips & Snacks","Chips & Pretzels","Wise","Wise Onion & Garlic Flavored Potato Chips","Wise Onion & Garlic Flavored Potato Chips","4.69","0.0","","8.75 oz","8.75 oz","941.jpg",,"0"
"5023","Beverages, Chips & Snacks","Chips & Snacks","Chips & Pretzels","Wise","Wise Ridgies Sour Cream & Onion Potato Chips","Wise Ridgies Sour Cream & Onion Potato Chips","4.69","0.0","","8.75 oz","8.75 oz","949.jpg",,"0"
"5024","Beverages, Chips & Snacks","Chips & Snacks","Chips & Pretzels","Wise","Wise Ridgies Original Ridged Potato Chips","Wise Ridgies Original Ridged Potato Chips","3.13","0.0","","8.75 oz","8.75 oz","950.jpg",,"0"
"5025","Beverages, Chips & Snacks","Chips & Snacks","Chips & Pretzels","Wise","Wise Salt & Vinegar Potato Chips","Wise Salt & Vinegar Potato Chips","3.13","0.0","","5.75 oz","5.75 oz","946.jpg",,"0"
"5026","Beverages, Chips & Snacks","Chips & Snacks","Chips & Pretzels","Wise","Wise Popcorn 30% Reduced Fat Sea Salt","Wise Popcorn 30% Reduced Fat Sea Salt","3.91","0.0","","6 oz","6 oz","bcs0069.jpg",,"0"
"5027","Beverages, Chips & Snacks","Chips & Snacks","Chips & Pretzels","Wise","Wise Popcorn White Cheddar","Wise Popcorn White Cheddar","3.91","0.0","","6 oz","6 oz","bcs0070.jpg",,"0"
"5028","Beverages, Chips & Snacks","Chips & Snacks","Chips & Pretzels","Wise","Wise Popcorn Butter Artificially Flavored","Wise Popcorn Butter Artificially Flavored","3.91","0.0","","6 oz","6 oz","bcs0071.jpg",,"0"
"5029","Beverages, Chips & Snacks","Chips & Snacks","Cookies & Cakes","Annas","Annas Swedish Thins Ginger","Annas Swedish Thins Ginger","2.34","0.0","","5.25 oz","5.25 oz","15022.jpg",,"6"
"5030","Beverages, Chips & Snacks","Chips & Snacks","Cookies & Cakes","Annie's Homegrown","Annie's Homegrown Bunny Grahams, Chocolate, Graham Snacks","Annie's Homegrown Bunny Grahams, Chocolate, Graham Snacks","4.69","0.0","","7.5 oz","7.5 oz","15066.jpg",,"6"
"5031","Beverages, Chips & Snacks","Chips & Snacks","Cookies & Cakes","Annie's Homegrown","Annie's Homegrown Friends Bunny Graham Baked Graham Snacks","Annie's Homegrown Friends Bunny Graham Baked Graham Snacks","4.69","0.0","","7 oz","7 oz","15052.jpg",,"6"
"5032","Beverages, Chips & Snacks","Chips & Snacks","Cookies & Cakes","Chips Ahoy!","Chips Ahoy! Candy Blasts Cookies","Chips Ahoy! Candy Blasts Cookies","3.91","0.0","","12.4 oz","12.4 oz","1126.jpg",,"6"
"5033","Beverages, Chips & Snacks","Chips & Snacks","Cookies & Cakes","Chips Ahoy!","Chips Ahoy! Chocolate Chip Cookies Family Size","Chips Ahoy! Chocolate Chip Cookies Family Size","5.47","0.0","","515 g","515 g","1128.jpg",,"6"
"5034","Beverages, Chips & Snacks","Chips & Snacks","Cookies & Cakes","Chips Ahoy!","Chips Ahoy! Chunky Chocolate Chip Cookies","Chips Ahoy! Chunky Chocolate Chip Cookies","3.91","0.0","","11.75 oz","11.75 oz","1127.jpg",,"6"
"5035","Beverages, Chips & Snacks","Chips & Snacks","Cookies & Cakes","Chips Ahoy!","Chips Ahoy! Nabisco Chewy Soft Cookies Brownie Filled","Chips Ahoy! Nabisco Chewy Soft Cookies Brownie Filled","3.91","0.0","","9.5 oz","9.5 oz","1133.jpg",,"6"
"5036","Beverages, Chips & Snacks","Chips & Snacks","Cookies & Cakes","Chips Ahoy!","Chips Ahoy! Nabisco Crunchy Cookies White Fudge Chunky","Chips Ahoy! Nabisco Crunchy Cookies White Fudge Chunky","3.91","0.0","","11.75 oz","11.75 oz","1134.jpg",,"6"
"5037","Beverages, Chips & Snacks","Chips & Snacks","Cookies & Cakes","Chips Ahoy!","Chips Ahoy! Original Chocolate Chip Cookies","Chips Ahoy! Original Chocolate Chip Cookies","3.91","0.0","","13 oz","13 oz","1132.jpg",,"6"
"5038","Beverages, Chips & Snacks","Chips & Snacks","Cookies & Cakes","Chips Ahoy!","Chips Ahoy! Reese's Peanut Butter Cups Cookies","Chips Ahoy! Reese's Peanut Butter Cups Cookies","3.91","0.0","","9.5 oz","9.5 oz","1129.jpg",,"6"
"5039","Beverages, Chips & Snacks","Chips & Snacks","Cookies & Cakes","Creme de Pirouline","Creme de Pirouline Cream Filled Wafers Dark Chocolate","Creme de Pirouline Cream Filled Wafers Dark Chocolate","7.8","0.0","","14.1 oz","14.1 oz","14997.jpg",,"6"
"5040","Beverages, Chips & Snacks","Chips & Snacks","Cookies & Cakes","Creme de Pirouline","Pirouline Creme Filled Wafers Chocolate Hazelnut","Pirouline Creme Filled Wafers Chocolate Hazelnut","7.8","0.0","","14.1 oz","14.1 oz","bcs0072.jpg",,"6"
"5041","Beverages, Chips & Snacks","Chips & Snacks","Cookies & Cakes","Dare","Dare Cookies Lemon Creme","Dare Cookies Lemon Creme","3.91","0.0","","10.2 oz","10.2 oz","15094.jpg",,"6"
"5042","Beverages, Chips & Snacks","Chips & Snacks","Cookies & Cakes","Dare","Dare Maple Creme Cookies","Dare Maple Creme Cookies","3.91","0.0","","10.6 oz","10.6 oz","bcs0073.jpg",,"6"
"5043","Beverages, Chips & Snacks","Chips & Snacks","Cookies & Cakes","Dare","Dare Pure Chocolate Whippet Raspberry Cookies","Dare Pure Chocolate Whippet Raspberry Cookies","3.91","0.0","","8.8 oz","8.8 oz","bcs0074.jpg",,"6"
"5044","Beverages, Chips & Snacks","Chips & Snacks","Cookies & Cakes","Dare","Dare Pure Chocolate Whippet Original Cookies","Dare Pure Chocolate Whippet Original Cookies","3.91","0.0","","8.8 oz","8.8 oz","bcs0075.jpg",,"6"
"5045","Beverages, Chips & Snacks","Chips & Snacks","Cookies & Cakes","Famous Amos","Famous Amos Cookies Chocolate Chip","Famous Amos Cookies Chocolate Chip","3.91","0.0","","12.4 oz","12.4 oz","15055.jpg",,"6"
"5046","Beverages, Chips & Snacks","Chips & Snacks","Cookies & Cakes","Famous Amos","Famous Amos Bite Size Chocolate Chip","Famous Amos Bite Size Chocolate Chip","1.56","0.0","","2.7 oz","2.7 oz","bcs0076.jpg",,"6"
"5047","Beverages, Chips & Snacks","Chips & Snacks","Cookies & Cakes","Glutino","Glutino Gluten Free Chocolate Chip Cookies","Glutino Gluten Free Chocolate Chip Cookies","7.33","0.0","","8.6 oz","8.6 oz","15079.jpg",,"6"
"5048","Beverages, Chips & Snacks","Chips & Snacks","Cookies & Cakes","Heritage Mills","Heritage Mills Classic Lunch Milk Crackers","Heritage Mills Classic Lunch Milk Crackers","4.69","0.0","","12.3 oz","12.3 oz","15084.jpg",,"6"
"5049","Beverages, Chips & Snacks","Chips & Snacks","Cookies & Cakes","Keebler","Keebler Coconut Dreams Cookies Fudge, Caramel & Coconut","Keebler Coconut Dreams Cookies Fudge, Caramel & Coconut","3.91","0.0","","8.5 oz","8.5 oz","15008.jpg",,"6"
"5050","Beverages, Chips & Snacks","Chips & Snacks","Cookies & Cakes","Keebler","Keebler Deluxe Grahams Original","Keebler Deluxe Grahams Original","3.91","0.0","","12.5 oz","12.5 oz","bcs0077.jpg",,"6"
"5051","Beverages, Chips & Snacks","Chips & Snacks","Cookies & Cakes","Keebler","Keebler E.L. Fudge Elfwich Cookies Original","Keebler E.L. Fudge Elfwich Cookies Original","3.91","0.0","","13.6 oz","13.6 oz","1099.jpg",,"6"
"5052","Beverages, Chips & Snacks","Chips & Snacks","Cookies & Cakes","Keebler","Keebler E.L. Fudge Elfwich Double Stuffed","Keebler E.L. Fudge Elfwich Double Stuffed","3.91","0.0","","12 oz","12 oz","bcs0078.jpg",,"6"
"5053","Beverages, Chips & Snacks","Chips & Snacks","Cookies & Cakes","Keebler","Keebler Country Style Oatmeal Cookies With Raisin","Keebler Country Style Oatmeal Cookies With Raisin","3.91","0.0","","10.5 oz","10.5 oz","bcs0079.jpg",,"6"
"5054","Beverages, Chips & Snacks","Chips & Snacks","Cookies & Cakes","Keebler","Keebler Fudge Stripes Cookies Original","Keebler Fudge Stripes Cookies Original","3.91","0.0","","11.5 oz","11.5 oz","1101.jpg",,"6"
"5055","Beverages, Chips & Snacks","Chips & Snacks","Cookies & Cakes","Keebler","Keebler 12 Pack Paw Patrol Graham Snacks Cinnamon","Keebler 12 Pack Paw Patrol Graham Snacks Cinnamon","6.23","0.0","","12.7 oz","12.7 oz","bcs0080.jpg",,"6"
"5056","Beverages, Chips & Snacks","Chips & Snacks","Cookies & Cakes","Keebler","Keebler Fudge Stripes Cookies Mini's Original","Keebler Fudge Stripes Cookies Mini's Original","6.23","0.0","","12 oz","12 oz","bcs0081.jpg",,"6"
"5057","Beverages, Chips & Snacks","Chips & Snacks","Cookies & Cakes","Keebler","Keebler Fudge Sticks Fudge Covered Creme Wafer","Keebler Fudge Sticks Fudge Covered Creme Wafer","3.91","0.0","","8.5 oz","8.5 oz","bcs0082.jpg",,"6"
"5058","Beverages, Chips & Snacks","Chips & Snacks","Cookies & Cakes","Keebler","Keebler Disnep Frozen II Graham Snacks Honey","Keebler Disnep Frozen II Graham Snacks Honey","6.23","0.0","","12 x 0.78 oz","12 x 0.78 oz","bcs0083.jpg",,"6"
"5059","Beverages, Chips & Snacks","Chips & Snacks","Cookies & Cakes","Keebler","Keebler Grasshopper Cookies Mint & Fudge","Keebler Grasshopper Cookies Mint & Fudge","3.91","0.0","","10 oz","10 oz","1102.jpg",,"6"
"5060","Beverages, Chips & Snacks","Chips & Snacks","Cookies & Cakes","Keebler","Keebler Whoopsy Fudge Stripes Fullt Fudged","Keebler Whoopsy Fudge Stripes Fullt Fudged","3.91","0.0","","11.5 oz","11.5 oz","bcs0084.jpg",,"6"
"5061","Beverages, Chips & Snacks","Chips & Snacks","Cookies & Cakes","Keebler","Keebler Sandies Cookies Pecan Shortbread","Keebler Sandies Cookies Pecan Shortbread","3.91","0.0","","11.3 oz","11.3 oz","1106.jpg",,"6"
"5062","Beverages, Chips & Snacks","Chips & Snacks","Cookies & Cakes","Keebler","Keebler Sandies Shortbread Classic","Keebler Sandies Shortbread Classic","3.91","0.0","","11.2 oz","11.2 oz","bcs0085.jpg",,"6"
"5063","Beverages, Chips & Snacks","Chips & Snacks","Cookies & Cakes","Kinnikinnick Foods","Kinnikinnick Foods Foods Gluten Free Montanas Chocolate Chip Cookies","Kinnikinnick Foods Foods Gluten Free Montanas Chocolate Chip Cookies","6.23","0.0","","8 oz","8 oz","15046.jpg",,"6"
"5064","Beverages, Chips & Snacks","Chips & Snacks","Cookies & Cakes","Lotus","Lotus Biscoff Cookies","Lotus Biscoff Cookies","4.69","0.0","","8.8 oz","8.8 oz","15014.jpg",,"6"
"5065","Beverages, Chips & Snacks","Chips & Snacks","Cookies & Cakes","Lu","Lu Digestive Biscuits","Lu Digestive Biscuits","4.69","0.0","","5.29 oz","5.29 oz","bcs0086.jpg",,"6"
"5066","Beverages, Chips & Snacks","Chips & Snacks","Cookies & Cakes","Lu","Lu Milk Chocolate Biscuits","Lu Milk Chocolate Biscuits","4.69","0.0","","5.29 oz","5.29 oz","15003.jpg",,"6"
"5067","Beverages, Chips & Snacks","Chips & Snacks","Cookies & Cakes","Lu","Lu Petit Ecolier 70% Cocoa Extra Dark Chocolate Biscuits","Lu Petit Ecolier 70% Cocoa Extra Dark Chocolate Biscuits","4.69","0.0","","5.29 oz","5.29 oz","15069.jpg",,"6"
"5068","Beverages, Chips & Snacks","Chips & Snacks","Cookies & Cakes","Market Basket","Market Basket Chocolate Chip Cookies","Market Basket Chocolate Chip Cookies","3.13","0.0","","11.75 oz","11.75 oz","Market Basket.jpg",,"6"
"5069","Beverages, Chips & Snacks","Chips & Snacks","Cookies & Cakes","Market Basket","Market Basket Chocolate Cremes Sandwich Creme Cookies","Market Basket Chocolate Cremes Sandwich Creme Cookies","3.13","0.0","","14.3 oz","14.3 oz","Market Basket.jpg",,"6"
"5070","Beverages, Chips & Snacks","Chips & Snacks","Cookies & Cakes","Market Basket","Market Basket Chocolate Chip Premium Cookies","Market Basket Chocolate Chip Premium Cookies","3.13","0.0","","13 oz","13 oz","Market Basket.jpg",,"6"
"5071","Beverages, Chips & Snacks","Chips & Snacks","Cookies & Cakes","Market Basket","Market Basket Chewy Chocolate Chip Premium Cookies","Market Basket Chewy Chocolate Chip Premium Cookies","3.13","0.0","","13 oz","13 oz","Market Basket.jpg",,"6"
"5072","Beverages, Chips & Snacks","Chips & Snacks","Cookies & Cakes","Market Basket","Market Basket Chocolate Cremes Sandwich Creme Cookies Extra Filled","Market Basket Chocolate Cremes Sandwich Creme Cookies Extra Filled","3.13","0.0","","15.35 oz","15.35 oz","Market Basket.jpg",,"6"
"5073","Beverages, Chips & Snacks","Chips & Snacks","Cookies & Cakes","Market Basket","Market Basket Duplex Creme Cookies","Market Basket Duplex Creme Cookies","2.34","0.0","","25 oz","25 oz","Market Basket.jpg",,"6"
"5074","Beverages, Chips & Snacks","Chips & Snacks","Cookies & Cakes","Market Basket","Market Basket Fudge Graham Cookies","Market Basket Fudge Graham Cookies","2.34","0.0","","13 oz","13 oz","Market Basket.jpg",,"6"
"5075","Beverages, Chips & Snacks","Chips & Snacks","Cookies & Cakes","Market Basket","Market Basket Fudge Mint Cookie Squares","Market Basket Fudge Mint Cookie Squares","2.34","0.0","","9.4 oz","9.4 oz","Market Basket.jpg",,"6"
"5076","Beverages, Chips & Snacks","Chips & Snacks","Cookies & Cakes","Market Basket","Market Basket Fudge Striped Shortbread Cookies","Market Basket Fudge Striped Shortbread Cookies","2.34","0.0","","13 oz","13 oz","Market Basket.jpg",,"6"
"5077","Beverages, Chips & Snacks","Chips & Snacks","Cookies & Cakes","Market Basket","Market Basket Honey Graham Crackers","Market Basket Honey Graham Crackers","3.13","0.0","","14.4 oz","14.4 oz","Market Basket.jpg",,"6"
"5078","Beverages, Chips & Snacks","Chips & Snacks","Cookies & Cakes","Market Basket","Market Basket Lemon Creme Cookies","Market Basket Lemon Creme Cookies","2.34","0.0","","25 oz","25 oz","Market Basket.jpg",,"6"
"5079","Beverages, Chips & Snacks","Chips & Snacks","Cookies & Cakes","Market Basket","Market Basket Assorted Creme Cookies","Market Basket Assorted Creme Cookies","3.42","0.0","","25 oz","25 oz","Market Basket.jpg",,"6"
"5080","Beverages, Chips & Snacks","Chips & Snacks","Cookies & Cakes","Market Basket","Market Basket Molasses Soft Cookies","Market Basket Molasses Soft Cookies","1.55","0.0","","7.1 oz","7.1 oz","Market Basket.jpg",,"6"
"5081","Beverages, Chips & Snacks","Chips & Snacks","Cookies & Cakes","Market Basket","Market Basket Peanut Butter Fudge Cookies","Market Basket Peanut Butter Fudge Cookies","2.34","0.0","","9.2 oz","9.2 oz","Market Basket.jpg",,"6"
"5082","Beverages, Chips & Snacks","Chips & Snacks","Cookies & Cakes","Market Basket","Market Basket Snickerdoodle Soft Cookies","Market Basket Snickerdoodle Soft Cookies","1.55","0.0","","7.1 oz","7.1 oz","Market Basket.jpg",,"6"
"5083","Beverages, Chips & Snacks","Chips & Snacks","Cookies & Cakes","Market Basket","Market Basket Vanilla Creme Cookies","Market Basket Vanilla Creme Cookies","3.42","0.0","","25 oz","25 oz","Market Basket.jpg",,"6"
"5084","Beverages, Chips & Snacks","Chips & Snacks","Cookies & Cakes","Market Basket","Market Basket Vanilla Wafers","Market Basket Vanilla Wafers","2.34","0.0","","11 oz","11 oz","Market Basket.jpg",,"6"
"5085","Beverages, Chips & Snacks","Chips & Snacks","Cookies & Cakes","Mi-Del","Mi Del Ginger Snaps","Mi Del Ginger Snaps","5.47","0.0","","8 oz","8 oz","15100.jpg",,"6"
"5086","Beverages, Chips & Snacks","Chips & Snacks","Cookies & Cakes","Mi-Del","Mi Del Gluten Free Crunchy Cookies Chocolate Chip","Mi Del Gluten Free Crunchy Cookies Chocolate Chip","5.47","0.0","","8 oz","8 oz","15076.jpg",,"6"
"5087","Beverages, Chips & Snacks","Chips & Snacks","Cookies & Cakes","Mi-Del","Mi Del Ginger Snaps","Mi Del Ginger Snaps","5.47","0.0","","10 oz","10 oz","15086.jpg",,"6"
"5088","Beverages, Chips & Snacks","Chips & Snacks","Cookies & Cakes","Mi-Del","Mi Del Vanilla Snaps","Mi Del Vanilla Snaps","5.47","0.0","","10 oz","10 oz","bcs0091.jpg",,"6"
"5089","Beverages, Chips & Snacks","Chips & Snacks","Cookies & Cakes","Mi-Del","Mi Del Lemon Snaps","Mi Del Lemon Snaps","5.47","0.0","","10 oz","10 oz","bcs0092.jpg",,"6"
"5090","Beverages, Chips & Snacks","Chips & Snacks","Cookies & Cakes","Nabisco","Nabisco Nutter Butter Peanut Butter Sandwich Cookies","Nabisco Nutter Butter Peanut Butter Sandwich Cookies","4.67","0.0","","11.8 oz","11.8 oz","1142.jpg",,"6"
"5091","Beverages, Chips & Snacks","Chips & Snacks","Cookies & Cakes","Nabisco","Nabisco Nutter Butter 18 Packs 2 Cookies Per Pack","Nabisco Nutter Butter 18 Packs 2 Cookies Per Pack","6.23","0.0","","15.75 oz","15.75 oz","bcs0093.jpg",,"6"
"5092","Beverages, Chips & Snacks","Chips & Snacks","Cookies & Cakes","Nabisco","Nabisco Nutter Butter Peanut Butter Sandwich Cookies Family Size","Nabisco Nutter Butter Peanut Butter Sandwich Cookies Family Size","5.77","0.0","","16 oz","16 oz","1145.jpg",,"6"
"5093","Beverages, Chips & Snacks","Chips & Snacks","Cookies & Cakes","Nabisco","Nabisco Nutter Butter Crispy Wafers With Peanut Butter Creme","Nabisco Nutter Butter Crispy Wafers With Peanut Butter Creme","5.61","0.0","","10.5 oz","10.5 oz","bcs0094.jpg",,"6"
"5094","Beverages, Chips & Snacks","Chips & Snacks","Cookies & Cakes","Nonni's","Nonni's Biscotti Cioccolati","Nonni's Biscotti Cioccolati","4.36","0.0","","6.88 oz","6.88 oz","15043.jpg",,"6"
"5095","Beverages, Chips & Snacks","Chips & Snacks","Cookies & Cakes","Nonni's","Nonni's Biscotti Dark Chocolate Almond","Nonni's Biscotti Dark Chocolate Almond","4.36","0.0","","6.88 oz","6.88 oz","15085.jpg",,"6"
"5096","Beverages, Chips & Snacks","Chips & Snacks","Cookies & Cakes","Nonni's","Nonni's Biscotti Original","Nonni's Biscotti Original","4.36","0.0","","5.52 oz","5.52 oz","15007.jpg",,"6"
"5097","Beverages, Chips & Snacks","Chips & Snacks","Cookies & Cakes","Nonni's","Nonni's Toffee Almond Biscotti","Nonni's Toffee Almond Biscotti","4.36","0.0","","6.88 oz","6.88 oz","15029.jpg",,"6"
"5098","Beverages, Chips & Snacks","Chips & Snacks","Cookies & Cakes","Oreo","Nabisco Golden Oreo Sandwich Cookies","Nabisco Golden Oreo Sandwich Cookies","4.84","0.0","","541 g","541 g","1141.jpg",,"6"
"5099","Beverages, Chips & Snacks","Chips & Snacks","Cookies & Cakes","Oreo","Nabisco Oreo Mega Stuf Chocolate Sandwich Cookies Family Size","Nabisco Oreo Mega Stuf Chocolate Sandwich Cookies Family Size","5.47","0.0","","17.6 oz","17.6 oz","15010.jpg",,"6"
"5100","Beverages, Chips & Snacks","Chips & Snacks","Cookies & Cakes","Oreo","Nabisco Oreo Mega Stuf Golden Sandwich Cookies","Nabisco Oreo Mega Stuf Golden Sandwich Cookies","5.47","0.0","","566 g","566 g","15077.jpg",,"6"
"5101","Beverages, Chips & Snacks","Chips & Snacks","Cookies & Cakes","Oreo","Nabisco Oreo Mini Cookies 12 Packs","Nabisco Oreo Mini Cookies 12 Packs","6.23","0.0","","12 oz","12 oz","1139.jpg",,"6"
"5102","Beverages, Chips & Snacks","Chips & Snacks","Cookies & Cakes","Oreo","Oreo Double Stuf Chocolate Sandwich Cookies, Family Size Pack","Oreo Double Stuf Chocolate Sandwich Cookies, Family Size Pack","5.47","0.0","","1 lb","1 lb","1110.jpg",,"6"
"5103","Beverages, Chips & Snacks","Chips & Snacks","Cookies & Cakes","Oreo","Nabisco Oreo Golden Double Stuf Sandwich Cookies","Nabisco Oreo Golden Double Stuf Sandwich Cookies","4.69","0.0","","15.25 oz","15.25 oz","bcs0095.jpg",,"6"
"5104","Beverages, Chips & Snacks","Chips & Snacks","Cookies & Cakes","Oreo","Oreo Golden Sandwich Cookies, Lemon Flavored Creme Family Size","Oreo Golden Sandwich Cookies, Lemon Flavored Creme Family Size","5.47","0.0","","566 g","566 g","1114.jpg",,"6"
"5105","Beverages, Chips & Snacks","Chips & Snacks","Cookies & Cakes","Oreo","Oreo Nabisco Sandwich Cookies Thins","Oreo Nabisco Sandwich Cookies Thins","5.47","0.0","","13.1 oz","13.1 oz","1113.jpg",,"6"
"5106","Beverages, Chips & Snacks","Chips & Snacks","Cookies & Cakes","Royal Dansk","Royal Dansk Danish Butter Cookies","Royal Dansk Danish Butter Cookies","4.69","0.0","","12 oz","12 oz","bcs0096.jpg",,"6"
"5107","Beverages, Chips & Snacks","Chips & Snacks","Cookies & Cakes","Pepperidge Farm","Pepperidge Farm Bordeaux Caramelized Crisp Cookies","Pepperidge Farm Bordeaux Caramelized Crisp Cookies","4.69","0.0","","6.75 oz","6.75 oz","15045.jpg",,"6"
"5108","Beverages, Chips & Snacks","Chips & Snacks","Cookies & Cakes","Pepperidge Farm","Pepperidge Farm Brussels Dark Chocolate Cookies","Pepperidge Farm Brussels Dark Chocolate Cookies","4.69","0.0","","5.25 oz","5.25 oz","15041.jpg",,"6"
"5109","Beverages, Chips & Snacks","Chips & Snacks","Cookies & Cakes","Pepperidge Farm","Pepperidge Farm Captiva Soft Baked Dark Chocolate Brownie Cookies","Pepperidge Farm Captiva Soft Baked Dark Chocolate Brownie Cookies","4.69","0.0","","8.6 oz","8.6 oz","15026.jpg",,"6"
"5110","Beverages, Chips & Snacks","Chips & Snacks","Cookies & Cakes","Pepperidge Farm","Pepperidge Farm Chesapeake Crispy Chesapeake Dark Chocolate Pecan Cookies","Pepperidge Farm Chesapeake Crispy Chesapeake Dark Chocolate Pecan Cookies","4.69","0.0","","7.2 oz","7.2 oz","15044.jpg",,"6"
"5111","Beverages, Chips & Snacks","Chips & Snacks","Cookies & Cakes","Pepperidge Farm","Pepperidge Farm Chessmen Butter Cookies","Pepperidge Farm Chessmen Butter Cookies","4.69","0.0","","7.25 oz","7.25 oz","14998.jpg",,"6"
"5112","Beverages, Chips & Snacks","Chips & Snacks","Cookies & Cakes","Pepperidge Farm","Pepperidge Farm Chocolate Collection Cookies","Pepperidge Farm Chocolate Collection Cookies","9.36","0.0","","13 oz","13 oz","15030.jpg",,"6"
"5113","Beverages, Chips & Snacks","Chips & Snacks","Cookies & Cakes","Pepperidge Farm","Pepperidge Farm Classic Collection Cookies","Pepperidge Farm Classic Collection Cookies","9.36","0.0","","13.25 oz","13.25 oz","15028.jpg",,"6"
"5114","Beverages, Chips & Snacks","Chips & Snacks","Cookies & Cakes","Pepperidge Farm","Pepperidge Farm Montauk Soft Baked Milk Chocolate Cookies","Pepperidge Farm Montauk Soft Baked Milk Chocolate Cookies","4.69","0.0","","8.6 oz","8.6 oz","15017.jpg",,"6"
"5115","Beverages, Chips & Snacks","Chips & Snacks","Cookies & Cakes","Pepperidge Farm","Pepperidge Farm Nantucket Dark Chocolate Cookies","Pepperidge Farm Nantucket Dark Chocolate Cookies","4.69","0.0","","7.2 oz","7.2 oz","bcs0097.jpg",,"6"
"5116","Beverages, Chips & Snacks","Chips & Snacks","Cookies & Cakes","Pepperidge Farm","Pepperridge Farm Sanibel Snickerdoodle","Pepperridge Farm Sanibel Snickerdoodle","4.69","0.0","","8.6 oz","8.6 oz","bcs0098.jpg",,"6"
"5117","Beverages, Chips & Snacks","Chips & Snacks","Cookies & Cakes","Pepperidge Farm","Pepperidge Farm Pumpkin Cheesecake Soft Baked","Pepperidge Farm Pumpkin Cheesecake Soft Baked","4.69","0.0","","8.6 oz","8.6 oz","bcs0099.jpg",,"6"
"5118","Beverages, Chips & Snacks","Chips & Snacks","Cookies & Cakes","Pepperidge Farm","Pepperidge Farm Pirouette Crme Filled Wafers Chocolate Hazelnut Fudge Cookies","Pepperidge Farm Pirouette Crme Filled Wafers Chocolate Hazelnut Fudge Cookies","7.8","0.0","","13.5 oz","13.5 oz","15088.jpg",,"6"
"5119","Beverages, Chips & Snacks","Chips & Snacks","Cookies & Cakes","Pepperidge Farm","Pepperidge Farm Pirouette Crme Filled Wafers French Vanilla Cookies","Pepperidge Farm Pirouette Crme Filled Wafers French Vanilla Cookies","7.8","0.0","","13.5 oz","13.5 oz","15090.jpg",,"6"
"5120","Beverages, Chips & Snacks","Chips & Snacks","Cookies & Cakes","Pepperidge Farm","Pepperidge Farm Santa Cruz Soft Baked Oatmeal Raisin Cookies","Pepperidge Farm Santa Cruz Soft Baked Oatmeal Raisin Cookies","4.69","0.0","","8.6 oz","8.6 oz","15019.jpg",,"6"
"5121","Beverages, Chips & Snacks","Chips & Snacks","Cookies & Cakes","Pepperidge Farm","Pepperidge Farm Zurich Sugar Cookies","Pepperidge Farm Zurich Sugar Cookies","4.69","0.0","","5.25 oz","5.25 oz","15047.jpg",,"6"
"5122","Beverages, Chips & Snacks","Chips & Snacks","Cookies & Cakes","Pepperidge Farm Milano","Pepperidge Farm Milano Double Dark Chocolate Cookies","Pepperidge Farm Milano Double Dark Chocolate Cookies","4.69","0.0","","7.5 oz","7.5 oz","1148.jpg",,"6"
"5123","Beverages, Chips & Snacks","Chips & Snacks","Cookies & Cakes","Pepperidge Farm Milano","Pepperidge Farm Milano Dark Chocolate Cookies","Pepperidge Farm Milano Dark Chocolate Cookies","4.69","0.0","","6 oz","6 oz","1150.jpg",,"6"
"5124","Beverages, Chips & Snacks","Chips & Snacks","Cookies & Cakes","Pepperidge Farm Milano","Pepperidge Farm Milano Double Dark Chocolate Cookies","Pepperidge Farm Milano Double Dark Chocolate Cookies","4.69","0.0","","7.5 oz","7.5 oz","1147.jpg",,"6"
"5125","Beverages, Chips & Snacks","Chips & Snacks","Cookies & Cakes","Pepperidge Farm Milano","Pepperidge Farm Milano Milano Milk Chocolate Cookies","Pepperidge Farm Milano Milano Milk Chocolate Cookies","4.69","0.0","","6 oz","6 oz","1149.jpg",,"6"
"5126","Beverages, Chips & Snacks","Chips & Snacks","Cookies & Cakes","Pepperidge Farm Milano","Pepperidge Farm Milano Mint Chocolate Cookies","Pepperidge Farm Milano Mint Chocolate Cookies","4.69","0.0","","7 oz","7 oz","1152.jpg",,"6"
"5127","Beverages, Chips & Snacks","Chips & Snacks","Cookies & Cakes","Pepperidge Farm Milano","Pepperidge Farm Milano Mint Chocolate Cookies","Pepperidge Farm Milano Mint Chocolate Cookies","6.23","0.0","","9.5 oz","9.5 oz","bcs0100.jpg",,"6"
"5128","Beverages, Chips & Snacks","Chips & Snacks","Cookies & Cakes","Pepperidge Farm Milano","Pepperidge Farm Lemon Flavored Chocolate Cookies","Pepperidge Farm Lemon Flavored Chocolate Cookies","4.69","0.0","","7 oz","7 oz","bcs0101.jpg",,"6"
"5129","Beverages, Chips & Snacks","Chips & Snacks","Cookies & Cakes","Pepperidge Farm Milano","Pepperidge Farm Milano Toasted Marshmallow Cookies","Pepperidge Farm Milano Toasted Marshmallow Cookies","4.69","0.0","","7 oz","7 oz","bcs0102.jpg",,"6"
"5130","Beverages, Chips & Snacks","Chips & Snacks","Cookies & Cakes","Pepperidge Farm Milano","Pepperidge Farm Milano Orange Chocolate Cookies","Pepperidge Farm Milano Orange Chocolate Cookies","4.69","0.0","","7 oz","7 oz","1154.jpg",,"6"
"5131","Beverages, Chips & Snacks","Chips & Snacks","Cookies & Cakes","Pepperidge Farm Milano","Pepperidge Farm Milano Raspberry Chocolate Cookies","Pepperidge Farm Milano Raspberry Chocolate Cookies","4.69","0.0","","7 oz","7 oz","1151.jpg",,"6"
"5132","Beverages, Chips & Snacks","Chips & Snacks","Cookies & Cakes","Pepperidge Farm","Pepperidge Farm Pumpkin Spiced Cookies","Pepperidge Farm Pumpkin Spiced Cookies","4.69","0.0","","7 oz","7 oz","bcs0103.jpg",,"6"
"5133","Beverages, Chips & Snacks","Chips & Snacks","Cookies & Cakes","Pepperidge Farm","Pepperidge Farm Irish Cream Cookies","Pepperidge Farm Irish Cream Cookies","4.69","0.0","","7 oz","7 oz","bcs0104.jpg",,"6"
"5134","Beverages, Chips & Snacks","Chips & Snacks","Cookies & Cakes","Pepperidge Farm Milano","Pepperidge Farm Milano Salted Pretzel Cookies","Pepperidge Farm Milano Salted Pretzel Cookies","4.69","0.0","","5 oz","5 oz","1153.jpg",,"6"
"5135","Beverages, Chips & Snacks","Chips & Snacks","Cookies & Cakes","Pepperidge Farm","Pepperidge Farm Verona Apricot Raspberry","Pepperidge Farm Verona Apricot Raspberry","4.69","0.0","","6.75 oz","6.75 oz","bcs0105.jpg",,"6"
"5136","Beverages, Chips & Snacks","Chips & Snacks","Cookies & Cakes","Pepperidge Farm","Pepperidge Farm Verona Blueberry","Pepperidge Farm Verona Blueberry","4.69","0.0","","6.75 oz","6.75 oz","bcs0106.jpg",,"6"
"5137","Beverages, Chips & Snacks","Chips & Snacks","Cookies & Cakes","Pepperidge Farm","Pepperidge Farm Verona Cherry","Pepperidge Farm Verona Cherry","4.69","0.0","","6.75 oz","6.75 oz","bcs0107.jpg",,"6"
"5138","Beverages, Chips & Snacks","Chips & Snacks","Cookies & Cakes","Pepperidge Farm","Pepperridge Farm Verona Strawberry Cookies","Pepperridge Farm Verona Strawberry Cookies","4.69","0.0","","6.75 oz","6.75 oz","bcs0108.jpg",,"6"
"5139","Beverages, Chips & Snacks","Chips & Snacks","Cookies & Cakes","Stauffer's","Stauffer's Animal Cookies Iced","Stauffer's Animal Cookies Iced","2.64","0.0","","14.5 oz","14.5 oz","14985.jpg",,"6"
"5140","Beverages, Chips & Snacks","Chips & Snacks","Cookies & Cakes","Stauffer's","Stauffer's Animal Crackers Chocolate","Stauffer's Animal Crackers Chocolate","2.64","0.0","","14.5 oz","14.5 oz","15000.jpg",,"6"
"5141","Beverages, Chips & Snacks","Chips & Snacks","Cookies & Cakes","Stauffer's","Stauffer's Animal Crackers Original","Stauffer's Animal Crackers Original","4.67","0.0","","16 oz","16 oz","14984.jpg",,"6"
"5142","Beverages, Chips & Snacks","Chips & Snacks","Cookies & Cakes","Stauffer's","Stauffer's Lemon Snaps","Stauffer's Lemon Snaps","2.64","0.0","","14 oz","14 oz","15059.jpg",,"6"
"5143","Beverages, Chips & Snacks","Chips & Snacks","Cookies & Cakes","belVita","belVita Snack Packs 12 Packs 6 Packs Blueberry 3 Packs Chocolate 3 Packs Cinnamon Brown Sugar","belVita Snack Packs 12 Packs 6 Packs Blueberry 3 Packs Chocolate 3 Packs Cinnamon Brown Sugar","6.23","0.0","","12 oz","12 oz","bcs0109.jpg",,"6"
"5144","Beverages, Chips & Snacks","Chips & Snacks","Crackers","Annie's Homegrown","Annie's Homegrown Cheddar Squares Cheddar Squares","Annie's Homegrown Cheddar Squares Cheddar Squares","4.69","0.0","","7.5 oz","7.5 oz","1220.jpg",,"6"
"5145","Beverages, Chips & Snacks","Chips & Snacks","Crackers","Annie's Homegrown","Annie's Homegrown Organic Cheddar Bunnies Baked Snack Crackers","Annie's Homegrown Organic Cheddar Bunnies Baked Snack Crackers","4.69","0.0","","7.5 oz","7.5 oz","1214.jpg",,"6"
"5146","Beverages, Chips & Snacks","Chips & Snacks","Crackers","Annie's Homegrown","Annie's Homegrown Organic Honey Bunny Grahams Baked Grahams Snacks","Annie's Homegrown Organic Honey Bunny Grahams Baked Grahams Snacks","4.69","0.0","","7.5 oz","7.5 oz","1218.jpg",,"6"
"5147","Beverages, Chips & Snacks","Chips & Snacks","Crackers","Annie's Homegrown","Annie's Homegrown Organic White Cheddar Bunnies Baked Snack Crackers","Annie's Homegrown Organic White Cheddar Bunnies Baked Snack Crackers","4.69","0.0","","7.5 oz","7.5 oz","1215.jpg",,"6"
"5148","Beverages, Chips & Snacks","Chips & Snacks","Crackers","Austin","Austin Sandwich Crackers Cheddar Cheese on Cheese Crackers","Austin Sandwich Crackers Cheddar Cheese on Cheese Crackers","2.34","0.0","","11 oz","11 oz","15137.jpg",,"6"
"5149","Beverages, Chips & Snacks","Chips & Snacks","Crackers","Austin","Austin Sandwich Crackers Peanut Butter on Toasty Crackers","Austin Sandwich Crackers Peanut Butter on Toasty Crackers","2.34","0.0","","11 oz","11 oz","15114.jpg",,"6"
"5150","Beverages, Chips & Snacks","Chips & Snacks","Crackers","Back to Nature","Back to Nature Gluten Free White Cheddar Rice Thin Crackers","Back to Nature Gluten Free White Cheddar Rice Thin Crackers","5.45","0.0","","4 oz","4 oz","15164.jpg",,"6"
"5151","Beverages, Chips & Snacks","Chips & Snacks","Crackers","Blue Diamond","Blue Diamond Nut Thins, Almond, Pepper Jack Cheese","Blue Diamond Nut Thins, Almond, Pepper Jack Cheese","4.69","0.0","","4.25 oz","4.25 oz","15195.jpg",,"6"
"5152","Beverages, Chips & Snacks","Chips & Snacks","Crackers","Blue Diamond","Blue Diamond Nut Thins Country Ranch Nut & Rice Cracker Snacks","Blue Diamond Nut Thins Country Ranch Nut & Rice Cracker Snacks","4.69","0.0","","4.25 oz","4.25 oz","1240.jpg",,"6"
"5153","Beverages, Chips & Snacks","Chips & Snacks","Crackers","Blue Diamond","Blue Diamond Nut Thins Nut & Rice Cracker Snacks Cheddar Cheese","Blue Diamond Nut Thins Nut & Rice Cracker Snacks Cheddar Cheese","4.69","0.0","","4.25 oz","4.25 oz","1239.jpg",,"6"
"5154","Beverages, Chips & Snacks","Chips & Snacks","Crackers","Blue Diamond","Blue Diamond Nut Thins Smokehouse Nut & Rice Cracker Snacks","Blue Diamond Nut Thins Smokehouse Nut & Rice Cracker Snacks","4.69","0.0","","4.25 oz","4.25 oz","1241.jpg",,"6"
"5155","Beverages, Chips & Snacks","Chips & Snacks","Crackers","Blue Diamond","Blue Diamond Nut Thins Artisan Nut Thins Multi Seeds","Blue Diamond Nut Thins Artisan Nut Thins Multi Seeds","4.69","0.0","","4.25 oz","4.25 oz","1236.jpg",,"6"
"5156","Beverages, Chips & Snacks","Chips & Snacks","Crackers","Blue Diamond","Blue Diamond Nut Thins Artisan Nut Thins Sesame Seeds Cracker Snacks","Blue Diamond Nut Thins Artisan Nut Thins Sesame Seeds Cracker Snacks","4.69","0.0","","4.25 oz","4.25 oz","1235.jpg",,"6"
"5157","Beverages, Chips & Snacks","Chips & Snacks","Crackers","Blue Diamond","Blue Diamond Nut Thins Nut & Rice Cracker Snacks Almond","Blue Diamond Nut Thins Nut & Rice Cracker Snacks Almond","4.69","0.0","","4.25 oz","4.25 oz","1238.jpg",,"6"
"5158","Beverages, Chips & Snacks","Chips & Snacks","Crackers","Blue Diamond","Blue Diamond Nut Thins Nut & Rice Cracker Snacks Hint of Sea Salt","Blue Diamond Nut Thins Nut & Rice Cracker Snacks Hint of Sea Salt","4.69","0.0","","4.25 oz","4.25 oz","1237.jpg",,"6"
"5159","Beverages, Chips & Snacks","Chips & Snacks","Crackers","Olde Cape Cod","Olde Cape Cod Squares Crispy Crackers","Olde Cape Cod Squares Crispy Crackers","3.13","0.0","","6 oz","6 oz","15176.jpg",,"6"
"5160","Beverages, Chips & Snacks","Chips & Snacks","Crackers","Olde Cape Cod","Olde Cape Cod Oyster Crackers Multi-pack","Olde Cape Cod Oyster Crackers Multi-pack","3.13","0.0","","7.5 oz","7.5 oz","bcs0110.jpg",,"6"
"5161","Beverages, Chips & Snacks","Chips & Snacks","Crackers","Carr's","Carr's Table Water Crackers Cracked Pepper","Carr's Table Water Crackers Cracked Pepper","3.91","0.0","","4.25 oz","4.25 oz","15183.jpg",,"6"
"5162","Beverages, Chips & Snacks","Chips & Snacks","Crackers","Carr's","Carr's Table Water Crackers Original","Carr's Table Water Crackers Original","3.91","0.0","","4.25 oz","4.25 oz","15117.jpg",,"6"
"5163","Beverages, Chips & Snacks","Chips & Snacks","Crackers","Carr's","Carr's Whole Wheat Crackers","Carr's Whole Wheat Crackers","3.91","0.0","","7 oz","7 oz","15185.jpg",,"6"
"5164","Beverages, Chips & Snacks","Chips & Snacks","Crackers","Carr's","Carr's Rosemarry Carckers Rich & Savory","Carr's Rosemarry Carckers Rich & Savory","3.91","0.0","","5 oz","5 oz","bcs0111.jpg",,"6"
"5165","Beverages, Chips & Snacks","Chips & Snacks","Crackers","Carr's","Carr's Entertainment Cracker Collection","Carr's Entertainment Cracker Collection","4.69","0.0","","7.5 oz","7.5 oz","bcs0112.jpg",,"6"
"5166","Beverages, Chips & Snacks","Chips & Snacks","Crackers","Cheez-It","Cheez It Baked Snack Cheese Crackers Reduced Fat Original","Cheez It Baked Snack Cheese Crackers Reduced Fat Original","3.91","0.0","","11.5 oz","11.5 oz","1186.jpg",,"6"
"5167","Beverages, Chips & Snacks","Chips & Snacks","Crackers","Crunchmaster","Crunchmaster Multi Grain Crackers Sea Salt","Crunchmaster Multi Grain Crackers Sea Salt","4.67","0.0","","4 oz","4 oz","15141.jpg",,"6"
"5168","Beverages, Chips & Snacks","Chips & Snacks","Crackers","Crunchmaster","Crunchmaster Multi Seed Crackers Rosemary + Olive Oil","Crunchmaster Multi Seed Crackers Rosemary + Olive Oil","4.67","0.0","","4 oz","4 oz","15127.jpg",,"6"
"5169","Beverages, Chips & Snacks","Chips & Snacks","Crackers","Dare","Dare Breton Crackers Multigrain","Dare Breton Crackers Multigrain","3.13","0.0","","8.8 oz","8.8 oz","15189.jpg",,"6"
"5170","Beverages, Chips & Snacks","Chips & Snacks","Crackers","Dare","Dare Breton Crackers Original","Dare Breton Crackers Original","3.13","0.0","","4.76 oz","4.76 oz","15175.jpg",,"6"
"5171","Beverages, Chips & Snacks","Chips & Snacks","Crackers","Dare","Dare Vinta 8 Grains & Seeds","Dare Vinta 8 Grains & Seeds","3.13","0.0","","8.8 oz","8.8 oz","bcs0113.jpg",,"6"
"5172","Beverages, Chips & Snacks","Chips & Snacks","Crackers","Dare","Dare Grainsfirst Whole Grain Crackers","Dare Grainsfirst Whole Grain Crackers","3.13","0.0","","8.8 oz","8.8 oz","bcs0114.jpg",,"6"
"5173","Beverages, Chips & Snacks","Chips & Snacks","Crackers","Dare","Dare Breton Herb & Garlic Gluten Free","Dare Breton Herb & Garlic Gluten Free","3.13","0.0","","4.76 oz","4.76 oz","bcs0115.jpg",,"6"
"5174","Beverages, Chips & Snacks","Chips & Snacks","Crackers","Dare","Dare Breton Original WIth Flax Gluten Free","Dare Breton Original WIth Flax Gluten Free","3.13","0.0","","4.76 oz","4.76 oz","bcs0116.jpg",,"6"
"5175","Beverages, Chips & Snacks","Chips & Snacks","Crackers","Dare","Dare Breton Black Bean With Onion & Garlic Gluten Free","Dare Breton Black Bean With Onion & Garlic Gluten Free","3.13","0.0","","4.76 oz","4.76 oz","bcs0117.jpg",,"6"
"5176","Beverages, Chips & Snacks","Chips & Snacks","Crackers","Glutino","Glutino Gluten Free Crackers Original","Glutino Gluten Free Crackers Original","6.22","0.0","","4.4 oz","4.4 oz","15128.jpg",,"6"
"5177","Beverages, Chips & Snacks","Chips & Snacks","Crackers","Good Thins","Good Thins Sea Salt Rice Snacks Gluten Free","Good Thins Sea Salt Rice Snacks Gluten Free","5.47","0.0","","3.5 oz","3.5 oz","bcs0118.jpg",,"6"
"5178","Beverages, Chips & Snacks","Chips & Snacks","Crackers","Good Thins","Good Thins Sea Salt and Pepper Rice Snacks Gluten Free","Good Thins Sea Salt and Pepper Rice Snacks Gluten Free","5.47","0.0","","3.5 oz","3.5 oz","bcs0119.jpg",,"6"
"5179","Beverages, Chips & Snacks","Chips & Snacks","Crackers","Good Thins","Good Thins Parmesan and Garlic Rice Snacks Gluten Free","Good Thins Parmesan and Garlic Rice Snacks Gluten Free","5.47","0.0","","3.5 oz","3.5 oz","bcs0120.jpg",,"6"
"5180","Beverages, Chips & Snacks","Chips & Snacks","Crackers","Good Thins","Good Thins Three Cheese flavoured Rice Snacks Gluten Free","Good Thins Three Cheese flavoured Rice Snacks Gluten Free","5.47","0.0","","3.5 oz","3.5 oz","bcs0121.jpg",,"6"
"5181","Beverages, Chips & Snacks","Chips & Snacks","Crackers","Keebler","Keebler Cheese & Peanut Butter Sandwich Crackers","Keebler Cheese & Peanut Butter Sandwich Crackers","3.91","0.0","","11 oz","11 oz","No Image.jpg",,"6"
"5182","Beverages, Chips & Snacks","Chips & Snacks","Crackers","Keebler","Keebler PB & J Sandwich Crackers","Keebler PB & J Sandwich Crackers","3.91","0.0","","11 oz","11 oz","bcs0122.jpg",,"6"
"5183","Beverages, Chips & Snacks","Chips & Snacks","Crackers","Keebler","Keebler Sandwich Crackers Club and Cheddar","Keebler Sandwich Crackers Club and Cheddar","3.91","0.0","","11 oz","11 oz","1190.jpg",,"6"
"5184","Beverages, Chips & Snacks","Chips & Snacks","Crackers","Keebler","Keebler Sandwich Crackers Toast and Peanut Butter","Keebler Sandwich Crackers Toast and Peanut Butter","3.91","0.0","","11 oz","11 oz","1188.jpg",,"6"
"5185","Beverages, Chips & Snacks","Chips & Snacks","Crackers","Keebler","Keebler Chips Deluxe Peanut Butter Cup","Keebler Chips Deluxe Peanut Butter Cup","3.91","0.0","","11.6 oz","11.6 oz","bcs0123.jpg",,"6"
"5186","Beverages, Chips & Snacks","Chips & Snacks","Crackers","Lance Captain's","Lance Captain's Wafers Variety Pack Sandwich Crackers","Lance Captain's Wafers Variety Pack Sandwich Crackers","3.91","0.0","","11 oz","11 oz","15110.jpg",,"6"
"5187","Beverages, Chips & Snacks","Chips & Snacks","Crackers","LATE JULY","LATE JULY Snacks Organic Saltine Crackers","LATE JULY Snacks Organic Saltine Crackers","4.67","0.0","","6 oz","6 oz","15159.jpg",,"6"
"5188","Beverages, Chips & Snacks","Chips & Snacks","Crackers","LATE JULY","LATE JULY Snacks Organic Classic Crackers","LATE JULY Snacks Organic Classic Crackers","4.67","0.0","","6 oz","6 oz","bcs0124.jpg",,"6"
"5189","Beverages, Chips & Snacks","Chips & Snacks","Chips & Pretzels","LATE JULY","LATE JULY Organic Sea Salt Potato Chips","LATE JULY Organic Sea Salt Potato Chips","4.69","0.0","","5 oz","5 oz","bcs0125.jpg",,"0"
"5190","Beverages, Chips & Snacks","Chips & Snacks","Chips & Pretzels","LATE JULY","LATE JULY Organic Sea Salt & Vinegar Potato Chips","LATE JULY Organic Sea Salt & Vinegar Potato Chips","4.69","0.0","","5 oz","5 oz","bcs0126.jpg",,"0"
"5191","Beverages, Chips & Snacks","Chips & Snacks","Crackers","Market Basket","Market Basket Oyster Crackers","Market Basket Oyster Crackers","1.86","0.0","","12 oz","12 oz","Market Basket.jpg",,"6"
"5192","Beverages, Chips & Snacks","Chips & Snacks","Crackers","Market Basket","Market Basket Cracked Wheat Crackers","Market Basket Cracked Wheat Crackers","3.13","0.0","","10.6 oz","10.6 oz","Market Basket.jpg",,"6"
"5193","Beverages, Chips & Snacks","Chips & Snacks","Crackers","Market Basket","Market Basket Stoned Wheat Crackers Minis","Market Basket Stoned Wheat Crackers Minis","3.13","0.0","","8.8 oz","8.8 oz","Market Basket.jpg",,"6"
"5194","Beverages, Chips & Snacks","Chips & Snacks","Crackers","Market Basket","Market Basket Saltinas","Market Basket Saltinas","3.13","0.0","","16 oz","16 oz","Market Basket.jpg",,"6"
"5195","Beverages, Chips & Snacks","Chips & Snacks","Crackers","Market Basket","Market Basket Saltinas Unsalted Top Crackers","Market Basket Saltinas Unsalted Top Crackers","2.34","0.0","","16 oz","16 oz","Market Basket.jpg",,"6"
"5196","Beverages, Chips & Snacks","Chips & Snacks","Crackers","Milton's","Milton's Craft Bakers Gluten Free Baked Crackers Multi Grain","Milton's Craft Bakers Gluten Free Baked Crackers Multi Grain","3.91","0.0","","4.5 oz","4.5 oz","15172.jpg",,"6"
"5197","Beverages, Chips & Snacks","Chips & Snacks","Crackers","Milton's","Milton's Craft Bakers Gluten Free Baked Crackers Dire Roasted Vegetables","Milton's Craft Bakers Gluten Free Baked Crackers Dire Roasted Vegetables","3.91","0.0","","4.5 oz","4.5 oz","bcs0130.jpg",,"6"
"5198","Beverages, Chips & Snacks","Chips & Snacks","Crackers","Milton's","Milton's Craft Bakers Gluten Free Baked Crackers Everything","Milton's Craft Bakers Gluten Free Baked Crackers Everything","3.91","0.0","","4.5 oz","4.5 oz","bcs0131.jpg",,"6"
"5199","Beverages, Chips & Snacks","Chips & Snacks","Crackers","Milton's","Milton's Craft Bakers Gluten Free Baked Crackers Cheddar Cheese","Milton's Craft Bakers Gluten Free Baked Crackers Cheddar Cheese","3.91","0.0","","4.5 oz","4.5 oz","bcs0132.jpg",,"6"
"5200","Beverages, Chips & Snacks","Chips & Snacks","Crackers","Milton's","Milton's Organic Crackers Multi-grain","Milton's Organic Crackers Multi-grain","3.91","0.0","","6 oz","6 oz","bcs0133.jpg",,"6"
"5201","Beverages, Chips & Snacks","Chips & Snacks","Crackers","Milton's","Milton's Organic Crackers Multi-grain","Milton's Organic Crackers Multi-grain","3.91","0.0","","6 oz","6 oz","bcs0134.jpg",,"6"
"5202","Beverages, Chips & Snacks","Chips & Snacks","Crackers","Milton's","Milton's Organic Crackers Olive Oil & Sea Salt","Milton's Organic Crackers Olive Oil & Sea Salt","3.91","0.0","","6 oz","6 oz","bcs0135.jpg",,"6"
"5203","Beverages, Chips & Snacks","Chips & Snacks","Crackers","Milton's","Milton's Organic Crackers Himalayan Salt","Milton's Organic Crackers Himalayan Salt","3.91","0.0","","6 oz","6 oz","bcs0136.jpg",,"6"
"5204","Beverages, Chips & Snacks","Chips & Snacks","Crackers","Nabisco","Nabisco Premium Original Topped with Sea Salt Saltine Crackers","Nabisco Premium Original Topped with Sea Salt Saltine Crackers","3.91","0.0","","1 lb","1 lb","15123.jpg",,"6"
"5205","Beverages, Chips & Snacks","Chips & Snacks","Crackers","Nabisco","Nabisco Premium Original Topped with Sea Salt Saltine Crackers Family Size","Nabisco Premium Original Topped with Sea Salt Saltine Crackers Family Size","5.45","0.0","","24 oz","24 oz","bcs0137.jpg",,"6"
"5206","Beverages, Chips & Snacks","Chips & Snacks","Crackers","Nabisco","Nabisco WHole Grain Topped With Sea Salt Saltine Crackers","Nabisco WHole Grain Topped With Sea Salt Saltine Crackers","3.91","0.0","","1.06 lb","1.06 lb","bcs0138.jpg",,"6"
"5207","Beverages, Chips & Snacks","Chips & Snacks","Crackers","Nabisco","Nabisco Premium Saltine Crackers Minis Original","Nabisco Premium Saltine Crackers Minis Original","3.91","0.0","","11 oz","11 oz","1232.jpg",,"6"
"5208","Beverages, Chips & Snacks","Chips & Snacks","Crackers","Nabisco","Nabisco Premium Soup & Oyster Crackers","Nabisco Premium Soup & Oyster Crackers","3.91","0.0","","9 oz","9 oz","15122.jpg",,"6"
"5209","Beverages, Chips & Snacks","Chips & Snacks","Crackers","Olde Cape Cod","Olde Cape Cod Soup & Chowder Oyster Crackers","Olde Cape Cod Soup & Chowder Oyster Crackers","3.13","0.0","","8 oz","8 oz","bcs0139.jpg",,"6"
"5210","Beverages, Chips & Snacks","Chips & Snacks","Crackers","Nabisco","Nabisco Ritz Bits Cheese Cracker Sandwiches","Nabisco Ritz Bits Cheese Cracker Sandwiches","6.23","0.0","","12 x 1 oz","12 x 1 oz","15156.jpg",,"6"
"5211","Beverages, Chips & Snacks","Chips & Snacks","Crackers","Nabisco","Nabisco Wheat Thins Nabisco Ranch","Nabisco Wheat Thins Nabisco Ranch","3.91","0.0","","9 oz","9 oz","1213.jpg",,"6"
"5212","Beverages, Chips & Snacks","Chips & Snacks","Crackers","Nonni's","Nonni's THINaddictives Almond Thin Cookies Cranberry","Nonni's THINaddictives Almond Thin Cookies Cranberry","4.36","0.0","","6 x 4.4 oz","6 x 4.4 oz","15116.jpg",,"6"
"5213","Beverages, Chips & Snacks","Chips & Snacks","Crackers","Nonni's","Nonni's THINaddictives Pistachio Almond Thins","Nonni's THINaddictives Pistachio Almond Thins","4.36","0.0","","6 x 4.4 oz","6 x 4.4 oz","15107.jpg",,"6"
"5214","Beverages, Chips & Snacks","Chips & Snacks","Crackers","Pepperidge Farm","Pepperidge Farm Golden Butter Crackers","Pepperidge Farm Golden Butter Crackers","3.91","0.0","","9.75 oz","9.75 oz","15133.jpg",,"6"
"5215","Beverages, Chips & Snacks","Chips & Snacks","Crackers","Pepperidge Farm Goldfish","Pepperidge Farm Goldfish Baked with Whole Grain Cheddar Crackers","Pepperidge Farm Goldfish Baked with Whole Grain Cheddar Crackers","6.23","0.0","","8.1 oz","8.1 oz","15140.jpg",,"8"
"5216","Beverages, Chips & Snacks","Chips & Snacks","Crackers","Pepperidge Farm Goldfish","Pepperidge Farm Goldfish Cheddar Crackers","Pepperidge Farm Goldfish Cheddar Crackers","6.23","0.0","","9 oz","9 oz","1221.jpg",,"8"
"5217","Beverages, Chips & Snacks","Chips & Snacks","Crackers","Pepperidge Farm Goldfish","Pepperidge Farm Goldfish Cheddar Crackers","Pepperidge Farm Goldfish Cheddar Crackers","1.55","0.0","","2 oz","2 oz","1228.jpg",,"6"
"5218","Beverages, Chips & Snacks","Chips & Snacks","Crackers","Pepperidge Farm Goldfish","Pepperidge Farm Goldfish Colors Cheddar Crackers","Pepperidge Farm Goldfish Colors Cheddar Crackers","6.23","0.0","","8.1 oz","8.1 oz","1225.jpg",,"8"
"5219","Beverages, Chips & Snacks","Chips & Snacks","Crackers","Pepperidge Farm Goldfish","Pepperidge Farm Goldfish Flavor Blasted Xtra Cheddar Crackers","Pepperidge Farm Goldfish Flavor Blasted Xtra Cheddar Crackers","6.23","0.0","","8.1 oz","8.1 oz","15121.jpg",,"6"
"5220","Beverages, Chips & Snacks","Chips & Snacks","Crackers","Red Oval Farms","Red Oval Farms Stoned Wheat Thins Snack Crackers Mini","Red Oval Farms Stoned Wheat Thins Snack Crackers Mini","4.69","0.0","","8.8 oz","8.8 oz","15143.jpg",,"6"
"5221","Beverages, Chips & Snacks","Chips & Snacks","Crackers","Nabisco","Nabisco Wheat Thins Crackers, Original Flavor","Nabisco Wheat Thins Crackers, Original Flavor","4.69","0.0","","16 oz","16 oz","1207.jpg",,"6"
"5222","Beverages, Chips & Snacks","Chips & Snacks","Crackers","Nabisco","Nabisco Wheat Thins Crackers, Original Flavor","Nabisco Wheat Thins Crackers, Original Flavor","3.91","0.0","","9.1 oz","9.1 oz","1209.jpg",,"6"
"5223","Beverages, Chips & Snacks","Chips & Snacks","Crackers","Nabisco","Nabisco Wheat Thins Crackers, Multigrain","Nabisco Wheat Thins Crackers, Multigrain","3.91","0.0","","8.5 oz","8.5 oz","bcs0140.jpg",,"6"
"5224","Beverages, Chips & Snacks","Chips & Snacks","Crackers","Nabisco","Nabisco Wheat Thins Crackers, Hint of Salt","Nabisco Wheat Thins Crackers, Hint of Salt","3.91","0.0","","9.1 oz","9.1 oz","bcs0141.jpg",,"6"
"5225","Beverages, Chips & Snacks","Chips & Snacks","Crackers","Nabisco","Nabisco Wheat Thins Crackers, Cracked Pepper and Olive Oil","Nabisco Wheat Thins Crackers, Cracked Pepper and Olive Oil","3.91","0.0","","9 oz","9 oz","bcs0142.jpg",,"6"
"5226","Beverages, Chips & Snacks","Chips & Snacks","Crackers","Nabisco","Nabisco Wheat Thins Crackers, Big","Nabisco Wheat Thins Crackers, Big","3.91","0.0","","8 oz","8 oz","bcs0143.jpg",,"6"
"5227","Beverages, Chips & Snacks","Chips & Snacks","Crackers","Nabisco","Nabisco Wheat Thins Crackers, Reduced Fat","Nabisco Wheat Thins Crackers, Reduced Fat","4.69","0.0","","14.5 oz","14.5 oz","1211.jpg",,"6"
"5228","Beverages, Chips & Snacks","Chips & Snacks","Crackers","Nabisco","Nabisco Wheat Thins Crackers, Sundried Tomato & Basil Flavor","Nabisco Wheat Thins Crackers, Sundried Tomato & Basil Flavor","3.91","0.0","","9 oz","9 oz","1210.jpg",,"6"
"5229","Beverages, Chips & Snacks","Chips & Snacks","Crackers","Nabisco","Nabisco Wheat Thins Reduced Fat Snacks","Nabisco Wheat Thins Reduced Fat Snacks","3.91","0.0","","8.5 oz","8.5 oz","1208.jpg",,"6"
"5230","Beverages, Chips & Snacks","Chips & Snacks","Crackers","Nabisco","Nabisco Wheat Thins Crackers, reduced Fat","Nabisco Wheat Thins Crackers, reduced Fat","4.69","0.0","","14.5 oz","14.5 oz","bcs0144.jpg",,"6"
"5231","Beverages, Chips & Snacks","Chips & Snacks","Crackers","Nabisco","Nabiso 60% Less Fat Reduced Fat Nilla Wafers","Nabiso 60% Less Fat Reduced Fat Nilla Wafers","5.14","0.0","","11 oz","11 oz","bcs0145.jpg",,"6"
"5232","Beverages, Chips & Snacks","Chips & Snacks","Popcorn","Bachman","Bachman Butter PopCorn Air Popped","Bachman Butter PopCorn Air Popped","4.69","0.0","","8 oz","8 oz","15333.jpg",,"0"
"5233","Beverages, Chips & Snacks","Chips & Snacks","Chips & Pretzels","Bachman","Bachman Butter Twists Pretzels","Bachman Butter Twists Pretzels","3.91","0.0","","10 oz","10 oz","bcs0146.jpg",,"0"
"5234","Beverages, Chips & Snacks","Chips & Snacks","Popcorn","Market Basket","Market Basket Popcorn Original Whole Grain","Market Basket Popcorn Original Whole Grain","3.91","0.0","","6 oz","6 oz","Market Basket.jpg",,"0"
"5235","Beverages, Chips & Snacks","Chips & Snacks","Popcorn","Market Basket","Market Basket White Cheddar Popcorn","Market Basket White Cheddar Popcorn","2.8","0.0","","6 oz","6 oz","Market Basket.jpg",,"0"
"5236","Beverages, Chips & Snacks","Chips & Snacks","Chips & Pretzels","PopCorners","PopCorners Popped Corn Chips Sea Salt","PopCorners Popped Corn Chips Sea Salt","3.13","0.0","","7 oz","7 oz","1463.jpg",,"0"
"5237","Beverages, Chips & Snacks","Chips & Snacks","Chips & Pretzels","PopCorners","PopCorners Popped Corn Snack White Cheddar","PopCorners Popped Corn Snack White Cheddar","3.13","0.0","","7 oz","7 oz","1460.jpg",,"0"
"5238","Beverages, Chips & Snacks","Chips & Snacks","Popcorn","SkinnyPop","SkinnyPop Original Popcorn Non GMO Gluten Free","SkinnyPop Original Popcorn Non GMO Gluten Free","3.91","0.0","","4.4 oz","4.4 oz","15319.jpg",,"0"
"5239","Beverages, Chips & Snacks","Chips & Snacks","Popcorn","SkinnyPop","SkinnyPop White Cheddar Popcorn Non GMO Gluten Free","SkinnyPop White Cheddar Popcorn Non GMO Gluten Free","3.91","0.0","","4.4 oz","4.4 oz","15321.jpg",,"0"
"5240","Beverages, Chips & Snacks","Chips & Snacks","Chips & Pretzels","LATE JULY","LATE JULY Organic Bbq Potato Chips","LATE JULY Organic Bbq Potato Chips","4.69","0.0","","5 oz","5 oz","bcs0147.jpg",,"0"
"5241","Beverages, Chips & Snacks","Chips & Snacks","Chips & Pretzels","LATE JULY","LATE JULY Organic Blue Corn Restaurant Style Tortilla Chips","LATE JULY Organic Blue Corn Restaurant Style Tortilla Chips","4.69","0.0","","11 oz","11 oz","bcs0148.jpg",,"0"
"5242","Beverages, Chips & Snacks","Chips & Snacks","Chips & Pretzels","LATE JULY","LATE JULY Organic Sea Salt & Lime Restaurant Style Tortilla Chips","LATE JULY Organic Sea Salt & Lime Restaurant Style Tortilla Chips","4.69","0.0","","11 oz","11 oz","bcs0149.jpg",,"0"
"5243","Beverages, Chips & Snacks","Chips & Snacks","Chips & Pretzels","LATE JULY","LATE JULY Organic Chia & Quinoa Restaurant Style Tortilla Chips","LATE JULY Organic Chia & Quinoa Restaurant Style Tortilla Chips","4.69","0.0","","11 oz","11 oz","bcs0150.jpg",,"0"
"5244","Beverages, Chips & Snacks","Chips & Snacks","Chips & Pretzels","LATE JULY","LATE JULY Sea Salt Multigrain Tortilla Chips Organic","LATE JULY Sea Salt Multigrain Tortilla Chips Organic","4.67","0.0","","6 oz","6 oz","bcs0151.jpg",,"0"
"5245","Beverages, Chips & Snacks","Chips & Snacks","Chips & Pretzels","LATE JULY","LATE JULY Sweet Potato Tortilla Chips Organic","LATE JULY Sweet Potato Tortilla Chips Organic","4.67","0.0","","6 oz","6 oz","bcs0152.jpg",,"0"
"5246","Beverages, Chips & Snacks","Chips & Snacks","Chips & Pretzels","LATE JULY","LATE JULY Mild Green Mojo Tortilla Chips Organic","LATE JULY Mild Green Mojo Tortilla Chips Organic","4.67","0.0","","6 oz","6 oz","bcs0153.jpg",,"0"
"5247","Beverages, Chips & Snacks","Chips & Snacks","Chips & Pretzels","LATE JULY","LATE JULY Sea Salt No Grain Tortilla Chips","LATE JULY Sea Salt No Grain Tortilla Chips","4.69","0.0","","5.5 oz","5.5 oz","bcs0154.jpg",,"0"
"5248","Beverages, Chips & Snacks","Chips & Snacks","Chips & Pretzels","LATE JULY","LATE JULY Sea Salt Organic Popcorn","LATE JULY Sea Salt Organic Popcorn","4.69","0.0","","4.4 oz","4.4 oz","bcs0155.jpg",,"0"
"5249","Beverages, Chips & Snacks","Chips & Snacks","Chips & Pretzels","LATE JULY","LATE JULY Kettle Organic Popcorn","LATE JULY Kettle Organic Popcorn","4.69","0.0","","4.4 oz","4.4 oz","bcs0156.jpg",,"0"
"5250","Beverages, Chips & Snacks","Chips & Snacks","Chips & Pretzels","LATE JULY","LATE JULY White Cheddar Organic Popcorn","LATE JULY White Cheddar Organic Popcorn","4.69","0.0","","4.4 oz","4.4 oz","bcs0157.jpg",,"0"
"5251","Beverages, Chips & Snacks","Chips & Snacks","Chips & Pretzels","LATE JULY","LATE JULY Nacho Chipotle Tortilla Chips","LATE JULY Nacho Chipotle Tortilla Chips","4.67","0.0","","5.5 oz","5.5 oz","bcs0158.jpg",,"0"
"5252","Beverages, Chips & Snacks","Chips & Snacks","Chips & Pretzels","LATE JULY","LATE JULY Korean Bbq Tortilla Chips","LATE JULY Korean Bbq Tortilla Chips","4.67","0.0","","5.5 oz","5.5 oz","bcs0159.jpg",,"0"
"5253","Beverages, Chips & Snacks","Chips & Snacks","Chips & Pretzels","LATE JULY","LATE JULY Sea Salt & Lime Tortilla Chips","LATE JULY Sea Salt & Lime Tortilla Chips","4.69","0.0","","5.5 oz","5.5 oz","bcs0160.jpg",,"0"
"5254","Beverages, Chips & Snacks","Chips & Snacks","Chips & Pretzels","LATE JULY","LATE JULY Cantina Style Yellow Corn Tortilla Chips","LATE JULY Cantina Style Yellow Corn Tortilla Chips","4.67","0.0","","9 oz","9 oz","bcs0161.jpg",,"0"
"5255","Beverages, Chips & Snacks","Chips & Snacks","Chips & Pretzels","LATE JULY","LATE JULY Cantina Style White Corn Tortilla Chips","LATE JULY Cantina Style White Corn Tortilla Chips","4.67","0.0","","9 oz","9 oz","bcs0162.jpg",,"0"
"5256","Beverages, Chips & Snacks","Chips & Snacks","Chips & Pretzels","LATE JULY","LATE JULY Organic Sea Salt Dippers Tortilla Chips","LATE JULY Organic Sea Salt Dippers Tortilla Chips","4.69","0.0","","8 oz","8 oz","bcs0163.jpg",,"0"
"5257","Beverages, Chips & Snacks","Chips & Snacks","Chips & Pretzels","LATE JULY","LATE JULY Organic Blue Corn Dippers Tortilla Chips","LATE JULY Organic Blue Corn Dippers Tortilla Chips","4.69","0.0","","8 oz","8 oz","bcs0164.jpg",,"0"
"5258","Beverages, Chips & Snacks","Chips & Snacks","Chips & Pretzels","Kettle","Kettle Brand Potato Chips Honey Dijon","Kettle Brand Potato Chips Honey Dijon","4.69","0.0","","8.5 oz","8.5 oz","bcs0165.jpg",,"0"
"5259","Beverages, Chips & Snacks","Chips & Snacks","Chips & Pretzels","Kettle","Kettle Brand Potato Chips Sea Salt","Kettle Brand Potato Chips Sea Salt","4.69","0.0","","8.5 oz","8.5 oz","bcs0166.jpg",,"0"
"5260","Beverages, Chips & Snacks","Chips & Snacks","Chips & Pretzels","Kettle","Kettle Brand Potato Chips Sour Cream & Onion","Kettle Brand Potato Chips Sour Cream & Onion","4.69","0.0","","8.5 oz","8.5 oz","bcs0167.jpg",,"0"
"5261","Beverages, Chips & Snacks","Chips & Snacks","Chips & Pretzels","Garden of Eatin'","Garden of Eatin' Corn Tortilla Chips Red Hot Blues Chips","Garden of Eatin' Corn Tortilla Chips Red Hot Blues Chips","5.47","0.0","","8.1 oz","8.1 oz","bcs0168.jpg",,"0"
"5262","Beverages, Chips & Snacks","Chips & Snacks","Chips & Pretzels","Eatsmart Snacks","Eatsmart Organic Veggie Straws Himalayan Pink Salt Gluten Free","Eatsmart Organic Veggie Straws Himalayan Pink Salt Gluten Free","3.91","0.0","","6 oz","6 oz","bcs0169.jpg",,"0"
"5263","Beverages, Chips & Snacks","Chips & Snacks","Chips & Pretzels","Eatsmart Snacks","Eatsmart Snacks Veggie Crisps 8 Snack Packs","Eatsmart Snacks Veggie Crisps 8 Snack Packs","7.8","0.0","","8 x 0.75 oz","8 x 0.75 oz","bcs0170.jpg",,"0"
"5264","Beverages, Chips & Snacks","Chips & Snacks","Chips & Pretzels","Good Health","Good Health Veggie Straws Aged White Cheddar","Good Health Veggie Straws Aged White Cheddar","4.69","0.0","","6.25 oz","6.25 oz","bcs0171.jpg",,"0"
"5265","Beverages, Chips & Snacks","Chips & Snacks","Chips & Pretzels","Good Health","Good Health Veggie Straws Zesty Ranch","Good Health Veggie Straws Zesty Ranch","4.69","0.0","","6.25 oz","6.25 oz","bcs0172.jpg",,"0"
"5266","Beverages, Chips & Snacks","Chips & Snacks","Chips & Pretzels","Good Health","Good Health Veggie Stix Sea Salt","Good Health Veggie Stix Sea Salt","7.8","0.0","","18 oz","18 oz","bcs0173.jpg",,"0"
"5267","Beverages, Chips & Snacks","Chips & Snacks","Chips & Pretzels","Good Health","Good Health Veggie Chips","Good Health Veggie Chips","4.69","0.0","","6.25 oz","6.25 oz","bcs0174.jpg",,"0"
"5268","Beverages, Chips & Snacks","Chips & Snacks","Chips & Pretzels","Good Health","Good Health Veggie Chips Sea Salt","Good Health Veggie Chips Sea Salt","4.69","0.0","","6.25 oz","6.25 oz","bcs0175.jpg",,"0"
"5269","Beverages, Chips & Snacks","Chips & Snacks","Chips & Pretzels","Good Health","Good Health Veggie Chips Cream Onion & Chive","Good Health Veggie Chips Cream Onion & Chive","4.69","0.0","","6.25 oz","6.25 oz","bcs0176.jpg",,"0"
"5270","Beverages, Chips & Snacks","Chips & Snacks","Chips & Pretzels","Good Health","Good Health Veggie Chips Monster Shaped","Good Health Veggie Chips Monster Shaped","4.69","0.0","","6.25 oz","6.25 oz","bcs0177.jpg",,"0"
"5271","Beverages, Chips & Snacks","Chips & Snacks","Chips & Pretzels","Good Health","Good Health Potato Chips Avocado Oil Sea Salt","Good Health Potato Chips Avocado Oil Sea Salt","4.69","0.0","","5 oz","5 oz","bcs0178.jpg",,"0"
"5272","Beverages, Chips & Snacks","Chips & Snacks","Chips & Pretzels","Good Health","Good Health Potato Chips Lime Ranch","Good Health Potato Chips Lime Ranch","4.69","0.0","","5 oz","5 oz","bcs0179.jpg",,"0"
"5273","Beverages, Chips & Snacks","Chips & Snacks","Chips & Pretzels","Good Health","Good Health Sweet Potato Sweet Chipotle Kettle Style Chips","Good Health Sweet Potato Sweet Chipotle Kettle Style Chips","4.69","0.0","","5 oz","5 oz","bcs0180.jpg",,"0"
"5274","Beverages, Chips & Snacks","Chips & Snacks","Chips & Pretzels","Good Health","Good Health Sweet Potato Sea Salted Kettle Style Chips","Good Health Sweet Potato Sea Salted Kettle Style Chips","4.69","0.0","","5 oz","5 oz","bcs0181.jpg",,"0"
"5275","Beverages, Chips & Snacks","Chips & Snacks","Chips & Pretzels","Good Health","Good Health Organic Baked Cheese Fries Hot n Spicy","Good Health Organic Baked Cheese Fries Hot n Spicy","3.13","0.0","","5.5 oz","5.5 oz","bcs0182.jpg",,"0"
"5276","Beverages, Chips & Snacks","Chips & Snacks","Chips & Pretzels","Good Health","Good Health Organic Baked Cheese Fries Cheddar","Good Health Organic Baked Cheese Fries Cheddar","3.13","0.0","","5.5 oz","5.5 oz","bcs0183.jpg",,"0"
"5277","Beverages, Chips & Snacks","Chips & Snacks","Chips & Pretzels","PopCorners","PopCorners Popped Corn Chips Sweet & Salty Kettle Corn","PopCorners Popped Corn Chips Sweet & Salty Kettle Corn","3.13","0.0","","7 oz","7 oz","bcs0184.jpg",,"0"
"5278","Beverages, Chips & Snacks","Chips & Snacks","Chips & Pretzels","Market Basket","Market Basket Wavy Potato Chips","Market Basket Wavy Potato Chips","3.13","0.0","","10 oz","10 oz","Market Basket.jpg",,"0"
"5279","Beverages, Chips & Snacks","Chips & Snacks","Chips & Pretzels","Market Basket","Market Basket Salt & Vinegar Potato Chips","Market Basket Salt & Vinegar Potato Chips","3.13","0.0","","9.5 oz","9.5 oz","Market Basket.jpg",,"0"
"5280","Beverages, Chips & Snacks","Chips & Snacks","Chips & Pretzels","Market Basket","Market Basket Ripple Potato Chips","Market Basket Ripple Potato Chips","3.13","0.0","","10 oz","10 oz","Market Basket.jpg",,"0"
"5281","Beverages, Chips & Snacks","Chips & Snacks","Chips & Pretzels","Market Basket","Market Basket Cheddar & Sour Cream Potato Chips","Market Basket Cheddar & Sour Cream Potato Chips","3.13","0.0","","9.5 oz","9.5 oz","Market Basket.jpg",,"0"
"5282","Beverages, Chips & Snacks","Chips & Snacks","Popcorn","Market Basket","Market Basket Popcorn 65% Less Fat Wholegrain","Market Basket Popcorn 65% Less Fat Wholegrain","2.34","0.0","","6 oz","6 oz","Market Basket.jpg",,"0"
"5283","Beverages, Chips & Snacks","Chips & Snacks","Chips & Pretzels","Market Basket","Market Basket Cheddar Cheese Curls Reduced Sodium","Market Basket Cheddar Cheese Curls Reduced Sodium","3.13","0.0","","8.5 oz","8.5 oz","Market Basket.jpg",,"0"
"5284","Beverages, Chips & Snacks","Chips & Snacks","Chips & Pretzels","Market Basket","Market Basket Cruncy Cheese Stix Cheddar Cheese","Market Basket Cruncy Cheese Stix Cheddar Cheese","3.13","0.0","","9 oz","9 oz","Market Basket.jpg",,"0"
"5285","Beverages, Chips & Snacks","Chips & Snacks","Popcorn","Market Basket","Market Basket Cantina Organic Tortilla Chips Blue Corn Wirh Sea Salt","Market Basket Cantina Organic Tortilla Chips Blue Corn Wirh Sea Salt","3.13","0.0","","8.5 oz","8.5 oz","Market Basket.jpg",,"0"
"5286","Beverages, Chips & Snacks","Chips & Snacks","Chips & Pretzels","Pringles","Pringles Pizza Potato Crisps","Pringles Pizza Potato Crisps","2.08","0.0","","5.5 oz","5.5 oz","bcs0193.jpg",,"0"
"5287","Beverages, Chips & Snacks","Chips & Snacks","Chips & Pretzels","Pringles","Pringles Wavy Classic Salted","Pringles Wavy Classic Salted","2.08","0.0","","4.5 oz","4.5 oz","bcs0194.jpg",,"0"
"5288","Beverages, Chips & Snacks","Chips & Snacks","Chips & Pretzels","Pringles","Pringles Wavy Fire Roasted Jalepeno","Pringles Wavy Fire Roasted Jalepeno","2.08","0.0","","4.5 oz","4.5 oz","bcs0195.jpg",,"0"
"5289","Beverages, Chips & Snacks","Chips & Snacks","Chips & Pretzels","Pringles","Pringles Variety Pack 6 Original 6 Sour Cream 6 Cheddar Cheese 18 Pack","Pringles Variety Pack 6 Original 6 Sour Cream 6 Cheddar Cheese 18 Pack","10.92","0.0","","12.9 oz","12.9 oz","bcs0196.jpg",,"0"
"5290","Beverages, Chips & Snacks","Chips & Snacks","Chips & Pretzels","Pringles","Pringles Original Lunch 12 Pack","Pringles Original Lunch 12 Pack","7.8","0.0","","12 x 0.67 oz","12 x 0.67 oz","bcs0197.jpg",,"0"
"5291","Beverages, Chips & Snacks","Chips & Snacks","Chips & Pretzels","Pringles","Pringles Sour Cream Lunch 12 Pack","Pringles Sour Cream Lunch 12 Pack","7.8","0.0","","12 x 0.67 oz","12 x 0.67 oz","bcs0198.jpg",,"0"
"5292","Beverages, Chips & Snacks","Chips & Snacks","Chips & Pretzels","Pringles","Pringles BBQ Potato Crisps","Pringles BBQ Potato Crisps","1.55","0.0","","2.5 oz","2.5 oz","bcs0199.jpg",,"0"
"5293","Beverages, Chips & Snacks","Chips & Snacks","Chips & Pretzels","Ritz","Ritz Toasted Chips 40% Less Fat Sour Cream & Onion","Ritz Toasted Chips 40% Less Fat Sour Cream & Onion","3.91","0.0","","8.1 oz","8.1 oz","bcs0200.jpg",,"6"
"5294","Beverages, Chips & Snacks","Chips & Snacks","Chips & Pretzels","Ritz","Ritz Crisp & Thins 50% Less Fat Cream Cheese & Onion","Ritz Crisp & Thins 50% Less Fat Cream Cheese & Onion","3.91","0.0","","7.1 oz","7.1 oz","bcs0201.jpg",,"0"
"5295","Beverages, Chips & Snacks","Chips & Snacks","Crackers","Ritz","Ritz Toasted Chips 55% Less Fat Original","Ritz Toasted Chips 55% Less Fat Original","3.91","0.0","","8.1 oz","8.1 oz","bcs0202.jpg",,"6"
"5296","Beverages, Chips & Snacks","Chips & Snacks","Crackers","Ritz","Ritz Crisp & Thins 50% Less Fat Original With Creamy Onion & Sea Salt","Ritz Crisp & Thins 50% Less Fat Original With Creamy Onion & Sea Salt","3.91","0.0","","7.1 oz","7.1 oz","bcs0203.jpg",,"6"
"5297","Beverages, Chips & Snacks","Chips & Snacks","Crackers","Ritz","Ritz Toasted Chips 50% Less Fat Veggie 100% Whole Grain Wheat","Ritz Toasted Chips 50% Less Fat Veggie 100% Whole Grain Wheat","3.91","0.0","","8.1 oz","8.1 oz","bcs0204.jpg",,"6"
"5298","Beverages, Chips & Snacks","Chips & Snacks","Crackers","Ritz","Ritz Crisp & Thins 50% Less Fat Salt & Vinegar","Ritz Crisp & Thins 50% Less Fat Salt & Vinegar","3.91","0.0","","7.1 oz","7.1 oz","bcs0205.jpg",,"6"
"5299","Beverages, Chips & Snacks","Chips & Snacks","Crackers","Ritz","Ritz Toasted Chips 45% Less Fat 100% Whole Grain Multigrain","Ritz Toasted Chips 45% Less Fat 100% Whole Grain Multigrain","3.91","0.0","","8.1 oz","8.1 oz","bcs0206.jpg",,"6"
"5300","Beverages, Chips & Snacks","Chips & Snacks","Crackers","Ritz","Ritz Toasted Pita Oven Baked Crackers 55% Less Fat Original","Ritz Toasted Pita Oven Baked Crackers 55% Less Fat Original","5.31","0.0","","8 oz","8 oz","bcs0207.jpg",,"6"
"5301","Beverages, Chips & Snacks","Chips & Snacks","Crackers","Ritz","Ritz Crisp & Thins 50% Less Fat Barbecue","Ritz Crisp & Thins 50% Less Fat Barbecue","3.91","0.0","","7.1 oz","7.1 oz","bcs0208.jpg",,"6"
"5302","Beverages, Chips & Snacks","Chips & Snacks","Crackers","Pepperidge Farm","Pepperidge Farm Cracker Tro","Pepperidge Farm Cracker Tro","3.91","0.0","","10 oz","10 oz","bcs0209.jpg",,"6"
"5303","Beverages, Chips & Snacks","Chips & Snacks","Crackers","Keebler","Keebler Animal Cookies Frosted Fully Frosted Shortbread Animal Shapes","Keebler Animal Cookies Frosted Fully Frosted Shortbread Animal Shapes","4.69","0.0","","13 oz","13 oz","bcs0210.jpg",,"6"
"5304","Beverages, Chips & Snacks","Chips & Snacks","Crackers","Nonni's","Nonni's Limone Biscotti","Nonni's Limone Biscotti","4.36","0.0","","6.88 oz","6.88 oz","bcs0211.jpg",,"6"
"5305","Beverages, Chips & Snacks","Chips & Snacks","Crackers","Nabisco","Nabisco Nilla Wafers","Nabisco Nilla Wafers","5.14","0.0","","11 oz","11 oz","bcs0212.jpg",,"6"
"5306","Beverages, Chips & Snacks","Chips & Snacks","Crackers","Nabisco","Nabisco Ginger Snaps","Nabisco Ginger Snaps","7.17","0.0","","1 lb","1 lb","bcs0213.jpg",,"6"
"5307","Beverages, Chips & Snacks","Chips & Snacks","Crackers","Nabisco","Nabisco Original Premium Topped With Sea Salt Fresh Stacks","Nabisco Original Premium Topped With Sea Salt Fresh Stacks","3.91","0.0","","13.6 oz","13.6 oz","bcs0214.jpg",,"6"
"5308","Beverages, Chips & Snacks","Chips & Snacks","Crackers","Nabisco","Nabisco Famous Chocolate Wafers","Nabisco Famous Chocolate Wafers","6.23","0.0","","9 oz","9 oz","bcs0215.jpg",,"6"
"5309","Beverages, Chips & Snacks","Chips & Snacks","Cookies & Cakes","Newman's Own","Newman's Own Vanilla Cookies","Newman's Own Vanilla Cookies","3.91","0.0","","8 oz","8 oz","bcs0216.jpg",,"6"
"5310","Beverages, Chips & Snacks","Chips & Snacks","Cookies & Cakes","Newman's Own","Newman's Own Hint O Mint Cookies","Newman's Own Hint O Mint Cookies","3.91","0.0","","8 oz","8 oz","bcs0217.jpg",,"6"
"5311","Beverages, Chips & Snacks","Chips & Snacks","Cookies & Cakes","Newman's Own","Newman's Own Original Cookies","Newman's Own Original Cookies","3.91","0.0","","8 oz","8 oz","bcs0218.jpg",,"6"
"5312","Beverages, Chips & Snacks","Chips & Snacks","Cookies & Cakes","Oreo","Oreo Milk's Favorite Cookie","Oreo Milk's Favorite Cookie","5.47","0.0","","13.3 oz","13.3 oz","bcs0219.jpg",,"6"
"5313","Beverages, Chips & Snacks","Chips & Snacks","Cookies & Cakes","Oreo","Chocolate Creme Oreo Family Size","Chocolate Creme Oreo Family Size","5.47","0.0","","566 g","566 g","bcs0220.jpg",,"6"
"5314","Beverages, Chips & Snacks","Chips & Snacks","Cookies & Cakes","Oreo","Mint Creme Oreo Family Size","Mint Creme Oreo Family Size","5.47","0.0","","566 g","566 g","bcs0221.jpg",,"6"
"5315","Beverages, Chips & Snacks","Chips & Snacks","Cookies & Cakes","Oreo","Oreo Chocolate Marshmallow Cookies Family Size","Oreo Chocolate Marshmallow Cookies Family Size","5.47","0.0","","17 oz","17 oz","bcs0222.jpg",,"6"
"5316","Beverages, Chips & Snacks","Chips & Snacks","Cookies & Cakes","Oreo","Oreo Caramel Coconut Cookies Family Size","Oreo Caramel Coconut Cookies Family Size","5.47","0.0","","17 oz","17 oz","bcs0223.jpg",,"6"
"5317","Beverages, Chips & Snacks","Chips & Snacks","Cookies & Cakes","Oreo","Oreo Chocolate Peanut Butter Pie Cookie Fmily Size","Oreo Chocolate Peanut Butter Pie Cookie Fmily Size","5.47","0.0","","482 g","482 g","bcs0224.jpg",,"6"
"5318","Beverages, Chips & Snacks","Chips & Snacks","Cookies & Cakes","Oreo","Oreo Carrot Cake Flavored Cookie Family Size","Oreo Carrot Cake Flavored Cookie Family Size","5.47","0.0","","482 g","482 g","bcs0225.jpg",,"6"
"5319","Beverages, Chips & Snacks","Chips & Snacks","Cookies & Cakes","Chips Ahoy!","Chips Ahoy! 25% Less Fat Than Original","Chips Ahoy! 25% Less Fat Than Original","3.91","0.0","","13 oz","13 oz","bcs0226.jpg",,"6"
"5320","Beverages, Chips & Snacks","Chips & Snacks","Cookies & Cakes","Chips Ahoy!","Chips Ahoy! Coconut Chunky Chocolate Cookies","Chips Ahoy! Coconut Chunky Chocolate Cookies","3.91","0.0","","10.25 oz","10.25 oz","bcs0227.jpg",,"6"
"5321","Beverages, Chips & Snacks","Chips & Snacks","Cookies & Cakes","Chips Ahoy!","Chips Ahoy! Chewy Reese's Peanut Butter Cups Cookies","Chips Ahoy! Chewy Reese's Peanut Butter Cups Cookies","3.91","0.0","","9.5 oz","9.5 oz","bcs0228.jpg",,"6"
"5322","Beverages, Chips & Snacks","Chips & Snacks","Cookies & Cakes","Chips Ahoy!","Chips Ahoy! Chunky Chocolate Chip Cookies Family Size","Chips Ahoy! Chunky Chocolate Chip Cookies Family Size","5.47","0.0","","510 g","510 g","bcs0229.jpg",,"6"
"5323","Beverages, Chips & Snacks","Chips & Snacks","Crackers","Kellogg's","Kellogg's Scooby-Doo Baked Graham Cracker Cinnamon","Kellogg's Scooby-Doo Baked Graham Cracker Cinnamon","3.91","0.0","","11 oz","11 oz","bcs0230.jpg",,"6"
"5324","Beverages, Chips & Snacks","Chips & Snacks","Crackers","Nabisco","Nabisco Teddy Grahams Honey Graham Snacks","Nabisco Teddy Grahams Honey Graham Snacks","4.69","0.0","","10 oz","10 oz","bcs0231.jpg",,"6"
"5325","Beverages, Chips & Snacks","Chips & Snacks","Crackers","Nabisco","Nabisco Teddy Grahams Cinnamon Graham Snacks","Nabisco Teddy Grahams Cinnamon Graham Snacks","4.69","0.0","","10 oz","10 oz","bcs0232.jpg",,"6"
"5326","Beverages, Chips & Snacks","Chips & Snacks","Crackers","Nabisco","Nabisco Teddy Grahams Chocolate Graham Snacks","Nabisco Teddy Grahams Chocolate Graham Snacks","4.69","0.0","","10 oz","10 oz","bcs0233.jpg",,"6"
"5327","Beverages, Chips & Snacks","Chips & Snacks","Crackers","Market Basket","Market Basket Honey Maid Cracker","Market Basket Honey Maid Cracker","4.98","0.0","","14.4 oz","14.4 oz","Market Basket.jpg",,"6"
"5328","Beverages, Chips & Snacks","Chips & Snacks","Energy & Granola Bars","Nature's Bakery","Nature's Bakery Fig Bar Original Fig","Nature's Bakery Fig Bar Original Fig","4.69","0.0","","6 x 2 oz","6 x 2 oz","bcs0235.jpg",,"6"
"5329","Beverages, Chips & Snacks","Chips & Snacks","Energy & Granola Bars","Nature's Bakery","Nature's Bakery Fig Bar Apple Cinnamon","Nature's Bakery Fig Bar Apple Cinnamon","4.69","0.0","","6 x 2 oz","6 x 2 oz","bcs0236.jpg",,"6"
"5330","Beverages, Chips & Snacks","Chips & Snacks","Energy & Granola Bars","Nature's Bakery","Nature's Bakery Fig Bar Blueberry","Nature's Bakery Fig Bar Blueberry","4.69","0.0","","6 x 2 oz","6 x 2 oz","bcs0237.jpg",,"6"
"5331","Beverages, Chips & Snacks","Chips & Snacks","Energy & Granola Bars","Nature's Bakery","Nature's Bakery Fig Bar Raspberry","Nature's Bakery Fig Bar Raspberry","4.69","0.0","","6 x 2 oz","6 x 2 oz","bcs0238.jpg",,"6"
"5332","Beverages, Chips & Snacks","Chips & Snacks","Energy & Granola Bars","Nature's Bakery","Nature's Bakery Oatmeal Crumble Cherry","Nature's Bakery Oatmeal Crumble Cherry","4.69","0.0","","6 x 1.41 oz","6 x 1.41 oz","bcs0239.jpg",,"6"
"5333","Beverages, Chips & Snacks","Chips & Snacks","Energy & Granola Bars","Nature's Bakery","Nature's Bakery Oatmeal Crumble Strawberry","Nature's Bakery Oatmeal Crumble Strawberry","4.69","0.0","","6 x 1.41 oz","6 x 1.41 oz","bcs0240.jpg",,"6"
"5334","Beverages, Chips & Snacks","Chips & Snacks","Energy & Granola Bars","Nature's Bakery","Nature's Bakery Oatmeal Crumble Apple","Nature's Bakery Oatmeal Crumble Apple","4.69","0.0","","6 x 1.41 oz","6 x 1.41 oz","bcs0241.jpg",,"6"
"5335","Beverages, Chips & Snacks","Chips & Snacks","Cookies & Cakes","belVita","belVita Bites Cinnamon Brown Sugar","belVita Bites Cinnamon Brown Sugar","4.69","0.0","","8.8 oz","8.8 oz","bcs0242.jpg",,"6"
"5336","Beverages, Chips & Snacks","Chips & Snacks","Cookies & Cakes","belVita","belVita Bites Chocolate","belVita Bites Chocolate","4.69","0.0","","8.8 oz","8.8 oz","bcs0243.jpg",,"6"
"5337","Beverages, Chips & Snacks","Chips & Snacks","Cookies & Cakes","belVita","belVita Bites Blueberry","belVita Bites Blueberry","4.69","0.0","","8.8 oz","8.8 oz","bcs0244.jpg",,"6"
"5338","Beverages, Chips & Snacks","Chips & Snacks","Cookies & Cakes","belVita","belVita Sandwich Cinnamon Brown Sugar With Vanilla Creme","belVita Sandwich Cinnamon Brown Sugar With Vanilla Creme","4.69","0.0","","8.8 oz","8.8 oz","bcs0245.jpg",,"6"
"5339","Beverages, Chips & Snacks","Chips & Snacks","Cookies & Cakes","belVita","belVita Sandwich Peanut Butter","belVita Sandwich Peanut Butter","4.69","0.0","","8.8 oz","8.8 oz","bcs0246.jpg",,"6"
"5340","Beverages, Chips & Snacks","Chips & Snacks","Cookies & Cakes","belVita","belVita Sandwich Dark Chocolate Creme","belVita Sandwich Dark Chocolate Creme","4.69","0.0","","8.8 oz","8.8 oz","bcs0247.jpg",,"6"
"5341","Beverages, Chips & Snacks","Chips & Snacks","Cookies & Cakes","belVita","belVita Cinnamon Brown Sugar","belVita Cinnamon Brown Sugar","4.69","0.0","","8.8 oz","8.8 oz","bcs0248.jpg",,"6"
"5342","Beverages, Chips & Snacks","Chips & Snacks","Cookies & Cakes","belVita","belVita Honey Chocolate Chip","belVita Honey Chocolate Chip","4.69","0.0","","8.8 oz","8.8 oz","bcs0249.jpg",,"6"
"5343","Beverages, Chips & Snacks","Chips & Snacks","Cookies & Cakes","belVita","belVita Soft Filled Strawberry","belVita Soft Filled Strawberry","4.69","0.0","","8.8 oz","8.8 oz","bcs0250.jpg",,"6"
"5344","Beverages, Chips & Snacks","Chips & Snacks","Cookies & Cakes","belVita","belVita Vanilla Oat","belVita Vanilla Oat","4.69","0.0","","8.8 oz","8.8 oz","bcs0251.jpg",,"6"
"5345","Beverages, Chips & Snacks","Chips & Snacks","Cookies & Cakes","belVita","belVita Chocolate Breakfast Biscuits","belVita Chocolate Breakfast Biscuits","4.69","0.0","","8.8 oz","8.8 oz","bcs0252.jpg",,"6"
"5346","Beverages, Chips & Snacks","Chips & Snacks","Cookies & Cakes","belVita","belVita Cranberry Orange Breakfast Biscuits","belVita Cranberry Orange Breakfast Biscuits","4.69","0.0","","8.8 oz","8.8 oz","bcs0253.jpg",,"6"
"5347","Beverages, Chips & Snacks","Chips & Snacks","Cookies & Cakes","belVita","belVita Golden Oat Breakfast Biscuits","belVita Golden Oat Breakfast Biscuits","4.69","0.0","","8.8 oz","8.8 oz","bcs0254.jpg",,"6"
"5348","Beverages, Chips & Snacks","Chips & Snacks","Cookies & Cakes","belVita","belVita Soft Baked Oats & Chocolate Breakfast Biscuits","belVita Soft Baked Oats & Chocolate Breakfast Biscuits","4.69","0.0","","8.8 oz","8.8 oz","bcs0255.jpg",,"6"
"5349","Beverages, Chips & Snacks","Chips & Snacks","Cookies & Cakes","belVita","belVita Toasted Coconut Breakfast Biscuits","belVita Toasted Coconut Breakfast Biscuits","4.69","0.0","","8.8 oz","8.8 oz","bcs0256.jpg",,"6"
"5350","Beverages, Chips & Snacks","Chips & Snacks","Cookies & Cakes","belVita","belVita Soft Baked Mixed Berry Breakfast Biscuits","belVita Soft Baked Mixed Berry Breakfast Biscuits","4.69","0.0","","8.8 oz","8.8 oz","bcs0257.jpg",,"6"
"5351","Beverages, Chips & Snacks","Chips & Snacks","Cookies & Cakes","belVita","belVita Blueberry Breakfast Biscuits","belVita Blueberry Breakfast Biscuits","4.69","0.0","","8.8 oz","8.8 oz","bcs0258.jpg",,"6"
"5352","Beverages, Chips & Snacks","Chips & Snacks","Crackers","Austin","Austin Sandwich Crackers Peanut Butter on Toasty Crackers","Austin Sandwich Crackers Peanut Butter on Toasty Crackers","7.02","0.0","","37.2 oz","37.2 oz","bcs0259.jpg",,"6"
"5353","Beverages, Chips & Snacks","Chips & Snacks","Crackers","Austin","Austin Sandwich Crackers Cheddar Cheese on Cheese Crackers","Austin Sandwich Crackers Cheddar Cheese on Cheese Crackers","7.02","0.0","","37.2 oz","37.2 oz","bcs0260.jpg",,"6"
"5354","Beverages, Chips & Snacks","Chips & Snacks","Crackers","Austin","Austin Sandwich Crackers Peanut Butter on Cheese Crackers","Austin Sandwich Crackers Peanut Butter on Cheese Crackers","2.34","0.0","","11 oz","11 oz","bcs0261.jpg",,"6"
"5355","Beverages, Chips & Snacks","Chips & Snacks","Crackers","Austin","Austin Pepper Jack Sandwich Crackers","Austin Pepper Jack Sandwich Crackers","2.34","0.0","","11 oz","11 oz","bcs0262.jpg",,"6"
"5356","Beverages, Chips & Snacks","Chips & Snacks","Crackers","Cheez-It","Cheez-it 12 Pack Extra Toasty","Cheez-it 12 Pack Extra Toasty","6.23","0.0","","12 oz","12 oz","bcs0263.jpg",,"6"
"5357","Beverages, Chips & Snacks","Chips & Snacks","Crackers","Nabisco","Nabisco Barnum's Animals Crackers 12 Packs","Nabisco Barnum's Animals Crackers 12 Packs","6.23","0.0","","12 x 1 oz","12 x 1 oz","bcs0264.jpg",,"6"
"5358","Beverages, Chips & Snacks","Chips & Snacks","Crackers","Nabisco","Nabisco Mini Chips Ahoy! 12 Packs","Nabisco Mini Chips Ahoy! 12 Packs","6.23","0.0","","12 x 1 oz","12 x 1 oz","bcs0265.jpg",,"6"
"5359","Beverages, Chips & Snacks","Chips & Snacks","Crackers","Nabisco","Nabisco Minions Teddy Grahams 12 Pack","Nabisco Minions Teddy Grahams 12 Pack","6.23","0.0","","12 x 1 oz","12 x 1 oz","bcs0266.jpg",,"6"
"5360","Beverages, Chips & Snacks","Chips & Snacks","Cookies & Cakes","Tate's Bake Shop","Tate's Bake Shop Oatmeal Rasin Cookies","Tate's Bake Shop Oatmeal Rasin Cookies","6.23","0.0","","7 oz","7 oz","bcs0267.jpg",,"6"
"5361","Beverages, Chips & Snacks","Chips & Snacks","Cookies & Cakes","Tate's Bake Shop","Tate's Bake Shop Walnut Chocolate Chip Cookies","Tate's Bake Shop Walnut Chocolate Chip Cookies","6.23","0.0","","7 oz","7 oz","bcs0268.jpg",,"6"
"5362","Beverages, Chips & Snacks","Chips & Snacks","Cookies & Cakes","Tate's Bake Shop","Tate's Bake Shop Coconut Crisp Cookies","Tate's Bake Shop Coconut Crisp Cookies","6.23","0.0","","7 oz","7 oz","bcs0269.jpg",,"6"
"5363","Beverages, Chips & Snacks","Chips & Snacks","Cookies & Cakes","Tate's Bake Shop","Tate's Bake Shop Butter Crunch Cookies","Tate's Bake Shop Butter Crunch Cookies","6.23","0.0","","7 oz","7 oz","bcs0270.jpg",,"6"
"5364","Beverages, Chips & Snacks","Chips & Snacks","Cookies & Cakes","Pepperidge Farm","Pepperidge Farmhouse Thin & Crispy Toffee Milk Chocolate","Pepperidge Farmhouse Thin & Crispy Toffee Milk Chocolate","4.69","0.0","","6.9 oz","6.9 oz","bcs0271.jpg",,"6"
"5365","Beverages, Chips & Snacks","Chips & Snacks","Cookies & Cakes","Pepperidge Farm","Pepperidge Farmhouse Thin & Crispy Dark Chocolate Chip","Pepperidge Farmhouse Thin & Crispy Dark Chocolate Chip","4.69","0.0","","6.9 oz","6.9 oz","bcs0272.jpg",,"6"
"5366","Beverages, Chips & Snacks","Chips & Snacks","Cookies & Cakes","Pepperidge Farm","Pepperidge Farmhouse Thin & Crispy Milk Chocolate Chip","Pepperidge Farmhouse Thin & Crispy Milk Chocolate Chip","4.69","0.0","","6.9 oz","6.9 oz","bcs0273.jpg",,"6"
"5367","Beverages, Chips & Snacks","Chips & Snacks","Cookies & Cakes","Pepperidge Farm","Pepperidge Farmhouse Thin & Crispy Milk Chocolate Chip","Pepperidge Farmhouse Thin & Crispy Milk Chocolate Chip","6.23","0.0","","5.9 oz","5.9 oz","bcs0274.jpg",,"6"
"5368","Beverages, Chips & Snacks","Chips & Snacks","Cookies & Cakes","Homefree","Homefree Vanilla Mini Cookies","Homefree Vanilla Mini Cookies","6.23","0.0","","5 oz","5 oz","bcs0275.jpg",,"6"
"5369","Beverages, Chips & Snacks","Chips & Snacks","Cookies & Cakes","Enjoy Life","Enjoy Life Soft Baked Cookies Gingerbread Spice","Enjoy Life Soft Baked Cookies Gingerbread Spice","6.23","0.0","","6 oz","6 oz","bcs0276.jpg",,"6"
"5370","Beverages, Chips & Snacks","Chips & Snacks","Cookies & Cakes","Enjoy Life","Enjoy Life Soft Baked Cookies Double Chocolate Brownie","Enjoy Life Soft Baked Cookies Double Chocolate Brownie","6.23","0.0","","6 oz","6 oz","bcs0277.jpg",,"6"
"5371","Beverages, Chips & Snacks","Chips & Snacks","Cookies & Cakes","Enjoy Life","Enjoy Life Soft Baked Cookies Snickerdoodle","Enjoy Life Soft Baked Cookies Snickerdoodle","6.23","0.0","","6 oz","6 oz","bcs0278.jpg",,"6"
"5372","Beverages, Chips & Snacks","Chips & Snacks","Cookies & Cakes","Enjoy Life","Enjoy Life Soft Baked Cookies Chocolate Chip","Enjoy Life Soft Baked Cookies Chocolate Chip","6.23","0.0","","6 oz","6 oz","bcs0279.jpg",,"6"
"5373","Beverages, Chips & Snacks","Chips & Snacks","Cookies & Cakes","Kinnikinnick","Kinnikinnick Kinnitoos Chocolate Sandwich Creme Cookies","Kinnikinnick Kinnitoos Chocolate Sandwich Creme Cookies","6.23","0.0","","8 oz","8 oz","bcs0280.jpg",,"6"
"5374","Beverages, Chips & Snacks","Chips & Snacks","Cookies & Cakes","Kinnikinnick","Kinnikinnick Kinnitoos Vanilla Sandwich Creme Cookies","Kinnikinnick Kinnitoos Vanilla Sandwich Creme Cookies","6.23","0.0","","8 oz","8 oz","bcs0281.jpg",,"6"
"5375","Beverages, Chips & Snacks","Chips & Snacks","Crackers","Kinnikinnick","Kinnikinnick Vanilla Wafers","Kinnikinnick Vanilla Wafers","6.23","0.0","","6.3 oz","6.3 oz","bcs0282.jpg",,"6"
"5376","Beverages, Chips & Snacks","Chips & Snacks","Crackers","Kinnikinnick","Kinnikinnick Mini Kritters","Kinnikinnick Mini Kritters","6.23","0.0","","8 oz","8 oz","bcs0283.jpg",,"6"
"5377","Beverages, Chips & Snacks","Chips & Snacks","Crackers","Kinnikinnick","Kinnikinnick S'moreables Graham Style Crackers","Kinnikinnick S'moreables Graham Style Crackers","6.23","0.0","","8 oz","8 oz","bcs0284.jpg",,"6"
"5378","Beverages, Chips & Snacks","Chips & Snacks","Cookies & Cakes","Schar","Schar Gluten Free Shortbread Cookies","Schar Gluten Free Shortbread Cookies","6.23","0.0","","7.1 oz","7.1 oz","bcs0285.jpg",,"6"
"5379","Beverages, Chips & Snacks","Chips & Snacks","Crackers","Schar","Schar Gluten Free Cocoa Wafers","Schar Gluten Free Cocoa Wafers","4.67","0.0","","4.4 oz","4.4 oz","bcs0286.jpg",,"6"
"5380","Beverages, Chips & Snacks","Chips & Snacks","Crackers","Schar","Schar Gluten Free Vanilla Wafers","Schar Gluten Free Vanilla Wafers","4.67","0.0","","4.4 oz","4.4 oz","bcs0287.jpg",,"6"
"5381","Beverages, Chips & Snacks","Chips & Snacks","Crackers","Simple Mills","Simple Mills Almond Flour Crackers Rosemary & Sea Salt","Simple Mills Almond Flour Crackers Rosemary & Sea Salt","6.23","0.0","","4.25 oz","4.25 oz","bcs0288.jpg",,"6"
"5382","Beverages, Chips & Snacks","Chips & Snacks","Crackers","Simple Mills","Simple Mills Almond Flour Crackers Sun Dried Tomato & Basil","Simple Mills Almond Flour Crackers Sun Dried Tomato & Basil","6.23","0.0","","4.25 oz","4.25 oz","bcs0289.jpg",,"6"
"5383","Beverages, Chips & Snacks","Chips & Snacks","Crackers","Simple Mills","Simple Mills Almond Flour Crackers Fine Ground Sea Salt","Simple Mills Almond Flour Crackers Fine Ground Sea Salt","6.23","0.0","","4.25 oz","4.25 oz","bcs0290.jpg",,"6"
"5384","Beverages, Chips & Snacks","Chips & Snacks","Crackers","Simple Mills","Simple Mills Almond Flour Crackers Farmhouse Cheddar","Simple Mills Almond Flour Crackers Farmhouse Cheddar","6.23","0.0","","4.25 oz","4.25 oz","bcs0291.jpg",,"6"
"5385","Beverages, Chips & Snacks","Chips & Snacks","Crackers","Real Food","Real Food Cauliflower Crackers Nacho Flavor","Real Food Cauliflower Crackers Nacho Flavor","4.69","0.0","","4 oz","4 oz","bcs0292.jpg",,"6"
"5386","Beverages, Chips & Snacks","Chips & Snacks","Crackers","Real Food","Real Food Butternet Squash Crackers Sea Salt","Real Food Butternet Squash Crackers Sea Salt","4.69","0.0","","4 oz","4 oz","bcs0293.jpg",,"6"
"5387","Beverages, Chips & Snacks","Chips & Snacks","Crackers","Kame","Kame Rice Crackers Original","Kame Rice Crackers Original","4.67","0.0","","3.5 oz","3.5 oz","bcs0294.jpg",,"6"
"5388","Beverages, Chips & Snacks","Chips & Snacks","Crackers","Kame","Kame Rice Crackers Cheese","Kame Rice Crackers Cheese","4.67","0.0","","3.5 oz","3.5 oz","bcs0295.jpg",,"6"
"5389","Beverages, Chips & Snacks","Chips & Snacks","Crackers","Kame","Kame Rice Crackers Sesame","Kame Rice Crackers Sesame","4.67","0.0","","3.5 oz","3.5 oz","bcs0296.jpg",,"6"
"5390","Beverages, Chips & Snacks","Chips & Snacks","Crackers","Kame","Kame Rice Crackers Wasabi","Kame Rice Crackers Wasabi","4.67","0.0","","3.5 oz","3.5 oz","bcs0297.jpg",,"6"
"5391","Beverages, Chips & Snacks","Chips & Snacks","Crackers","Kame","Kame Rice Crackers Seaweed","Kame Rice Crackers Seaweed","4.67","0.0","","3.5 oz","3.5 oz","bcs0298.jpg",,"6"
"5392","Beverages, Chips & Snacks","Chips & Snacks","Crackers","Mary's Gone Crackers","Mary's Gone Crackers Original","Mary's Gone Crackers Original","6.23","0.0","","6.5 oz","6.5 oz","bcs0299.jpg",,"6"
"5393","Beverages, Chips & Snacks","Chips & Snacks","Crackers","Mary's Gone Crackers","Mary's Gone Crackers Herb Crackers","Mary's Gone Crackers Herb Crackers","6.23","0.0","","6.5 oz","6.5 oz","bcs0300.jpg",,"6"
"5394","Beverages, Chips & Snacks","Chips & Snacks","Crackers","Mary's Gone Crackers","Mary's Gone Crackers Super Seed Classic","Mary's Gone Crackers Super Seed Classic","6.23","0.0","","6.5 oz","6.5 oz","bcs0301.jpg",,"6"
"5395","Beverages, Chips & Snacks","Chips & Snacks","Crackers","Ak-Mak","ak-mak Sesame Cracker Low Fat Organic Whole Wheat Flour","ak-mak Sesame Cracker Low Fat Organic Whole Wheat Flour","3.91","0.0","","4.15 oz","4.15 oz","bcs0302.jpg",,"6"
"5396","Beverages, Chips & Snacks","Chips & Snacks","Crackers","Back to Nature","Back to Nature Mini Chocolate Chunk Cookies","Back to Nature Mini Chocolate Chunk Cookies","5.47","0.0","","7.5 oz","7.5 oz","bcs0303.jpg",,"6"
"5397","Beverages, Chips & Snacks","Chips & Snacks","Crackers","Back to Nature","Back to Nature Honey Graham Sticks","Back to Nature Honey Graham Sticks","5.47","0.0","","8 oz","8 oz","bcs0304.jpg",,"6"
"5398","Beverages, Chips & Snacks","Chips & Snacks","Crackers","Back to Nature","Back to Nature Classic Creme Cookies","Back to Nature Classic Creme Cookies","6.23","0.0","","12 oz","12 oz","bcs0305.jpg",,"6"
"5399","Beverages, Chips & Snacks","Chips & Snacks","Crackers","Back to Nature","Back to Nature Fudge Mint Cookies","Back to Nature Fudge Mint Cookies","6.23","0.0","","6.4 oz","6.4 oz","bcs0306.jpg",,"6"
"5400","Beverages, Chips & Snacks","Chips & Snacks","Crackers","Back to Nature","Back to Nature Chocolate Chunk Cookies","Back to Nature Chocolate Chunk Cookies","6.23","0.0","","9.5 oz","9.5 oz","bcs0307.jpg",,"6"
"5401","Beverages, Chips & Snacks","Chips & Snacks","Crackers","Back to Nature","Back to Nature Crispy Wheat Crackers","Back to Nature Crispy Wheat Crackers","6.23","0.0","","8 oz","8 oz","bcs0308.jpg",,"6"
"5402","Beverages, Chips & Snacks","Chips & Snacks","Crackers","Back to Nature","Back to Nature Cheese Flavored Crackers","Back to Nature Cheese Flavored Crackers","6.23","0.0","","6 oz","6 oz","bcs0309.jpg",,"6"
"5403","Beverages, Chips & Snacks","Chips & Snacks","Crackers","Back to Nature","Back to Nature Classic Round Crackers","Back to Nature Classic Round Crackers","6.23","0.0","","8.5 oz","8.5 oz","bcs0310.jpg",,"6"
"5404","Beverages, Chips & Snacks","Chips & Snacks","Crackers","Back to Nature","Back to Nature Organic Rosemary & Olive Oil Stoneground Wheat Cracker","Back to Nature Organic Rosemary & Olive Oil Stoneground Wheat Cracker","6.23","0.0","","6 oz","6 oz","bcs0311.jpg",,"6"
"5405","Beverages, Chips & Snacks","Chips & Snacks","Crackers","Back to Nature","Back to Nature Organic Roasted Garlic & Herb Stoneground Wheat Cracker","Back to Nature Organic Roasted Garlic & Herb Stoneground Wheat Cracker","6.23","0.0","","6 oz","6 oz","bcs0312.jpg",,"6"
"5406","Beverages, Chips & Snacks","Chips & Snacks","Crackers","Back to Nature","Back to Nature Organic Stoneground Wheat Cracker","Back to Nature Organic Stoneground Wheat Cracker","6.23","0.0","","6 oz","6 oz","bcs0313.jpg",,"6"
"5407","Beverages, Chips & Snacks","Chips & Snacks","Crackers","Back to Nature","Back to Nature Harvest Whole Wheat Wheat Cracker","Back to Nature Harvest Whole Wheat Wheat Cracker","6.23","0.0","","8.5 oz","8.5 oz","bcs0314.jpg",,"6"
"5408","Beverages, Chips & Snacks","Chips & Snacks","Crackers","Blue Diamond","Blue Diamond Nut Thins Artisan Nut Thins Flax Seeds","Blue Diamond Nut Thins Artisan Nut Thins Flax Seeds","4.69","0.0","","4.25 oz","4.25 oz","bcs0315.jpg",,"6"
"5409","Beverages, Chips & Snacks","Chips & Snacks","Crackers","Blue Diamond","Blue Diamond Honey Nut Thins Honey Cinnamon","Blue Diamond Honey Nut Thins Honey Cinnamon","4.69","0.0","","4.25 oz","4.25 oz","bcs0316.jpg",,"6"
"5410","Beverages, Chips & Snacks","Chips & Snacks","Crackers","Stauffer's","Stauffer's Animal Cracker Original 6 Bags","Stauffer's Animal Cracker Original 6 Bags","3.13","0.0","","9 oz","9 oz","bcs0317.jpg",,"6"
"5411","Beverages, Chips & Snacks","Chips & Snacks","Cookies & Cakes","Pepperidge Farm","Pepperidge Farm Mini Chocolate Chunk Dark Chocolate Cookies","Pepperidge Farm Mini Chocolate Chunk Dark Chocolate Cookies","6.23","0.0","","15.75 oz","15.75 oz","bcs0318.jpg",,"6"
"5412","Beverages, Chips & Snacks","Chips & Snacks","Energy & Granola Bars","Nature's Bakery","Nature's Bakery Fig Bar Strawberry","Nature's Bakery Fig Bar Strawberry","9.36","0.0","","12 packs","12 packs","bcs0319.jpg",,"6"
"5413","Beverages, Chips & Snacks","Chips & Snacks","Energy & Granola Bars","Nature's Bakery","Nature's Bakery Fig Bar Raspberry","Nature's Bakery Fig Bar Raspberry","9.36","0.0","","12 packs","12 packs","bcs0320.jpg",,"6"
"5414","Beverages, Chips & Snacks","Chips & Snacks","Crackers","Nabisco","Nabisco Barnum's Animals Crackers","Nabisco Barnum's Animals Crackers","2.34","0.0","","2.13 oz","2.13 oz","bcs0321.jpg",,"6"
"5415","Beverages, Chips & Snacks","Chips & Snacks","Crackers","Cheez-It","Cheez-it Original","Cheez-it Original","1.56","0.0","","2.2 oz","2.2 oz","bcs0322.jpg",,"6"
"5416","Beverages, Chips & Snacks","Chips & Snacks","Crackers","Cheez-It","Cheez-it White Cheddar","Cheez-it White Cheddar","1.56","0.0","","2.2 oz","2.2 oz","bcs0323.jpg",,"6"
"5417","Beverages, Chips & Snacks","Chips & Snacks","Crackers","Nabisco","Golden Oreo Mini","Golden Oreo Mini","1.56","0.0","","3.5 oz","3.5 oz","bcs0324.jpg",,"6"
"5418","Beverages, Chips & Snacks","Chips & Snacks","Crackers","Nabisco","Oreo Mini Go Paks","Oreo Mini Go Paks","1.56","0.0","","3.5 oz","3.5 oz","bcs0325.jpg",,"6"
"5419","Beverages, Chips & Snacks","Chips & Snacks","Cookies & Cakes","Nabisco","Mini Chips Ahoy! Go Paks","Mini Chips Ahoy! Go Paks","1.56","0.0","","3.5 oz","3.5 oz","bcs0326.jpg",,"6"
"5420","Beverages, Chips & Snacks","Chips & Snacks","Cookies & Cakes","Nabisco","Nutter Butter Bites Peanut Butter","Nutter Butter Bites Peanut Butter","1.56","0.0","","3.5 oz","3.5 oz","bcs0327.jpg",,"6"
"5421","Beverages, Chips & Snacks","Chips & Snacks","Cookies & Cakes","Nabisco","Mini Nilla Wafers","Mini Nilla Wafers","1.56","0.0","","2.25 oz","2.25 oz","bcs0328.jpg",,"6"
"5422","Beverages, Chips & Snacks","Chips & Snacks","Cookies & Cakes","Keebler","Keebler Fudge Stripes Mini Original","Keebler Fudge Stripes Mini Original","1.56","0.0","","3 oz","3 oz","bcs0329.jpg",,"6"
"5423","Beverages, Chips & Snacks","Chips & Snacks","Candy & Chocolate","3 Musketeers","3 Musketeers Chocolate Fun Size Chocolate Bars Candy","3 Musketeers Chocolate Fun Size Chocolate Bars Candy","1.29","0.0","","2.93 oz","2.93 oz","14935.jpg",,"3"
"5424","Beverages, Chips & Snacks","Chips & Snacks","Candy & Chocolate","Airheads","Airheads Candy, Sweetly Sour, Rainbow Berry","Airheads Candy, Sweetly Sour, Rainbow Berry","1.49","0.0","","4.5 oz","4.5 oz","14938.jpg",,"3"
"5425","Beverages, Chips & Snacks","Chips & Snacks","Candy & Chocolate","Andes","Andes Creme De Menthe Thins","Andes Creme De Menthe Thins","2.49","0.0","","4.67 oz","4.67 oz","14945.jpg",,"3"
"5426","Beverages, Chips & Snacks","Chips & Snacks","Candy & Chocolate","Bobs","Bobs Candy Canes, Peppermint","Bobs Candy Canes, Peppermint","1.29","0.0","","6 oz","6 oz","14980.jpg",,"3"
"5427","Beverages, Chips & Snacks","Chips & Snacks","Candy & Chocolate","Brookside","Brookside Dark Chocolate Aai and Blueberry Flavors","Brookside Dark Chocolate Aai and Blueberry Flavors","3.69","0.0","","7 oz","7 oz","14931.jpg",,"3"
"5428","Beverages, Chips & Snacks","Chips & Snacks","Candy & Chocolate","Brookside","Brookside Dark Chocolate Pomegranate Flavor","Brookside Dark Chocolate Pomegranate Flavor","3.69","0.0","","7 oz","7 oz","14942.jpg",,"3"
"5429","Beverages, Chips & Snacks","Chips & Snacks","Candy & Chocolate","Cadbury","Cadbury Dairy Milk Chocolate Bar","Cadbury Dairy Milk Chocolate Bar","1.89","0.0","","3.5 oz","3.5 oz","1051.jpg",,"3"
"5430","Beverages, Chips & Snacks","Chips & Snacks","Candy & Chocolate","Cadbury","Cadbury Dairy Milk Fruit & Nut Milk Chocolate Bar","Cadbury Dairy Milk Fruit & Nut Milk Chocolate Bar","1.89","0.0","","3.5 oz","3.5 oz","1050.jpg",,"3"
"5431","Beverages, Chips & Snacks","Chips & Snacks","Candy & Chocolate","Champion","Charleston Chew Mini Vanilla Chewy Flavored Chocolate Nougats","Charleston Chew Mini Vanilla Chewy Flavored Chocolate Nougats","1.29","0.0","","4 oz","4 oz","14927.jpg",,"3"
"5432","Beverages, Chips & Snacks","Chips & Snacks","Candy & Chocolate","Divine","Divine Chocolate Bar 85% Dark Chocolate Exquisitely Rich","Divine Chocolate Bar 85% Dark Chocolate Exquisitely Rich","3.69","0.0","","3.5 oz","3.5 oz","14956.jpg",,"3"
"5433","Beverages, Chips & Snacks","Chips & Snacks","Candy & Chocolate","Dove","Dove Promises Silky Smooth Milk Chocolate","Dove Promises Silky Smooth Milk Chocolate","4.59","0.0","","8.87 oz","8.87 oz","14937.jpg",,"3"
"5434","Beverages, Chips & Snacks","Chips & Snacks","Candy & Chocolate","Dove","Dove Promises, Dark Chocolate Sea Salt Caramel","Dove Promises, Dark Chocolate Sea Salt Caramel","5.29","0.0","","7.9 oz","7.9 oz","17950.jpg",,"3"
"5435","Beverages, Chips & Snacks","Chips & Snacks","Candy & Chocolate","Dove","Mars Dove Promises, Holiday Gift Dark Chocolate Christmas Candy Bag","Mars Dove Promises, Holiday Gift Dark Chocolate Christmas Candy Bag","4.59","0.0","","8.87 oz","8.87 oz","14971.jpg",,"3"
"5436","Beverages, Chips & Snacks","Chips & Snacks","Candy & Chocolate","Drake's","Drake's Devil Dogs Creme Filled Devils Food Cakes","Drake's Devil Dogs Creme Filled Devils Food Cakes","6.09","0.0","","16 ct","16 ct","No Image.jpg",,"18"
"5437","Beverages, Chips & Snacks","Chips & Snacks","Candy & Chocolate","Drake's","Drake's Funny Bones","Drake's Funny Bones","3.69","0.0","","10 x 13.73 oz","10 x 13.73 oz","14941.jpg",,"18"
"5438","Beverages, Chips & Snacks","Chips & Snacks","Candy & Chocolate","Flipz","Flipz Milk Chocolate Covered Pretzels","Flipz Milk Chocolate Covered Pretzels","3.69","0.0","","5 oz","5 oz","14913.jpg",,"3"
"5439","Beverages, Chips & Snacks","Chips & Snacks","Candy & Chocolate","Ghirardelli Chocolate","Ghirardelli Chocolate 72% Cacao Twilight Delight Intense Dark Chocolate","Ghirardelli Chocolate 72% Cacao Twilight Delight Intense Dark Chocolate","3.69","0.0","","5.63 oz","5.63 oz","1041.jpg",,"3"
"5440","Beverages, Chips & Snacks","Chips & Snacks","Candy & Chocolate","Ghirardelli Chocolate","Ghirardelli Chocolate Chocolate Bar Dark Chocolate Sea Salt Caramel","Ghirardelli Chocolate Chocolate Bar Dark Chocolate Sea Salt Caramel","2.49","0.0","","3.5 oz","3.5 oz","1037.jpg",,"3"
"5441","Beverages, Chips & Snacks","Chips & Snacks","Candy & Chocolate","Ghirardelli Chocolate","Ghirardelli Chocolate Chocolate Intense Dark 72% Cacao Twilight Delight Bar","Ghirardelli Chocolate Chocolate Intense Dark 72% Cacao Twilight Delight Bar","2.49","0.0","","3.5 oz","3.5 oz","1038.jpg",,"3"
"5442","Beverages, Chips & Snacks","Chips & Snacks","Candy & Chocolate","Ghirardelli Chocolate","Ghirardelli Chocolate Chocolate Intense Dark Sea Salt Soiree Bar","Ghirardelli Chocolate Chocolate Intense Dark Sea Salt Soiree Bar","2.49","0.0","","3.5 oz","3.5 oz","1034.jpg",,"3"
"5443","Beverages, Chips & Snacks","Chips & Snacks","Candy & Chocolate","Ghirardelli Chocolate","Ghirardelli Chocolate Chocolate Squares Dark Chocolate Bourbon Caramel","Ghirardelli Chocolate Chocolate Squares Dark Chocolate Bourbon Caramel","4.29","0.0","","5.3 oz","5.3 oz","1040.jpg",,"3"
"5444","Beverages, Chips & Snacks","Chips & Snacks","Candy & Chocolate","Ghirardelli Chocolate","Ghirardelli Chocolate Intense Dark Chocolate Midnight Reverie","Ghirardelli Chocolate Intense Dark Chocolate Midnight Reverie","2.49","0.0","","3.17 fl oz","3.17 fl oz","1036.jpg",,"3"
"5445","Beverages, Chips & Snacks","Chips & Snacks","Candy & Chocolate","Ghirardelli Chocolate","Ghirardelli Chocolate Milk Chocolate Squares Caramel","Ghirardelli Chocolate Milk Chocolate Squares Caramel","3.69","0.0","","5.32 oz","5.32 oz","1035.jpg",,"3"
"5446","Beverages, Chips & Snacks","Chips & Snacks","Candy & Chocolate","Good & Plenty","Good & Plenty Licorice Candy","Good & Plenty Licorice Candy","1.29","0.0","","6 oz","6 oz","14947.jpg",,"3"
"5447","Beverages, Chips & Snacks","Chips & Snacks","Candy & Chocolate","Guittard","Guittard Choc au lait Chips","Guittard Choc au lait Chips","3.09","0.0","","12 oz","12 oz","14912.jpg",,"3"
"5448","Beverages, Chips & Snacks","Chips & Snacks","Candy & Chocolate","Haribo","Haribo Candy, Gummi, Goldbears, Box","Haribo Candy, Gummi, Goldbears, Box","1.29","0.0","","3.4 oz","3.4 oz","1062.jpg",,"3"
"5449","Beverages, Chips & Snacks","Chips & Snacks","Candy & Chocolate","Haribo","Haribo Gummi Candy Gold Bears","Haribo Gummi Candy Gold Bears","1.29","0.0","","5 oz","5 oz","1059.jpg",,"3"
"5450","Beverages, Chips & Snacks","Chips & Snacks","Candy & Chocolate","Haribo","Haribo Gummi Candy, Dinosaurs","Haribo Gummi Candy, Dinosaurs","1.29","0.0","","5 oz","5 oz","1060.jpg",,"3"
"5451","Beverages, Chips & Snacks","Chips & Snacks","Candy & Chocolate","Haribo","Haribo Starmix Gummi Candy","Haribo Starmix Gummi Candy","1.29","0.0","","5 oz","5 oz","1061.jpg",,"3"
"5452","Beverages, Chips & Snacks","Chips & Snacks","Candy & Chocolate","Hershey's","Hershey's Chocolate Mix, Assortment, Bag","Hershey's Chocolate Mix, Assortment, Bag","12.19","0.0","","40 Oz","40 Oz","983.jpg",,"3"
"5453","Beverages, Chips & Snacks","Chips & Snacks","Candy & Chocolate","Hershey's","Hershey's Extra Large Milk Chocolate Bar","Hershey's Extra Large Milk Chocolate Bar","1.89","0.0","","4.4 oz","4.4 oz","988.jpg",,"3"
"5454","Beverages, Chips & Snacks","Chips & Snacks","Candy & Chocolate","Hershey's","Hershey's Extra Large Milk Chocolate Bar with Almonds","Hershey's Extra Large Milk Chocolate Bar with Almonds","1.89","0.0","","4.25 oz","4.25 oz","992.jpg",,"3"
"5455","Beverages, Chips & Snacks","Chips & Snacks","Candy & Chocolate","Hershey's","Hershey's Kisses Milk Chocolate","Hershey's Kisses Milk Chocolate","3.69","0.0","","11 oz","11 oz","994.jpg",,"3"
"5456","Beverages, Chips & Snacks","Chips & Snacks","Candy & Chocolate","Hershey's","Hershey's Kisses Milk Chocolate","Hershey's Kisses Milk Chocolate","13.49","0.0","","36 oz","36 oz","1000.jpg",,"3"
"5457","Beverages, Chips & Snacks","Chips & Snacks","Candy & Chocolate","Hershey's","Hershey's Kisses Milk Chocolates","Hershey's Kisses Milk Chocolates","12.19","0.0","","40 Oz","40 Oz","987.jpg",,"3"
"5458","Beverages, Chips & Snacks","Chips & Snacks","Candy & Chocolate","Hershey's","Hershey's Milk Chocolate Bars","Hershey's Milk Chocolate Bars","4.29","0.0","","6 x 1.55 oz","6 x 1.55 oz","981.jpg",,"3"
"5459","Beverages, Chips & Snacks","Chips & Snacks","Candy & Chocolate","Hershey's","Hershey's Miniatures Assortment","Hershey's Miniatures Assortment","12.19","0.0","","40 Oz","40 Oz","989.jpg",,"3"
"5460","Beverages, Chips & Snacks","Chips & Snacks","Candy & Chocolate","Hershey's","Hershey's Miniatures Assortment","Hershey's Miniatures Assortment","3.69","0.0","","12 oz","12 oz","991.jpg",,"3"
"5461","Beverages, Chips & Snacks","Chips & Snacks","Candy & Chocolate","Hershey's","Hershey's Miniatures Valentines Assortment","Hershey's Miniatures Valentines Assortment","3.69","0.0","","11 oz","11 oz","998.jpg",,"3"
"5462","Beverages, Chips & Snacks","Chips & Snacks","Candy & Chocolate","Hershey's","Hershey's Nuggets Assortment Candy","Hershey's Nuggets Assortment Candy","12.48","0.0","","31.5 oz","31.5 oz","985.jpg",,"3"
"5463","Beverages, Chips & Snacks","Chips & Snacks","Candy & Chocolate","Hershey's","Hershey's Nuggets Milk Chocolate","Hershey's Nuggets Milk Chocolate","4.59","0.0","","10.8 oz","10.8 oz","986.jpg",,"3"
"5464","Beverages, Chips & Snacks","Chips & Snacks","Candy & Chocolate","Hershey's","Hershey's Nuggets Milk Chocolate","Hershey's Nuggets Milk Chocolate","3.69","0.0","","12 oz","12 oz","996.jpg",,"3"
"5465","Beverages, Chips & Snacks","Chips & Snacks","Candy & Chocolate","Hershey's","Hershey's Nuggets Milk Chocolate with Almonds","Hershey's Nuggets Milk Chocolate with Almonds","4.59","0.0","","10.56 oz","10.56 oz","984.jpg",,"3"
"5466","Beverages, Chips & Snacks","Chips & Snacks","Candy & Chocolate","Hershey's","Hershey's Nuggets Milk Chocolate with Almonds Candy","Hershey's Nuggets Milk Chocolate with Almonds Candy","3.69","0.0","","12 oz","12 oz","982.jpg",,"3"
"5467","Beverages, Chips & Snacks","Chips & Snacks","Candy & Chocolate","Hershey's","Hershey's Nuggets Special Dark Mildly Sweet Chocolate with Almonds","Hershey's Nuggets Special Dark Mildly Sweet Chocolate with Almonds","2.49","0.0","","10.56 oz","10.56 oz","993.jpg",,"3"
"5468","Beverages, Chips & Snacks","Chips & Snacks","Candy & Chocolate","Hershey's","Hershey's Nuggets Special Dark with Almonds Candy","Hershey's Nuggets Special Dark with Almonds Candy","3.69","0.0","","12 oz","12 oz","999.jpg",,"3"
"5469","Beverages, Chips & Snacks","Chips & Snacks","Candy & Chocolate","Hershey's","Hershey's Special Dark Mildly Sweet Chocolate Bar XL","Hershey's Special Dark Mildly Sweet Chocolate Bar XL","1.89","0.0","","4.25 oz","4.25 oz","990.jpg",,"3"
"5470","Beverages, Chips & Snacks","Chips & Snacks","Candy & Chocolate","Hershey's","Hershey's Sugar Free Special Dark Mildly Sweet Chocolate","Hershey's Sugar Free Special Dark Mildly Sweet Chocolate","2.49","0.0","","3 oz","3 oz","995.jpg",,"3"
"5471","Beverages, Chips & Snacks","Chips & Snacks","Candy & Chocolate","Hershey's","Reese's Hershey's Chocolate Mix Assortment, 26 Ounces","Reese's Hershey's Chocolate Mix Assortment, 26 Ounces","7.39","0.0","","26 oz","26 oz","1047.jpg",,"3"
"5472","Beverages, Chips & Snacks","Chips & Snacks","Candy & Chocolate","Hershey's","Symphony Creamy Milk Chocolate with Almonds & Toffee Chips","Symphony Creamy Milk Chocolate with Almonds & Toffee Chips","1.89","0.0","","4.25 oz","4.25 oz","14960.jpg",,"3"
"5473","Beverages, Chips & Snacks","Chips & Snacks","Candy & Chocolate","Hot Tamales","Hot Tamales Chewy Candies Fierce Cinnamon","Hot Tamales Chewy Candies Fierce Cinnamon","1.29","0.0","","5 oz","5 oz","14958.jpg",,"3"
"5474","Beverages, Chips & Snacks","Chips & Snacks","Candy & Chocolate","Joy","Almond Joy Snack Size Candy Bars","Almond Joy Snack Size Candy Bars","1.89","0.0","","8 x 0.6 oz","8 x 0.6 oz","14922.jpg",,"3"
"5475","Beverages, Chips & Snacks","Chips & Snacks","Candy & Chocolate","Joy","Kinder Joy Candy, Carton","Kinder Joy Candy, Carton","1.49","0.0","","7 oz","7 oz","14918.jpg",,"3"
"5476","Beverages, Chips & Snacks","Chips & Snacks","Candy & Chocolate","Kellogg's","Kellogg's Fiberplus Chewy Bar","Kellogg's Fiberplus Chewy Bar","3.09","0.0","","7 oz","7 oz","No Image.jpg",,"3"
"5477","Beverages, Chips & Snacks","Chips & Snacks","Candy & Chocolate","Kisses","Kisses Milk Chocolate","Kisses Milk Chocolate","3.69","0.0","","12 oz","12 oz","14923.jpg",,"3"
"5478","Beverages, Chips & Snacks","Chips & Snacks","Candy & Chocolate","Kisses","Kisses Special Dark Mildly Sweet Chocolate","Kisses Special Dark Mildly Sweet Chocolate","3.69","0.0","","12 oz","12 oz","14957.jpg",,"3"
"5479","Beverages, Chips & Snacks","Chips & Snacks","Candy & Chocolate","Kit Kat","Kit Kat King Size Wafer Bar","Kit Kat King Size Wafer Bar","1.59","0.0","","3 oz","3 oz","14940.jpg",,"3"
"5480","Beverages, Chips & Snacks","Chips & Snacks","Candy & Chocolate","Kit Kat","Kit Kat Minis","Kit Kat Minis","4.29","0.0","","8 oz","8 oz","14951.jpg",,"3"
"5481","Beverages, Chips & Snacks","Chips & Snacks","Candy & Chocolate","Kit Kat","Kit Kat Snack Size Crisp Wafer Bars","Kit Kat Snack Size Crisp Wafer Bars","3.69","0.0","","10.78 oz","10.78 oz","14976.jpg",,"3"
"5482","Beverages, Chips & Snacks","Chips & Snacks","Candy & Chocolate","Kit Kat","Kit Kat Snack Size Wafer Bars","Kit Kat Snack Size Wafer Bars","1.89","0.0","","3.92 oz","3.92 oz","14946.jpg",,"3"
"5483","Beverages, Chips & Snacks","Chips & Snacks","Candy & Chocolate","LifeSavers","LifeSavers 5 Flavors Gummies Candy","LifeSavers 5 Flavors Gummies Candy","2.19","0.0","","7 oz","7 oz","14934.jpg",,"3"
"5484","Beverages, Chips & Snacks","Chips & Snacks","Candy & Chocolate","LifeSavers","LifeSavers 5 Flavors Hard Candy","LifeSavers 5 Flavors Hard Candy","2.19","0.0","","6.25 oz","6.25 oz","14939.jpg",,"3"
"5485","Beverages, Chips & Snacks","Chips & Snacks","Candy & Chocolate","LifeSavers","LifeSavers 5 Flavors Sugarfree Hard Candy Bag","LifeSavers 5 Flavors Sugarfree Hard Candy Bag","1.89","0.0","","2.75 oz","2.75 oz","14928.jpg",,"3"
"5486","Beverages, Chips & Snacks","Chips & Snacks","Candy & Chocolate","LifeSavers","LifeSavers Wild Berries Gummies Candy","LifeSavers Wild Berries Gummies Candy","2.19","0.0","","7 oz","7 oz","17951.jpg",,"3"
"5487","Beverages, Chips & Snacks","Chips & Snacks","Candy & Chocolate","Lindt","Lindt Assorted Chocolate Truffles","Lindt Assorted Chocolate Truffles","12.48","0.0","","15.2 oz","15.2 oz","1032.jpg",,"3"
"5488","Beverages, Chips & Snacks","Chips & Snacks","Candy & Chocolate","Lindt","Lindt Classic Recipe Milk Chocolate","Lindt Classic Recipe Milk Chocolate","2.49","0.0","","4.4 oz","4.4 oz","1021.jpg",,"3"
"5489","Beverages, Chips & Snacks","Chips & Snacks","Candy & Chocolate","Lindt","Lindt Classic Recipe Milk Chocolate Hazelnut","Lindt Classic Recipe Milk Chocolate Hazelnut","2.49","0.0","","4.4 oz","4.4 oz","1027.jpg",,"3"
"5490","Beverages, Chips & Snacks","Chips & Snacks","Candy & Chocolate","Lindt","Lindt Classic Recipe White Chocolate","Lindt Classic Recipe White Chocolate","2.49","0.0","","4.4 oz","4.4 oz","1023.jpg",,"3"
"5491","Beverages, Chips & Snacks","Chips & Snacks","Candy & Chocolate","Lindt","Lindt Dark Chocolate A Touch of Sea Salt","Lindt Dark Chocolate A Touch of Sea Salt","2.49","0.0","","3.5 oz","3.5 oz","1020.jpg",,"3"
"5492","Beverages, Chips & Snacks","Chips & Snacks","Candy & Chocolate","Lindt","Lindt Excellence 85% Cocoa Extra Dark Chocolate","Lindt Excellence 85% Cocoa Extra Dark Chocolate","2.49","0.0","","3.5 oz","3.5 oz","1026.jpg",,"3"
"5493","Beverages, Chips & Snacks","Chips & Snacks","Candy & Chocolate","Lindt","Lindt Excellence Smooth Dark Chocolate 70% Cocoa","Lindt Excellence Smooth Dark Chocolate 70% Cocoa","2.69","0.0","","3.5 oz","3.5 oz","1024.jpg",,"3"
"5494","Beverages, Chips & Snacks","Chips & Snacks","Candy & Chocolate","Lindt","Lindt Lindor Caramel Milk Chocolate Truffles","Lindt Lindor Caramel Milk Chocolate Truffles","4.29","0.0","","5.1 oz","5.1 oz","1029.jpg",,"3"
"5495","Beverages, Chips & Snacks","Chips & Snacks","Candy & Chocolate","Lindt","Lindt Lindor Chocolate Truffles White","Lindt Lindor Chocolate Truffles White","3.69","0.0","","5.1 oz","5.1 oz","1019.jpg",,"3"
"5496","Beverages, Chips & Snacks","Chips & Snacks","Candy & Chocolate","Lindt","Lindt Lindor Dark Chocolate Truffles","Lindt Lindor Dark Chocolate Truffles","3.69","0.0","","5.1 oz","5.1 oz","1028.jpg",,"3"
"5497","Beverages, Chips & Snacks","Chips & Snacks","Candy & Chocolate","Lindt","Lindt Lindor Dark Chocolate Truffles","Lindt Lindor Dark Chocolate Truffles","7.39","0.0","","9.3 oz","9.3 oz","No Image.jpg",,"3"
"5498","Beverages, Chips & Snacks","Chips & Snacks","Candy & Chocolate","Lindt","Lindt Lindor Milk Chocolate Truffles","Lindt Lindor Milk Chocolate Truffles","6.09","0.0","","9.3 oz","9.3 oz","1030.jpg",,"3"
"5499","Beverages, Chips & Snacks","Chips & Snacks","Candy & Chocolate","Lindt","Lindt Lindor Milk Chocolate Truffles","Lindt Lindor Milk Chocolate Truffles","12.48","0.0","","15.2 oz","15.2 oz","1033.jpg",,"3"
"5500","Beverages, Chips & Snacks","Chips & Snacks","Candy & Chocolate","Lindt","Lindt Lindor Milk Chocolate Truffles","Lindt Lindor Milk Chocolate Truffles","6.09","0.0","","9.2 oz","9.2 oz","No Image.jpg",,"3"
"5501","Beverages, Chips & Snacks","Chips & Snacks","Candy & Chocolate","Lindt","Lindt Smooth Dark Chocolate 70% Cocoa","Lindt Smooth Dark Chocolate 70% Cocoa","3.69","0.0","","4.9 oz","4.9 oz","1025.jpg",,"3"
"5502","Beverages, Chips & Snacks","Chips & Snacks","Candy & Chocolate","Lindt","Lindt Truffles, Milk and White Milk Chocolate","Lindt Truffles, Milk and White Milk Chocolate","6.09","0.0","","7.2 oz","7.2 oz","1031.jpg",,"3"
"5503","Beverages, Chips & Snacks","Chips & Snacks","Candy & Chocolate","M&M","M&M Milk Chocolate Candies With Peanut","M&M Milk Chocolate Candies With Peanut","3.69","0.0","","14 oz","14 oz","No Image.jpg",,"3"
"5504","Beverages, Chips & Snacks","Chips & Snacks","Candy & Chocolate","M&M","M&m's Milk Chocolate Candy Party Size","M&m's Milk Chocolate Candy Party Size","9.79","0.0","","42 oz","42 oz","1001.jpg",,"3"
"5505","Beverages, Chips & Snacks","Chips & Snacks","Candy & Chocolate","M&M","M&m's Milk Chocolate Candy Sharing Size","M&m's Milk Chocolate Candy Sharing Size","1.69","0.0","","3.14 oz","3.14 oz","1004.jpg",,"3"
"5506","Beverages, Chips & Snacks","Chips & Snacks","Candy & Chocolate","M&M","M&m's Peanut Chocolate Candy","M&m's Peanut Chocolate Candy","3.69","0.0","","14 oz","14 oz","1006.jpg",,"3"
"5507","Beverages, Chips & Snacks","Chips & Snacks","Candy & Chocolate","M&M","M&m's Peanut Milk Chocolate Candy Party Size","M&m's Peanut Milk Chocolate Candy Party Size","10.99","0.0","","42 oz","42 oz","1010.jpg",,"3"
"5508","Beverages, Chips & Snacks","Chips & Snacks","Candy & Chocolate","M&M","M&m's Peanuts & Milk Chocolate Candies","M&m's Peanuts & Milk Chocolate Candies","0.99","0.0","","1.7 oz","1.7 oz","1003.jpg",,"3"
"5509","Beverages, Chips & Snacks","Chips & Snacks","Candy & Chocolate","M&M","Mars Christmas Peanut Butter M&Ms","Mars Christmas Peanut Butter M&Ms","4.89","0.0","","11.4 oz","11.4 oz","14977.jpg",,"3"
"5510","Beverages, Chips & Snacks","Chips & Snacks","Candy & Chocolate","M&M's","M&M's M & M's Chocolate Candies Fun Size Milk Chocolate 6 CT","M&M's M & M's Chocolate Candies Fun Size Milk Chocolate 6 CT","1.29","0.0","","6 x 0.53 oz","6 x 0.53 oz","1014.jpg",,"3"
"5511","Beverages, Chips & Snacks","Chips & Snacks","Candy & Chocolate","M&M's","M&M's M&M Peanut Chocolate Candies","M&M's M&M Peanut Chocolate Candies","3.69","0.0","","12.6 oz","12.6 oz","1017.jpg",,"3"
"5512","Beverages, Chips & Snacks","Chips & Snacks","Candy & Chocolate","M&M's","M&M's Medium Bag Peanut Butter Chocolate Candies","M&M's Medium Bag Peanut Butter Chocolate Candies","3.69","0.0","","11 oz","11 oz","1012.jpg",,"3"
"5513","Beverages, Chips & Snacks","Chips & Snacks","Candy & Chocolate","M&M's","M&M's Milk Chocolate","M&M's Milk Chocolate","3.69","0.0","","11.4 oz","11.4 oz","1008.jpg",,"3"
"5514","Beverages, Chips & Snacks","Chips & Snacks","Candy & Chocolate","M&M's","M&M's Milk Chocolate Candies","M&M's Milk Chocolate Candies","1.89","0.0","","3.4 oz","3.4 oz","1009.jpg",,"3"
"5515","Beverages, Chips & Snacks","Chips & Snacks","Candy & Chocolate","M&M's","M&M's Milk Chocolate Chocolate Candies Medium Bag","M&M's Milk Chocolate Chocolate Candies Medium Bag","3.69","0.0","","14 oz","14 oz","1002.jpg",,"3"
"5516","Beverages, Chips & Snacks","Chips & Snacks","Candy & Chocolate","M&M's","M&M's Peanut","M&M's Peanut","3.69","0.0","","12.6 oz","12.6 oz","1013.jpg",,"3"
"5517","Beverages, Chips & Snacks","Chips & Snacks","Candy & Chocolate","M&M's","M&M's Peanut","M&M's Peanut","3.69","0.0","","12.6 oz","12.6 oz","1016.jpg",,"3"
"5518","Beverages, Chips & Snacks","Chips & Snacks","Candy & Chocolate","M&M's","M&M's Peanut Butter","M&M's Peanut Butter","3.69","0.0","","11.4 oz","11.4 oz","1018.jpg",,"3"
"5519","Beverages, Chips & Snacks","Chips & Snacks","Candy & Chocolate","M&M's","M&M's Peanut Butter Milk Chocolate Candies","M&M's Peanut Butter Milk Chocolate Candies","3.69","0.0","","12.7 oz","12.7 oz","1011.jpg",,"3"
"5520","Beverages, Chips & Snacks","Chips & Snacks","Candy & Chocolate","Market Basket","Market Basket 70% Cacao Dark Chocolate Bar","Market Basket 70% Cacao Dark Chocolate Bar","1.49","0.0","","3.25 oz","3.25 oz","Market Basket.jpg",,"3"
"5521","Beverages, Chips & Snacks","Chips & Snacks","Candy & Chocolate","Market Basket","Market Basket Chocolate Raisins","Market Basket Chocolate Raisins","3.69","0.0","","12 oz","12 oz","Market Basket.jpg",,"3"
"5522","Beverages, Chips & Snacks","Chips & Snacks","Candy & Chocolate","Market Basket","Market Basket Dark Chocolate Bar","Market Basket Dark Chocolate Bar","0.69","0.0","","1.75 oz","1.75 oz","Market Basket.jpg",,"3"
"5523","Beverages, Chips & Snacks","Chips & Snacks","Candy & Chocolate","Market Basket","Market Basket Dark Chocolate Covered Almonds","Market Basket Dark Chocolate Covered Almonds","6.09","0.0","","12 oz","12 oz","Market Basket.jpg",,"3"
"5524","Beverages, Chips & Snacks","Chips & Snacks","Candy & Chocolate","Market Basket","Market Basket Dark Chocolate Raspberry Bar","Market Basket Dark Chocolate Raspberry Bar","0.69","0.0","","1.75 oz","1.75 oz","Market Basket.jpg",,"3"
"5525","Beverages, Chips & Snacks","Chips & Snacks","Candy & Chocolate","Market Basket","Market Basket Fruit Slices","Market Basket Fruit Slices","1.89","0.0","","16 oz","16 oz","Market Basket.jpg",,"3"
"5526","Beverages, Chips & Snacks","Chips & Snacks","Candy & Chocolate","Market Basket","Market Basket Gummy Bears","Market Basket Gummy Bears","3.09","0.0","","11.5 oz","11.5 oz","Market Basket.jpg",,"3"
"5527","Beverages, Chips & Snacks","Chips & Snacks","Candy & Chocolate","Market Basket","Market Basket Gummy Bears","Market Basket Gummy Bears","1.29","0.0","","6 oz","6 oz","Market Basket.jpg",,"3"
"5528","Beverages, Chips & Snacks","Chips & Snacks","Candy & Chocolate","Market Basket","Market Basket Gummy Worms","Market Basket Gummy Worms","1.29","0.0","","6 oz","6 oz","Market Basket.jpg",,"3"
"5529","Beverages, Chips & Snacks","Chips & Snacks","Candy & Chocolate","Market Basket","Market Basket Jelly Beans","Market Basket Jelly Beans","1.89","0.0","","13 oz","13 oz","Market Basket.jpg",,"3"
"5530","Beverages, Chips & Snacks","Chips & Snacks","Candy & Chocolate","Market Basket","Market Basket Licorice Bears","Market Basket Licorice Bears","1.29","0.0","","8 oz","8 oz","Market Basket.jpg",,"3"
"5531","Beverages, Chips & Snacks","Chips & Snacks","Candy & Chocolate","Market Basket","Market Basket Milk Chocolate Bar","Market Basket Milk Chocolate Bar","0.69","0.0","","1.75 oz","1.75 oz","Market Basket.jpg",,"3"
"5532","Beverages, Chips & Snacks","Chips & Snacks","Candy & Chocolate","Market Basket","Market Basket Milk Chocolate Caramel Bar","Market Basket Milk Chocolate Caramel Bar","0.69","0.0","","1.75 oz","1.75 oz","Market Basket.jpg",,"3"
"5533","Beverages, Chips & Snacks","Chips & Snacks","Candy & Chocolate","Market Basket","Market Basket Mini Marshmallows","Market Basket Mini Marshmallows","1.29","0.0","","10.5 oz","10.5 oz","Market Basket.jpg",,"3"
"5534","Beverages, Chips & Snacks","Chips & Snacks","Candy & Chocolate","Market Basket","Market Basket Peppermint Starlites","Market Basket Peppermint Starlites","1.89","0.0","","13 oz","13 oz","Market Basket.jpg",,"3"
"5535","Beverages, Chips & Snacks","Chips & Snacks","Candy & Chocolate","Market Basket","Market Basket Premium Choice Coffee Fudge","Market Basket Premium Choice Coffee Fudge","3.49","0.0","","1.5 qt","1.5 qt","Market Basket.jpg",,"3"
"5536","Beverages, Chips & Snacks","Chips & Snacks","Candy & Chocolate","Market Basket","Market Basket Premium Choice Ice Cream","Market Basket Premium Choice Ice Cream","3.49","0.0","","1.5 qt","1.5 qt","Market Basket.jpg",,"3"
"5537","Beverages, Chips & Snacks","Chips & Snacks","Candy & Chocolate","Market Basket","Market Basket Premium Dark Chocolate","Market Basket Premium Dark Chocolate","1.89","0.0","","1 ct","1 ct","Market Basket.jpg",,"3"
"5538","Beverages, Chips & Snacks","Chips & Snacks","Candy & Chocolate","Market Basket","Market Basket Premium Milk Chocolate","Market Basket Premium Milk Chocolate","2.09","0.0","","3.5 oz","3.5 oz","Market Basket.jpg",,"3"
"5539","Beverages, Chips & Snacks","Chips & Snacks","Candy & Chocolate","Market Basket","Market Basket Premium Milk Chocolate Sea Salt Caramel","Market Basket Premium Milk Chocolate Sea Salt Caramel","0.69","0.0","","1.75 oz","1.75 oz","Market Basket.jpg",,"3"
"5540","Beverages, Chips & Snacks","Chips & Snacks","Candy & Chocolate","Market Basket","Market Basket Premium Milk Chocolate Sea Salt Caramel Bar","Market Basket Premium Milk Chocolate Sea Salt Caramel Bar","1.49","0.0","","3.25 oz","3.25 oz","Market Basket.jpg",,"3"
"5541","Beverages, Chips & Snacks","Chips & Snacks","Candy & Chocolate","Market Basket","Market Basket Smarties","Market Basket Smarties","1.29","0.0","","5 oz","5 oz","Market Basket.jpg",,"3"
"5542","Beverages, Chips & Snacks","Chips & Snacks","Candy & Chocolate","Market Basket","Market Basket Sour Neon Crawlers","Market Basket Sour Neon Crawlers","1.29","0.0","","5.5 oz","5.5 oz","Market Basket.jpg",,"3"
"5543","Beverages, Chips & Snacks","Chips & Snacks","Candy & Chocolate","Market Basket","Market Basket Spearmint Leaves","Market Basket Spearmint Leaves","1.89","0.0","","13 oz","13 oz","Market Basket.jpg",,"3"
"5544","Beverages, Chips & Snacks","Chips & Snacks","Candy & Chocolate","Market Basket","Market Basket Spice Drops","Market Basket Spice Drops","1.89","0.0","","16 oz","16 oz","Market Basket.jpg",,"3"
"5545","Beverages, Chips & Snacks","Chips & Snacks","Candy & Chocolate","Market Basket","Market Basket Sugar Free Assorted Hard Candy","Market Basket Sugar Free Assorted Hard Candy","1.29","0.0","","3.25 oz","3.25 oz","Market Basket.jpg",,"3"
"5546","Beverages, Chips & Snacks","Chips & Snacks","Candy & Chocolate","Market Basket","Market Basket Sugar Free Butterscotch Candies","Market Basket Sugar Free Butterscotch Candies","1.29","0.0","","3.25 oz","3.25 oz","Market Basket.jpg",,"3"
"5547","Beverages, Chips & Snacks","Chips & Snacks","Candy & Chocolate","Market Basket","Market Basket Sugar Free Cinnamon Buttons","Market Basket Sugar Free Cinnamon Buttons","1.29","0.0","","3.25 oz","3.25 oz","Market Basket.jpg",,"3"
"5548","Beverages, Chips & Snacks","Chips & Snacks","Candy & Chocolate","Market Basket","Market Basket Sugar Free Mint Starlites","Market Basket Sugar Free Mint Starlites","1.29","0.0","","3.25 oz","3.25 oz","Market Basket.jpg",,"3"
"5549","Beverages, Chips & Snacks","Chips & Snacks","Candy & Chocolate","Market Basket","Market Basket Swedish Red Fish","Market Basket Swedish Red Fish","1.29","0.0","","5 oz","5 oz","Market Basket.jpg",,"3"
"5550","Beverages, Chips & Snacks","Chips & Snacks","Candy & Chocolate","Market Basket","Market Basket White Chocolate Morsels","Market Basket White Chocolate Morsels","2.79","0.0","","11 oz","11 oz","Market Basket.jpg",,"8"
"5551","Beverages, Chips & Snacks","Chips & Snacks","Candy & Chocolate","Mike and Ike","Mike and Ike Chewy Fruit Candies Original Fruits","Mike and Ike Chewy Fruit Candies Original Fruits","1.29","0.0","","5 oz","5 oz","14926.jpg",,"3"
"5552","Beverages, Chips & Snacks","Chips & Snacks","Candy & Chocolate","Milk Duds","Milk Duds Candy","Milk Duds Candy","1.29","0.0","","5 oz","5 oz","14944.jpg",,"3"
"5553","Beverages, Chips & Snacks","Chips & Snacks","Candy & Chocolate","Milky Way","Milky Way Fun Size Chocolate Snack Bars","Milky Way Fun Size Chocolate Snack Bars","4.59","0.0","","11.24 oz","11.24 oz","14924.jpg",,"3"
"5554","Beverages, Chips & Snacks","Chips & Snacks","Candy & Chocolate","Milky Way","Milky Way Us Milk Chocolate Fun Size Candy Bars","Milky Way Us Milk Chocolate Fun Size Candy Bars","1.29","0.0","","3.36 oz","3.36 oz","14932.jpg",,"3"
"5555","Beverages, Chips & Snacks","Chips & Snacks","Candy & Chocolate","Mounds","Mounds Snack Size Candy Bars","Mounds Snack Size Candy Bars","1.89","0.0","","8 x 0.6 oz","8 x 0.6 oz","14954.jpg",,"3"
"5556","Beverages, Chips & Snacks","Chips & Snacks","Candy & Chocolate","Nestle","After Eight Mint Chocolatey Thins","After Eight Mint Chocolatey Thins","3.09","0.0","","7.05 oz","7.05 oz","14979.jpg",,"3"
"5557","Beverages, Chips & Snacks","Chips & Snacks","Candy & Chocolate","Nips","Nips Hard Candy, Coffee","Nips Hard Candy, Coffee","1.49","0.0","","4 oz","4 oz","14962.jpg",,"3"
"5558","Beverages, Chips & Snacks","Chips & Snacks","Candy & Chocolate","Nips","Nips Smooth Peanut Butter Hard Candy","Nips Smooth Peanut Butter Hard Candy","1.49","0.0","","4 oz","4 oz","14917.jpg",,"3"
"5559","Beverages, Chips & Snacks","Chips & Snacks","Candy & Chocolate","Nutter Butter","Nutter Butter Peanut Butter Sandwich Cookies","Nutter Butter Peanut Butter Sandwich Cookies","3.69","0.0","","11.8 oz","11.8 oz","14952.jpg",,"6"
"5560","Beverages, Chips & Snacks","Chips & Snacks","Candy & Chocolate","Panda Soft","Panda Soft Licorice","Panda Soft Licorice","3.69","0.0","","7 oz","7 oz","14974.jpg",,"3"
"5561","Beverages, Chips & Snacks","Chips & Snacks","Candy & Chocolate","Reese's","Reese's Miniatures Milk Chocolate Peanut Butter Cups","Reese's Miniatures Milk Chocolate Peanut Butter Cups","3.69","0.0","","11 oz","11 oz","1045.jpg",,"3"
"5562","Beverages, Chips & Snacks","Chips & Snacks","Candy & Chocolate","Reese's","Reese's Miniatures Milk Chocolate Peanut Butter Cups","Reese's Miniatures Milk Chocolate Peanut Butter Cups","12.19","0.0","","36 oz","36 oz","1048.jpg",,"3"
"5563","Beverages, Chips & Snacks","Chips & Snacks","Candy & Chocolate","Reese's","Reese's Peanut Butter Cups Minis","Reese's Peanut Butter Cups Minis","3.69","0.0","","8 oz","8 oz","1043.jpg",,"3"
"5564","Beverages, Chips & Snacks","Chips & Snacks","Candy & Chocolate","Reese's","Reese's Peanut Butter Cups, Miniatures","Reese's Peanut Butter Cups, Miniatures","3.69","0.0","","12 oz","12 oz","No Image.jpg",,"3"
"5565","Beverages, Chips & Snacks","Chips & Snacks","Candy & Chocolate","Reese's","Reese's Pieces Candy","Reese's Pieces Candy","1.29","0.0","","4 oz","4 oz","1046.jpg",,"3"
"5566","Beverages, Chips & Snacks","Chips & Snacks","Candy & Chocolate","Reese's","Reese's Snack Size Peanut Butter Cups","Reese's Snack Size Peanut Butter Cups","3.69","0.0","","10.5 oz","10.5 oz","1042.jpg",,"3"
"5567","Beverages, Chips & Snacks","Chips & Snacks","Candy & Chocolate","Reese's","Reese's Snack Size Peanut Butter Cups","Reese's Snack Size Peanut Butter Cups","4.29","0.0","","4.4 oz","4.4 oz","1044.jpg",,"3"
"5568","Beverages, Chips & Snacks","Chips & Snacks","Candy & Chocolate","Reese's","Reese's Valentine's Peanut Butter Hearts","Reese's Valentine's Peanut Butter Hearts","3.69","0.0","","10 oz","10 oz","1049.jpg",,"3"
"5569","Beverages, Chips & Snacks","Chips & Snacks","Candy & Chocolate","Rolo","Rolo Chewy Caramel in Milk Chocolate Candy","Rolo Chewy Caramel in Milk Chocolate Candy","3.69","0.0","","12 oz","12 oz","1057.jpg",,"3"
"5570","Beverages, Chips & Snacks","Chips & Snacks","Candy & Chocolate","Rolo","Rolo Holiday Creamy Caramels Wrapped in Rich Chocolate Candy","Rolo Holiday Creamy Caramels Wrapped in Rich Chocolate Candy","12.19","0.0","","36 oz","36 oz","1058.jpg",,"3"
"5571","Beverages, Chips & Snacks","Chips & Snacks","Candy & Chocolate","Rolo","Rolo Unwrapped Mini Chewy Caramels In Milk Chocolate","Rolo Unwrapped Mini Chewy Caramels In Milk Chocolate","3.69","0.0","","9.8 oz","9.8 oz","No Image.jpg",,"3"
"5572","Beverages, Chips & Snacks","Chips & Snacks","Candy & Chocolate","Royal","Cadbury Royal Dark Chocolate Bar","Cadbury Royal Dark Chocolate Bar","1.89","0.0","","3.5 oz","3.5 oz","1052.jpg",,"3"
"5573","Beverages, Chips & Snacks","Chips & Snacks","Candy & Chocolate","Russell Stover","Russell Stover Sugar Free Chocolate Candy Coconut","Russell Stover Sugar Free Chocolate Candy Coconut","2.49","0.0","","3 oz","3 oz","14968.jpg",,"3"
"5574","Beverages, Chips & Snacks","Chips & Snacks","Candy & Chocolate","Russell Stover","Russell Stover Sugar Free Chocolate Candy Pecan Delight","Russell Stover Sugar Free Chocolate Candy Pecan Delight","2.49","0.0","","3 oz","3 oz","14966.jpg",,"3"
"5575","Beverages, Chips & Snacks","Chips & Snacks","Candy & Chocolate","Russell Stover","Russell Stover Werther's Original Chewy Caramels","Russell Stover Werther's Original Chewy Caramels","3.29","0.0","","5.5 oz","5.5 oz","14950.jpg",,"3"
"5576","Beverages, Chips & Snacks","Chips & Snacks","Candy & Chocolate","Skittles","Skittles Original Candy","Skittles Original Candy","3.29","0.0","","14 oz","14 oz","14967.jpg",,"3"
"5577","Beverages, Chips & Snacks","Chips & Snacks","Candy & Chocolate","Skittles","Skittles Original Candy Party Size","Skittles Original Candy Party Size","6.69","0.0","","41 oz","41 oz","14969.jpg",,"3"
"5578","Beverages, Chips & Snacks","Chips & Snacks","Candy & Chocolate","Snickers","Snickers Fun Size Chocolate Candy Bars","Snickers Fun Size Chocolate Candy Bars","3.09","0.0","","11.18 oz","11.18 oz","14919.jpg",,"3"
"5579","Beverages, Chips & Snacks","Chips & Snacks","Candy & Chocolate","Snickers","Snickers Milk Chocolate Fun Size Bars","Snickers Milk Chocolate Fun Size Bars","1.29","0.0","","3.4 oz","3.4 oz","14936.jpg",,"3"
"5580","Beverages, Chips & Snacks","Chips & Snacks","Candy & Chocolate","Snickers","Snickers Singles Size Chocolate Candy Bars","Snickers Singles Size Chocolate Candy Bars","0.99","0.0","","1.86 oz","1.86 oz","14948.jpg",,"3"
"5581","Beverages, Chips & Snacks","Chips & Snacks","Candy & Chocolate","Sour Patch Kids","Sour Patch Candy","Sour Patch Candy","1.29","0.0","","3.5 oz","3.5 oz","14965.jpg",,"3"
"5582","Beverages, Chips & Snacks","Chips & Snacks","Candy & Chocolate","Sour Patch Kids","Sour Patch Kids Soft & Chewy Candy","Sour Patch Kids Soft & Chewy Candy","2.11","0.0","","8 oz","8 oz","14973.jpg",,"3"
"5583","Beverages, Chips & Snacks","Chips & Snacks","Candy & Chocolate","Sour Patch Kids","Sour Patch Kids Soft & Chewy Candy","Sour Patch Kids Soft & Chewy Candy","7.48","0.0","","28 oz","28 oz","14975.jpg",,"3"
"5584","Beverages, Chips & Snacks","Chips & Snacks","Candy & Chocolate","Sour Patch Kids","Sour Patch Watermelon Soft & Chewy Candy","Sour Patch Watermelon Soft & Chewy Candy","1.29","0.0","","8 oz","8 oz","14943.jpg",,"3"
"5585","Beverages, Chips & Snacks","Chips & Snacks","Candy & Chocolate","Starburst","Starburst Original Fruit Chews Candy","Starburst Original Fruit Chews Candy","11.23","0.0","","51 oz","51 oz","14911.jpg",,"3"
"5586","Beverages, Chips & Snacks","Chips & Snacks","Candy & Chocolate","Starburst","Starburst Original Fruit Chews Candy","Starburst Original Fruit Chews Candy","3.75","0.0","","15.6 oz","15.6 oz","14970.jpg",,"3"
"5587","Beverages, Chips & Snacks","Chips & Snacks","Candy & Chocolate","Starburst","Starburst Original Fruit Chews Candy Single","Starburst Original Fruit Chews Candy Single","0.99","0.0","","2.07 oz","2.07 oz","14963.jpg",,"3"
"5588","Beverages, Chips & Snacks","Chips & Snacks","Candy & Chocolate","Storck","Riesen European Chocolate","Riesen European Chocolate","1.89","0.0","","5.5 oz","5.5 oz","14910.jpg",,"3"
"5589","Beverages, Chips & Snacks","Chips & Snacks","Candy & Chocolate","Store Brand","At Let Basket Hot Chocolate","At Let Basket Hot Chocolate","2.49","0.0","","10 oz","10 oz","Market Basket.jpg",,"8"
"5590","Beverages, Chips & Snacks","Chips & Snacks","Candy & Chocolate","Store Brand","Bunch of Candy Beets","Bunch of Candy Beets","3.09","0.0","","1 ct","1 ct","Market Basket.jpg",,"3"
"5591","Beverages, Chips & Snacks","Chips & Snacks","Candy & Chocolate","Store Brand","Dark Chocolate","Dark Chocolate","2.09","0.0","","3.5 oz","3.5 oz","Market Basket.jpg",,"3"
"5592","Beverages, Chips & Snacks","Chips & Snacks","Candy & Chocolate","Store Brand","Junior Mints Creamy Mints in Pure Chocolate","Junior Mints Creamy Mints in Pure Chocolate","1.29","0.0","","4 oz","4 oz","14920.jpg",,"3"
"5593","Beverages, Chips & Snacks","Chips & Snacks","Candy & Chocolate","Sun-Maid","Sun Maid Chocolate Yogurt Covered Raisins","Sun Maid Chocolate Yogurt Covered Raisins","3.09","0.0","","6 each","6 each","14915.jpg",,"3"
"5594","Beverages, Chips & Snacks","Chips & Snacks","Candy & Chocolate","Swedish Fish","Swedish Fish Candy","Swedish Fish Candy","2.09","0.0","","8 oz","8 oz","14933.jpg",,"3"
"5595","Beverages, Chips & Snacks","Chips & Snacks","Candy & Chocolate","Swedish Fish","Swedish Fish Soft & Chewy Candy","Swedish Fish Soft & Chewy Candy","1.29","0.0","","3.1 oz","3.1 oz","14949.jpg",,"3"
"5596","Beverages, Chips & Snacks","Chips & Snacks","Candy & Chocolate","Tootsie","Dots Assorted Fruit Flavored Gumdrops","Dots Assorted Fruit Flavored Gumdrops","1.29","0.0","","7.5 oz","7.5 oz","14916.jpg",,"3"
"5597","Beverages, Chips & Snacks","Chips & Snacks","Candy & Chocolate","Tootsie Roll","Tootsie Roll Pops Assorted Flavors","Tootsie Roll Pops Assorted Flavors","3.29","0.0","","10.125 oz","10.125 oz","14978.jpg",,"3"
"5598","Beverages, Chips & Snacks","Chips & Snacks","Candy & Chocolate","Trident","Trident Spearmint Sugar Free Gum","Trident Spearmint Sugar Free Gum","1.59","0.0","","0.95 oz","0.95 oz","14964.jpg",,"3"
"5599","Beverages, Chips & Snacks","Chips & Snacks","Candy & Chocolate","Twix","Twix Caramel Fun Size Chocolate Cookie Bar Candy","Twix Caramel Fun Size Chocolate Cookie Bar Candy","1.29","0.0","","3.28 oz","3.28 oz","14930.jpg",,"3"
"5600","Beverages, Chips & Snacks","Chips & Snacks","Candy & Chocolate","Twizzlers","Twizzlers Licorice Twists","Twizzlers Licorice Twists","2.49","0.0","","16 oz","16 oz","14955.jpg",,"3"
"5601","Beverages, Chips & Snacks","Chips & Snacks","Candy & Chocolate","Twizzlers","Twizzlers Strawberry Twists","Twizzlers Strawberry Twists","2.49","0.0","","16 oz","16 oz","14959.jpg",,"3"
"5602","Beverages, Chips & Snacks","Chips & Snacks","Candy & Chocolate","Werther's Original","Werther's Original Caramel Hard Candies","Werther's Original Caramel Hard Candies","2.49","0.0","","5.5 oz","5.5 oz","14909.jpg",,"3"
"5603","Beverages, Chips & Snacks","Chips & Snacks","Candy & Chocolate","Werther's Original","Werther's Original Hard Candies Creamy Caramel Filled","Werther's Original Hard Candies Creamy Caramel Filled","2.49","0.0","","5.5 oz","5.5 oz","14929.jpg",,"3"
"5604","Beverages, Chips & Snacks","Chips & Snacks","Candy & Chocolate","Whoopers","Whoppers Malted Milk Balls","Whoppers Malted Milk Balls","1.29","0.0","","5 oz","5 oz","14972.jpg",,"3"
"5605","Beverages, Chips & Snacks","Chips & Snacks","Candy & Chocolate","YoCrunch","YoCrunch Vanilla Lowfat Yogurt with Snickers Pieces","YoCrunch Vanilla Lowfat Yogurt with Snickers Pieces","2.49","0.0","","4 oz","4 oz","14921.jpg",,"1"
"5606","Beverages, Chips & Snacks","Chips & Snacks","Candy & Chocolate","York","York Happy Holidays Dark Chocolate Covered Peppermint Patties","York Happy Holidays Dark Chocolate Covered Peppermint Patties","3.69","0.0","","11 oz","11 oz","1053.jpg",,"3"
"5607","Beverages, Chips & Snacks","Chips & Snacks","Candy & Chocolate","York","York Minis Peppermint Patties","York Minis Peppermint Patties","4.29","0.0","","8 oz","8 oz","1055.jpg",,"3"
"5608","Beverages, Chips & Snacks","Chips & Snacks","Candy & Chocolate","York","York Peppermint Patties","York Peppermint Patties","4.59","0.0","","1 lb","1 lb","1054.jpg",,"3"
"5609","Beverages, Chips & Snacks","Chips & Snacks","Fruit & Vegetable Snacks","Betty Crocker","Betty Crocker Despicable Me Fruit Flavored Snacks","Betty Crocker Despicable Me Fruit Flavored Snacks","2.49","0.0","","10 x 0.8 oz","10 x 0.8 oz","1527.jpg",,"20"
"5610","Beverages, Chips & Snacks","Chips & Snacks","Fruit & Vegetable Snacks","Betty Crocker","Betty Crocker Fruit Gushers Sour Triple Berry Shock Fruit Flavored Snacks","Betty Crocker Fruit Gushers Sour Triple Berry Shock Fruit Flavored Snacks","2.49","0.0","","6 x 0.9 oz","6 x 0.9 oz","1526.jpg",,"N/A"
"5611","Beverages, Chips & Snacks","Chips & Snacks","Fruit & Vegetable Snacks","Betty Crocker","Betty Crocker Fruit Snacks, Gushers, Variety Snack Pack","Betty Crocker Fruit Snacks, Gushers, Variety Snack Pack","2.09","0.0","","6 x 0.9 oz","6 x 0.9 oz","1524.jpg",,"N/A"
"5612","Beverages, Chips & Snacks","Chips & Snacks","Fruit & Vegetable Snacks","Betty Crocker","Betty Crocker Gushers Fruit Flavored Snacks Strawberry Splash and Tropical Flavors Variety Pack","Betty Crocker Gushers Fruit Flavored Snacks Strawberry Splash and Tropical Flavors Variety Pack","1.89","0.0","","6 x 0.9 oz","6 x 0.9 oz","1523.jpg",,"N/A"
"5613","Beverages, Chips & Snacks","Chips & Snacks","Fruit & Vegetable Snacks","Betty Crocker","Betty Crocker Gushers Mouth Mixers Punch Berry","Betty Crocker Gushers Mouth Mixers Punch Berry","2.49","0.0","","6 x 0.9 oz","6 x 0.9 oz","1525.jpg",,"N/A"
"5614","Beverages, Chips & Snacks","Chips & Snacks","Fruit & Vegetable Snacks","Betty Crocker","Fruit by the Foot Betty Crocker Fruit Snacks, Flavor Mixers","Fruit by the Foot Betty Crocker Fruit Snacks, Flavor Mixers","2.49","0.0","","6 x 0.75 oz","6 x 0.75 oz","1536.jpg",,"N/A"
"5615","Beverages, Chips & Snacks","Chips & Snacks","Fruit & Vegetable Snacks","Betty Crocker","Fruit Roll Ups Betty Crocker Fruit Snacks, , Strawberry Sensation","Fruit Roll Ups Betty Crocker Fruit Snacks, , Strawberry Sensation","2.49","0.0","","10 x 0.5 oz","10 x 0.5 oz","1531.jpg",,"N/A"
"5616","Beverages, Chips & Snacks","Chips & Snacks","Fruit & Vegetable Snacks","Betty Crocker","Fruit Roll Ups Betty Crocker Fruit Snacks, , Variety Snack Pack","Fruit Roll Ups Betty Crocker Fruit Snacks, , Variety Snack Pack","3.09","0.0","","10 x 0.5 oz","10 x 0.5 oz","1532.jpg",,"N/A"
"5617","Beverages, Chips & Snacks","Chips & Snacks","Fruit & Vegetable Snacks","Calavo","Calavo Single Serve Guacamole","Calavo Single Serve Guacamole","4.89","0.0","","6 ct","6 ct","No Image.jpg",,"N/A"
"5618","Beverages, Chips & Snacks","Chips & Snacks","Fruit & Vegetable Snacks","French's","French's Caramelized Crispy Fried Onions","French's Caramelized Crispy Fried Onions","3.69","0.0","","6 oz","6 oz","1535.jpg",,"1"
"5619","Beverages, Chips & Snacks","Chips & Snacks","Fruit & Vegetable Snacks","Good Health","Good Health Veggie Chips Sea Salt","Good Health Veggie Chips Sea Salt","3.69","0.0","","6.75 oz","6.75 oz","15343.jpg",,"0"
"5620","Beverages, Chips & Snacks","Chips & Snacks","Fruit & Vegetable Snacks","Happy Kid","Twist Organic Organic Apple, Kale & Mango Blended Fruit & Veggie Snack","Twist Organic Organic Apple, Kale & Mango Blended Fruit & Veggie Snack","4.89","0.0","","1 ct","1 ct","No Image.jpg",,"N/A"
"5621","Beverages, Chips & Snacks","Chips & Snacks","Fruit & Vegetable Snacks","HappyKid","Happy Squeeze Organic Twist Apple, Beet, Strawberry & Kiwi Blended Fruit & Veggie Snack Pouch","Happy Squeeze Organic Twist Apple, Beet, Strawberry & Kiwi Blended Fruit & Veggie Snack Pouch","4.89","0.0","","4 x 3.17 oz","4 x 3.17 oz","15341.jpg",,"N/A"
"5622","Beverages, Chips & Snacks","Chips & Snacks","Fruit & Vegetable Snacks","Harvest Snaps","Harvest Snaps Black Pepper Snapea Crisps","Harvest Snaps Black Pepper Snapea Crisps","1.89","0.0","","3.3 oz","3.3 oz","14882.jpg",,"20"
"5623","Beverages, Chips & Snacks","Chips & Snacks","Fruit & Vegetable Snacks","Kellogg's","Kellogg's Justice League Assorted Fruit Flavored Snacks Original","Kellogg's Justice League Assorted Fruit Flavored Snacks Original","2.49","0.0","","10 x 0.8 oz","10 x 0.8 oz","15345.jpg",,"N/A"
"5624","Beverages, Chips & Snacks","Chips & Snacks","Fruit & Vegetable Snacks","Market Basket","Market Basket Premium Original English Muffins","Market Basket Premium Original English Muffins","1.89","0.0","","18 oz","18 oz","Market Basket.jpg",,"18"
"5625","Beverages, Chips & Snacks","Chips & Snacks","Fruit & Vegetable Snacks","Mott's","Mott's Assorted Fruit Flavored Snacks","Mott's Assorted Fruit Flavored Snacks","2.49","0.0","","10 x 0.8 oz","10 x 0.8 oz","1530.jpg",,"20"
"5626","Beverages, Chips & Snacks","Chips & Snacks","Fruit & Vegetable Snacks","Mott's","Mott's Mango Peach Applesauce","Mott's Mango Peach Applesauce","3.09","0.0","","4 x 3.2 oz","4 x 3.2 oz","1529.jpg",,"3"
"5627","Beverages, Chips & Snacks","Chips & Snacks","Fruit & Vegetable Snacks","Pacific","Pacific Celery Sticks","Pacific Celery Sticks","2.49","0.0","","1 lb","1 lb","No Image.jpg",,"N/A"
"5628","Beverages, Chips & Snacks","Chips & Snacks","Fruit & Vegetable Snacks","Peeled Snacks","Peeled Mango, Gently Dried, Much Ado About Mango","Peeled Mango, Gently Dried, Much Ado About Mango","4.29","0.0","","2.8 oz","2.8 oz","15344.jpg",,"N/A"
"5629","Beverages, Chips & Snacks","Chips & Snacks","Fruit & Vegetable Snacks","Sensible Portions","Sensible Portions Garden Veggie Straws Vegetable And Potato Snack Zesty Ranch","Sensible Portions Garden Veggie Straws Vegetable And Potato Snack Zesty Ranch","3.69","0.0","","5 oz","5 oz","15342.jpg",,"0"
"5630","Beverages, Chips & Snacks","Chips & Snacks","Fruit & Vegetable Snacks","Welch's","Welch's Fruit Snacks Concord Grape Welch's Concord Grape Fruit Snacks","Welch's Fruit Snacks Concord Grape Welch's Concord Grape Fruit Snacks","2.49","0.0","","10 x 0.9 oz","10 x 0.9 oz","1534.jpg",,"20"
"5631","Beverages, Chips & Snacks","Chips & Snacks","Fruit & Vegetable Snacks","Welch's","Welch's Island Fruits Fruit Snacks","Welch's Island Fruits Fruit Snacks","2.49","0.0","","10 x 0.9 oz","10 x 0.9 oz","1521.jpg",,"N/A"
"5632","Beverages, Chips & Snacks","Chips & Snacks","Fruit & Vegetable Snacks","Welch's","Welch's Mixed Fruit Fruit Snacks","Welch's Mixed Fruit Fruit Snacks","2.09","0.0","","10 x 0.9 oz","10 x 0.9 oz","1518.jpg",,"20"
"5633","Beverages, Chips & Snacks","Chips & Snacks","Fruit & Vegetable Snacks","Welch's","Welch's Strawberry Fruit Snacks","Welch's Strawberry Fruit Snacks","2.49","0.0","","10 x 0.9 oz","10 x 0.9 oz","15340.jpg",,"20"
"5634","Beverages, Chips & Snacks","Chips & Snacks","Fruit & Vegetable Snacks","Welch's","Welch's Tangy Fruit Snacks","Welch's Tangy Fruit Snacks","4.09","0.0","","10 x 0.9 oz","10 x 0.9 oz","1522.jpg",,"20"
"5635","Beverages, Chips & Snacks","Chips & Snacks","Fruit & Vegetable Snacks","Welch's","Welch's Welch's Fruit Snacks Berries 'N Cherries Box","Welch's Welch's Fruit Snacks Berries 'N Cherries Box","2.49","0.0","","9 oz","9 oz","1520.jpg",,"20"
"5636","Beverages, Chips & Snacks","Chips & Snacks","Mint & Gum","Altoids","Altoids Classic Peppermint Breath Mints","Altoids Classic Peppermint Breath Mints","2.09","0.0","","1.76 oz","1.76 oz","1517.jpg",,"N/A"
"5637","Beverages, Chips & Snacks","Chips & Snacks","Mint & Gum","Dentyne","Dentyne Ice Pepermint Sugar Free Gum","Dentyne Ice Pepermint Sugar Free Gum","1.29","0.0","","16 ct","16 ct","1514.jpg",,"N/A"
"5638","Beverages, Chips & Snacks","Chips & Snacks","Mint & Gum","Dentyne","Dentyne Ice Peppermint Sugar Free Gum","Dentyne Ice Peppermint Sugar Free Gum","2.49","0.0","","2.43 oz","2.43 oz","1513.jpg",,"N/A"
"5639","Beverages, Chips & Snacks","Chips & Snacks","Mint & Gum","Eclipse","Eclipse Polar Ice Sugarfree Gum","Eclipse Polar Ice Sugarfree Gum","3.09","0.0","","3 x ct","3 x ct","1507.jpg",,"N/A"
"5640","Beverages, Chips & Snacks","Chips & Snacks","Mint & Gum","Eclipse","Eclipse Spearmint Sugarfree Gum multi total","Eclipse Spearmint Sugarfree Gum multi total","3.09","0.0","","3 x ct","3 x ct","1509.jpg",,"N/A"
"5641","Beverages, Chips & Snacks","Chips & Snacks","Mint & Gum","Eclipse","Eclipse Spearmint Sugarfree Gum piece bottle","Eclipse Spearmint Sugarfree Gum piece bottle","3.69","0.0","","60 ct","60 ct","1506.jpg",,"N/A"
"5642","Beverages, Chips & Snacks","Chips & Snacks","Mint & Gum","Eclipse","Eclipse Winterfrost Sugarfree Gum","Eclipse Winterfrost Sugarfree Gum","3.09","0.0","","3 x 54 ct","3 x 54 ct","1508.jpg",,"3"
"5643","Beverages, Chips & Snacks","Chips & Snacks","Mint & Gum","Extra","Extra Classic Bubble Sugarfree Gum","Extra Classic Bubble Sugarfree Gum","3.09","0.0","","3 x 15 ct","3 x 15 ct","1499.jpg",,"N/A"
"5644","Beverages, Chips & Snacks","Chips & Snacks","Mint & Gum","Extra","Extra Peppermint Sugarfree Gum multi total","Extra Peppermint Sugarfree Gum multi total","3.49","0.0","","3 ct","3 ct","1495.jpg",,"3"
"5645","Beverages, Chips & Snacks","Chips & Snacks","Mint & Gum","Extra","Extra Polar Ice Sugarfree Gum multi total","Extra Polar Ice Sugarfree Gum multi total","3.09","0.0","","3 x 15 ct","3 x 15 ct","1498.jpg",,"3"
"5646","Beverages, Chips & Snacks","Chips & Snacks","Mint & Gum","Extra","Extra Smooth Mint Sugarfree Gum","Extra Smooth Mint Sugarfree Gum","3.09","0.0","","3 ct","3 ct","1500.jpg",,"N/A"
"5647","Beverages, Chips & Snacks","Chips & Snacks","Mint & Gum","Extra","Extra Spearmint Sugarfree Gum multi total","Extra Spearmint Sugarfree Gum multi total","3.09","0.0","","3 x 15 ct","3 x 15 ct","1497.jpg",,"3"
"5648","Beverages, Chips & Snacks","Chips & Snacks","Mint & Gum","Extra","Extra Sweet Watermelon Sugarfree Gum","Extra Sweet Watermelon Sugarfree Gum","3.09","0.0","","3 ct","3 ct","1496.jpg",,"3"
"5649","Beverages, Chips & Snacks","Chips & Snacks","Mint & Gum","Mentos","Mentos Pure Fresh Sugarfree Gum Spearmint","Mentos Pure Fresh Sugarfree Gum Spearmint","4.29","0.0","","50 ct","50 ct","15339.jpg",,"N/A"
"5650","Beverages, Chips & Snacks","Chips & Snacks","Mint & Gum","Gum","5 Gum Peppermint Cobalt Sugarfree Gum s","5 Gum Peppermint Cobalt Sugarfree Gum s","3.69","0.0","","3 ct","3 ct","1512.jpg",,"3"
"5651","Beverages, Chips & Snacks","Chips & Snacks","Mint & Gum","Gum","5 Gum Spearmint Rain Sugarfree Gum","5 Gum Spearmint Rain Sugarfree Gum","3.99","0.0","","3 ct","3 ct","1510.jpg",,"3"
"5652","Beverages, Chips & Snacks","Chips & Snacks","Mint & Gum","Gum","5 Gum Wintermint Ascent Sugarfree Gum multi total","5 Gum Wintermint Ascent Sugarfree Gum multi total","3.69","0.0","","3 ct","3 ct","1511.jpg",,"3"
"5653","Beverages, Chips & Snacks","Chips & Snacks","Mint & Gum","Gum","Doublemint Chewing Gum Multi Total Pack","Doublemint Chewing Gum Multi Total Pack","3.09","0.0","","3 ct","3 ct","15338.jpg",,"N/A"
"5654","Beverages, Chips & Snacks","Chips & Snacks","Mint & Gum","Gum","Juicy Fruit Original Bubble Gum multi","Juicy Fruit Original Bubble Gum multi","3.09","0.0","","15 ct","15 ct","15337.jpg",,"3"
"5655","Beverages, Chips & Snacks","Chips & Snacks","Mint & Gum","LifeSavers","LifeSavers Mints Spear O Mint","LifeSavers Mints Spear O Mint","2.19","0.0","","6.25 oz","6.25 oz","1504.jpg",,"N/A"
"5656","Beverages, Chips & Snacks","Chips & Snacks","Mint & Gum","LifeSavers","LifeSavers Mints WintOGreen Hard Candy Party Size","LifeSavers Mints WintOGreen Hard Candy Party Size","6.09","0.0","","41 oz","41 oz","1505.jpg",,"N/A"
"5657","Beverages, Chips & Snacks","Chips & Snacks","Mint & Gum","LifeSavers","LifeSavers Pep O Mint Candy Mints","LifeSavers Pep O Mint Candy Mints","3.09","0.0","","6.25 oz","6.25 oz","1502.jpg",,"3"
"5658","Beverages, Chips & Snacks","Chips & Snacks","Mint & Gum","LifeSavers","LifeSavers Wint O Green Sugarfree Mints Candy","LifeSavers Wint O Green Sugarfree Mints Candy","2.19","0.0","","2.75 oz","2.75 oz","1503.jpg",,"N/A"
"5659","Beverages, Chips & Snacks","Chips & Snacks","Mint & Gum","LifeSavers","LifeSavers Wintogreen","LifeSavers Wintogreen","2.19","0.0","","6.25 oz","6.25 oz","1501.jpg",,"3"
"5660","Beverages, Chips & Snacks","Chips & Snacks","Mint & Gum","Orbit","Orbit Bubblemint Sugarfree Gum multi total","Orbit Bubblemint Sugarfree Gum multi total","2.49","0.0","","42 ct","42 ct","1488.jpg",,"3"
"5661","Beverages, Chips & Snacks","Chips & Snacks","Mint & Gum","Orbit","Orbit Peppermint Sugarfree Gum multi total","Orbit Peppermint Sugarfree Gum multi total","2.49","0.0","","3 ct","3 ct","1490.jpg",,"N/A"
"5662","Beverages, Chips & Snacks","Chips & Snacks","Mint & Gum","Orbit","Orbit Spearmint Sugarfree Gum multi total","Orbit Spearmint Sugarfree Gum multi total","3.09","0.0","","42 ct","42 ct","1489.jpg",,"3"
"5663","Beverages, Chips & Snacks","Chips & Snacks","Mint & Gum","Orbit","Orbit Sugarfree Gum Cinnamon","Orbit Sugarfree Gum Cinnamon","2.49","0.0","","42 ct","42 ct","1486.jpg",,"N/A"
"5664","Beverages, Chips & Snacks","Chips & Snacks","Mint & Gum","Orbit","Orbit Sweet Mint Sugarfree Gum multi total","Orbit Sweet Mint Sugarfree Gum multi total","2.49","0.0","","42 ct","42 ct","1487.jpg",,"N/A"
"5665","Beverages, Chips & Snacks","Chips & Snacks","Mint & Gum","Orbit","Orbit White Spearmint Sugarfree Gum","Orbit White Spearmint Sugarfree Gum","3.09","0.0","","3 ct","3 ct","1494.jpg",,"N/A"
"5666","Beverages, Chips & Snacks","Chips & Snacks","Mint & Gum","Orbit","Orbit Wintermint Sugarfree Gum multi total","Orbit Wintermint Sugarfree Gum multi total","3.69","0.0","","3 x 42 ct","3 x 42 ct","1492.jpg",,"N/A"
"5667","Beverages, Chips & Snacks","Chips & Snacks","Mint & Gum","Orbit","Orbit Wintermint Sugarfree Gum single","Orbit Wintermint Sugarfree Gum single","1.29","0.0","","14 ct","14 ct","1491.jpg",,"N/A"
"5668","Beverages, Chips & Snacks","Chips & Snacks","Mint & Gum","Orbit","Orbit Wrigley's Orbit Sugarfree Gum Spearmint 55 CT","Orbit Wrigley's Orbit Sugarfree Gum Spearmint 55 CT","3.69","0.0","","55 ct","55 ct","1493.jpg",,"N/A"
"5669","Beverages, Chips & Snacks","Chips & Snacks","Mint & Gum","Tic Tac","Tic Tac Mints Freshmints","Tic Tac Mints Freshmints","1.29","0.0","","5.28 oz","5.28 oz","1516.jpg",,"N/A"
"5670","Beverages, Chips & Snacks","Chips & Snacks","Mint & Gum","Tic Tac","Tic Tac Mints Wintergreen","Tic Tac Mints Wintergreen","1.29","0.0","","1 oz","1 oz","1515.jpg",,"N/A"
"5671","Beverages, Chips & Snacks","Chips & Snacks","Mint & Gum","Trident","Trident Bubblegum Sugarfree Gum","Trident Bubblegum Sugarfree Gum","2.49","0.0","","3 ct","3 ct","1483.jpg",,"N/A"
"5672","Beverages, Chips & Snacks","Chips & Snacks","Mint & Gum","Trident","Trident Cinnamon Sugar Free Gum","Trident Cinnamon Sugar Free Gum","3.09","0.0","","54 ct","54 ct","1476.jpg",,"3"
"5673","Beverages, Chips & Snacks","Chips & Snacks","Mint & Gum","Trident","Trident Original Flavor Sugar Free Gum","Trident Original Flavor Sugar Free Gum","3.12","0.0","","3 ct","3 ct","1477.jpg",,"N/A"
"5674","Beverages, Chips & Snacks","Chips & Snacks","Mint & Gum","Trident","Trident Original Sugar Free Gum","Trident Original Sugar Free Gum","1.29","0.0","","14 ct","14 ct","1485.jpg",,"N/A"
"5675","Beverages, Chips & Snacks","Chips & Snacks","Mint & Gum","Trident","Trident Spearmint Sugar Free Gum","Trident Spearmint Sugar Free Gum","3.12","0.0","","3 ct","3 ct","1478.jpg",,"3"
"5676","Beverages, Chips & Snacks","Chips & Snacks","Mint & Gum","Trident","Trident Sugar Free Gum Perfect Peppermint Flavored","Trident Sugar Free Gum Perfect Peppermint Flavored","3.09","0.0","","3 x ct","3 x ct","1482.jpg",,"N/A"
"5677","Beverages, Chips & Snacks","Chips & Snacks","Mint & Gum","Trident","Trident Tropical Twist Sugar Free Gum with Xylitol","Trident Tropical Twist Sugar Free Gum with Xylitol","2.49","0.0","","3 x 18 ct","3 x 18 ct","1479.jpg",,"3"
"5678","Beverages, Chips & Snacks","Chips & Snacks","Mint & Gum","Trident","Trident Watermelon Twist Sugar Free Gum with Xylitol","Trident Watermelon Twist Sugar Free Gum with Xylitol","2.49","0.0","","3 x 18 ct","3 x 18 ct","1484.jpg",,"3"
"5679","Beverages, Chips & Snacks","Chips & Snacks","Mint & Gum","Trident","Trident White Sugar Free Gum, Peppermint Flavor","Trident White Sugar Free Gum, Peppermint Flavor","3.12","0.0","","3 ct","3 ct","1481.jpg",,"N/A"
"5680","Beverages, Chips & Snacks","Chips & Snacks","Mint & Gum","Trident","Trident White Sugar Free Gum, Spearmint Flavor","Trident White Sugar Free Gum, Spearmint Flavor","3.12","0.0","","2.35 oz","2.35 oz","1480.jpg",,"3"
"5681","Beverages, Chips & Snacks","Chips & Snacks","Trail Mix & Snack Mix","Chex Mix","Chex Mix Cheddar Savory Snack Mix","Chex Mix Cheddar Savory Snack Mix","3.09","0.0","","15 oz","15 oz","1472.jpg",,"0"
"5682","Beverages, Chips & Snacks","Chips & Snacks","Trail Mix & Snack Mix","Chex Mix","Chex Mix Savory Bold Party Blend Snack Mix","Chex Mix Savory Bold Party Blend Snack Mix","3.09","0.0","","8.75 oz","8.75 oz","1473.jpg",,"0"
"5683","Beverages, Chips & Snacks","Chips & Snacks","Trail Mix & Snack Mix","Lay's","Frito Lay's Doritos Cheetos Mix Snacks","Frito Lay's Doritos Cheetos Mix Snacks","7.39","0.0","","18 x 1 oz","18 x 1 oz","17955.jpg",,"0"
"5684","Beverages, Chips & Snacks","Chips & Snacks","Trail Mix & Snack Mix","Market Basket","Market Basket California Trail Mix","Market Basket California Trail Mix","4.09","0.0","","12 oz","12 oz","Market Basket.jpg",,"N/A"
"5685","Beverages, Chips & Snacks","Chips & Snacks","Trail Mix & Snack Mix","Market Basket","Market Basket Cape Cod Cranberry Trail Mix","Market Basket Cape Cod Cranberry Trail Mix","4.09","0.0","","10 oz","10 oz","Market Basket.jpg",,"N/A"
"5686","Beverages, Chips & Snacks","Chips & Snacks","Trail Mix & Snack Mix","Market Basket","Market Basket Cascade Trail Mix","Market Basket Cascade Trail Mix","3.09","0.0","","11 oz","11 oz","Market Basket.jpg",,"21"
"5687","Beverages, Chips & Snacks","Chips & Snacks","Trail Mix & Snack Mix","Market Basket","Market Basket Chewy Fruit & Nut Trail Mix","Market Basket Chewy Fruit & Nut Trail Mix","2.49","0.0","","1 ct","1 ct","Market Basket.jpg",,"5"
"5688","Beverages, Chips & Snacks","Chips & Snacks","Trail Mix & Snack Mix","Market Basket","Market Basket Cranberry Nut Trail Mix","Market Basket Cranberry Nut Trail Mix","6.09","0.0","","12 oz","12 oz","Market Basket.jpg",,"N/A"
"5689","Beverages, Chips & Snacks","Chips & Snacks","Trail Mix & Snack Mix","Market Basket","Market Basket Fruit Nut Mix, Chocolate","Market Basket Fruit Nut Mix, Chocolate","7.39","0.0","","1 ct","1 ct","Market Basket.jpg",,"N/A"
"5690","Beverages, Chips & Snacks","Chips & Snacks","Trail Mix & Snack Mix","Market Basket","Market Basket Organic Trek Mix","Market Basket Organic Trek Mix","6.09","0.0","","11 oz","11 oz","Market Basket.jpg",,"N/A"
"5691","Beverages, Chips & Snacks","Chips & Snacks","Trail Mix & Snack Mix","Market Basket","Market Basket Rainbow's End Trail Mix","Market Basket Rainbow's End Trail Mix","4.89","0.0","","12 oz","12 oz","Market Basket.jpg",,"N/A"
"5692","Beverages, Chips & Snacks","Chips & Snacks","Trail Mix & Snack Mix","Market Basket","Market Basket Triple Mix Nut Cashew Almond & Pistachio","Market Basket Triple Mix Nut Cashew Almond & Pistachio","6.69","0.0","","1 ct","1 ct","Market Basket.jpg",,"N/A"
"5693","Beverages, Chips & Snacks","Chips & Snacks","Trail Mix & Snack Mix","River Queen","River Queen Mixed Nuts","River Queen Mixed Nuts","6.09","0.0","","13 oz","13 oz","No Image.jpg",,"N/A"
"5694","Beverages, Chips & Snacks","Chips & Snacks","Trail Mix & Snack Mix","Second Nature","Second Nature Medley, California, Pouch","Second Nature Medley, California, Pouch","6.09","0.0","","12 oz","12 oz","1471.jpg",,"N/A"
"5695","Beverages, Chips & Snacks","Chips & Snacks","Trail Mix & Snack Mix","Second Nature","Second Nature Medley, Wholesome, Pouch","Second Nature Medley, Wholesome, Pouch","6.09","0.0","","14 oz","14 oz","1470.jpg",,"6"
"5696","Beverages, Chips & Snacks","Chips & Snacks","Energy & Granola Bars","Amrita","Amrita Dark Chocolate Crunch Protein Bars","Amrita Dark Chocolate Crunch Protein Bars","1.89","0.0","","2.12 oz","2.12 oz","No Image.jpg",,"3"
"5697","Beverages, Chips & Snacks","Chips & Snacks","Energy & Granola Bars","Amrita","Amrita Health Foods Bar Cranberry Raisin","Amrita Health Foods Bar Cranberry Raisin","1.89","0.0","","2 oz","2 oz","15268.jpg",,"3"
"5698","Beverages, Chips & Snacks","Chips & Snacks","Energy & Granola Bars","Annie's Homegrown","Annie's Homegrown Gluten Free Chewy Granola Bars, Double Chocolate Chip Bars","Annie's Homegrown Gluten Free Chewy Granola Bars, Double Chocolate Chip Bars","3.69","0.0","","5 x 0.98 oz","5 x 0.98 oz","15217.jpg",,"5"
"5699","Beverages, Chips & Snacks","Chips & Snacks","Energy & Granola Bars","Annie's Homegrown","Annie's Homegrown Organic Chewy Granola Bars, Chocolate Chip","Annie's Homegrown Organic Chewy Granola Bars, Chocolate Chip","7.39","0.0","","0.89 oz","0.89 oz","15239.jpg",,"5"
"5700","Beverages, Chips & Snacks","Chips & Snacks","Energy & Granola Bars","Annie's Homegrown","Annie's Homegrown Organic Chocolate Chip Granola Bars Granola Bars Organic","Annie's Homegrown Organic Chocolate Chip Granola Bars Granola Bars Organic","3.69","0.0","","6 x 0.98 oz","6 x 0.98 oz","15231.jpg",,"5"
"5701","Beverages, Chips & Snacks","Chips & Snacks","Energy & Granola Bars","Atkins","Atkins Advantage Protein Rich Meal Bar Chocolate Peanut Butter Bar","Atkins Advantage Protein Rich Meal Bar Chocolate Peanut Butter Bar","8.59","0.0","","5 x 2.1 oz","5 x 2.1 oz","15200.jpg",,"3"
"5702","Beverages, Chips & Snacks","Chips & Snacks","Energy & Granola Bars","Atkins","Atkins Endulge Chocolate Coconut Treat Bars","Atkins Endulge Chocolate Coconut Treat Bars","6.09","0.0","","5 ct","5 ct","15213.jpg",,"13"
"5703","Beverages, Chips & Snacks","Chips & Snacks","Energy & Granola Bars","Atkins","Atkins Endulge Treat Caramel Nut Chew Bar","Atkins Endulge Treat Caramel Nut Chew Bar","6.09","0.0","","5 ct","5 ct","15212.jpg",,"13"
"5704","Beverages, Chips & Snacks","Chips & Snacks","Energy & Granola Bars","Atkins","Atkins Granola Bar Chocolate Chip","Atkins Granola Bar Chocolate Chip","8.59","0.0","","5 ct","5 ct","15207.jpg",,"13"
"5705","Beverages, Chips & Snacks","Chips & Snacks","Energy & Granola Bars","Atkins","Atkins Snack Bar Peanut Butter Fudge Crisp 5 CT","Atkins Snack Bar Peanut Butter Fudge Crisp 5 CT","7.39","0.0","","5 ct","5 ct","15206.jpg",,"3"
"5706","Beverages, Chips & Snacks","Chips & Snacks","Energy & Granola Bars","Balance Bar","Balance Bar Nutrition Bar Caramel Nut Blast","Balance Bar Nutrition Bar Caramel Nut Blast","1.29","0.0","","1.76 oz","1.76 oz","15220.jpg",,"3"
"5707","Beverages, Chips & Snacks","Chips & Snacks","Energy & Granola Bars","Balance Bar","Balance Bar Nutrition Bar Mocha Chip","Balance Bar Nutrition Bar Mocha Chip","1.29","0.0","","1.76 oz","1.76 oz","15251.jpg",,"3"
"5708","Beverages, Chips & Snacks","Chips & Snacks","Energy & Granola Bars","Balance Bar","Balance Bar Nutrition Bar Yogurt Honey Peanut","Balance Bar Nutrition Bar Yogurt Honey Peanut","1.29","0.0","","1.76 oz","1.76 oz","15216.jpg",,"3"
"5709","Beverages, Chips & Snacks","Chips & Snacks","Energy & Granola Bars","Balance Bar","Balance Bar Original Nutrition Bar Cookie Dough","Balance Bar Original Nutrition Bar Cookie Dough","1.29","0.0","","1.76 oz","1.76 oz","15209.jpg",,"3"
"5710","Beverages, Chips & Snacks","Chips & Snacks","Energy & Granola Bars","CLIF","CLIF Bar Coconut Chocolate Chip Energy Bar","CLIF Bar Coconut Chocolate Chip Energy Bar","1.59","0.0","","2.4 oz","2.4 oz","15248.jpg",,"3"
"5711","Beverages, Chips & Snacks","Chips & Snacks","Energy & Granola Bars","CLIF","CLIF Bar Oatmeal Raisin Walnut Energy Bar","CLIF Bar Oatmeal Raisin Walnut Energy Bar","1.56","0.0","","2.4 oz","2.4 oz","15256.jpg",,"3"
"5712","Beverages, Chips & Snacks","Chips & Snacks","Energy & Granola Bars","CLIF","CLIF Bar Sierra Trail Mix Energy Bar","CLIF Bar Sierra Trail Mix Energy Bar","1.56","0.0","","2.4 oz","2.4 oz","15259.jpg",,"3"
"5713","Beverages, Chips & Snacks","Chips & Snacks","Energy & Granola Bars","CLIF","Clif Crunch Peanut Butter Granola Bars","Clif Crunch Peanut Butter Granola Bars","6.99","0.0","","5 x 1.48 oz","5 x 1.48 oz","15260.jpg",,"3"
"5714","Beverages, Chips & Snacks","Chips & Snacks","Energy & Granola Bars","CLIF","CLIF Kid Organic Chocolate Brownie Baked Whole Grain Energy Snack Bars","CLIF Kid Organic Chocolate Brownie Baked Whole Grain Energy Snack Bars","5.89","0.0","","6 ct","6 ct","15219.jpg",,"3"
"5715","Beverages, Chips & Snacks","Chips & Snacks","Energy & Granola Bars","Clif Bars","Clif Bars Bar Energy Bars Chocolate Chip 6 Ct","Clif Bars Bar Energy Bars Chocolate Chip 6 Ct","7.99","0.0","","6 ct","6 ct","1300.jpg",,"3"
"5716","Beverages, Chips & Snacks","Chips & Snacks","Energy & Granola Bars","Clif Bars","Clif Bars Chocolate Brownie Energy Bar","Clif Bars Chocolate Brownie Energy Bar","1.56","0.0","","2.4 oz","2.4 oz","1304.jpg",,"3"
"5717","Beverages, Chips & Snacks","Chips & Snacks","Energy & Granola Bars","Clif Bars","Clif Bars Chocolate Chip Energy Bar","Clif Bars Chocolate Chip Energy Bar","1.56","0.0","","2.4 oz","2.4 oz","1305.jpg",,"3"
"5718","Beverages, Chips & Snacks","Chips & Snacks","Energy & Granola Bars","Clif Bars","Clif Bars Chocolate Peanut Butter Builder's Bar","Clif Bars Chocolate Peanut Butter Builder's Bar","10.99","0.0","","6 x 2.4 oz","6 x 2.4 oz","1302.jpg",,"3"
"5719","Beverages, Chips & Snacks","Chips & Snacks","Energy & Granola Bars","Clif Bars","Clif Bars Cool Mint Chocolate Energy Bar","Clif Bars Cool Mint Chocolate Energy Bar","1.56","0.0","","2.4 oz","2.4 oz","1306.jpg",,"3"
"5720","Beverages, Chips & Snacks","Chips & Snacks","Energy & Granola Bars","Clif Bars","Clif Bars Protein Chocolate Mint Protein Bar","Clif Bars Protein Chocolate Mint Protein Bar","2.19","0.0","","2.4 oz","2.4 oz","1308.jpg",,"3"
"5721","Beverages, Chips & Snacks","Chips & Snacks","Energy & Granola Bars","Clif Bars","Clif Bars Protein Chocolate Peanut Butter Protein Bar","Clif Bars Protein Chocolate Peanut Butter Protein Bar","2.19","0.0","","2.4 oz","2.4 oz","1307.jpg",,"3"
"5722","Beverages, Chips & Snacks","Chips & Snacks","Energy & Granola Bars","Clif Bars","Clif Bars White Chocolate Macadamia Nut Energy Bar","Clif Bars White Chocolate Macadamia Nut Energy Bar","1.56","0.0","","2.4 oz","2.4 oz","1303.jpg",,"3"
"5723","Beverages, Chips & Snacks","Chips & Snacks","Energy & Granola Bars","Clif Bars","Clif Bars White Chocolate Macadamia Nut Energy Bars","Clif Bars White Chocolate Macadamia Nut Energy Bars","7.99","0.0","","6 x 2.4 oz","6 x 2.4 oz","1301.jpg",,"3"
"5724","Beverages, Chips & Snacks","Chips & Snacks","Energy & Granola Bars","Enjoy Life","Enjoy Life Baked Chewy Bars Mixed Berry 5 CT","Enjoy Life Baked Chewy Bars Mixed Berry 5 CT","4.89","0.0","","1 oz","1 oz","15266.jpg",,"3"
"5725","Beverages, Chips & Snacks","Chips & Snacks","Energy & Granola Bars","Enjoy Life","Enjoy Life Soft Baked Chewy Bars Caramel Apple","Enjoy Life Soft Baked Chewy Bars Caramel Apple","4.89","0.0","","5 x 1.1oz","5 x 1.1oz","15234.jpg",,"3"
"5726","Beverages, Chips & Snacks","Chips & Snacks","Energy & Granola Bars","Fiber One","Fiber One Brownies","Fiber One Brownies","3.69","0.0","","0.89 oz","0.89 oz","15225.jpg",,"3"
"5727","Beverages, Chips & Snacks","Chips & Snacks","Energy & Granola Bars","Fiber One","Fiber One Chewy Bars Protein Coconut Almond","Fiber One Chewy Bars Protein Coconut Almond","3.09","0.0","","5 x 1.17 oz","5 x 1.17 oz","15255.jpg",,"5"
"5728","Beverages, Chips & Snacks","Chips & Snacks","Energy & Granola Bars","Kashi","Kashi Granola Bars Chocolate Almond Sea Salt","Kashi Granola Bars Chocolate Almond Sea Salt","3.69","0.0","","6 ct","6 ct","1322.jpg",,"5"
"5729","Beverages, Chips & Snacks","Chips & Snacks","Energy & Granola Bars","Kashi","Kashi Granola Bars Dark Chocolate Coconut","Kashi Granola Bars Dark Chocolate Coconut","3.69","0.0","","6 x 1.1 oz","6 x 1.1 oz","1321.jpg",,"5"
"5730","Beverages, Chips & Snacks","Chips & Snacks","Energy & Granola Bars","Kellogg's","Kellogg's Special K Chewy Snack Bars Salted Pretzel Chocolate","Kellogg's Special K Chewy Snack Bars Salted Pretzel Chocolate","3.09","0.0","","6 ct","6 ct","15230.jpg",,"3"
"5731","Beverages, Chips & Snacks","Chips & Snacks","Energy & Granola Bars","Kellogg's","Kellogg's Special K Protein Meal Bars Chocolate Peanut Butter","Kellogg's Special K Protein Meal Bars Chocolate Peanut Butter","4.89","0.0","","6 x 1.59 oz","6 x 1.59 oz","15211.jpg",,"5"
"5732","Beverages, Chips & Snacks","Chips & Snacks","Energy & Granola Bars","Kellogg's","Kellogg's Special K Protein Snack Bars Chocolate Peanut Pecan","Kellogg's Special K Protein Snack Bars Chocolate Peanut Pecan","3.69","0.0","","6 x 7.38 oz","6 x 7.38 oz","15204.jpg",,"3"
"5733","Beverages, Chips & Snacks","Chips & Snacks","Energy & Granola Bars","Kellogg's","Kellogg's Special K Strawberry Pastry Crisps","Kellogg's Special K Strawberry Pastry Crisps","3.09","0.0","","4.4 oz","4.4 oz","15236.jpg",,"5"
"5734","Beverages, Chips & Snacks","Chips & Snacks","Energy & Granola Bars","Kellogs","Rice Krispies Treats Crispy Marshmallow Squares Original","Rice Krispies Treats Crispy Marshmallow Squares Original","3.09","0.0","","8 ct","8 ct","15208.jpg",,"5"
"5735","Beverages, Chips & Snacks","Chips & Snacks","Energy & Granola Bars","KIND","KIND Blueberry Pecan Plus Fiber Fruit & Nut Bar","KIND Blueberry Pecan Plus Fiber Fruit & Nut Bar","1.89","0.0","","1.4 oz","1.4 oz","1275.jpg",,"3"
"5736","Beverages, Chips & Snacks","Chips & Snacks","Energy & Granola Bars","KIND","KIND Dark Chocolate Cherry Cashew Plus Antioxidants, Fruit & Nut Bars","KIND Dark Chocolate Cherry Cashew Plus Antioxidants, Fruit & Nut Bars","24.39","0.0","","12 ct","12 ct","1264.jpg",,"3"
"5737","Beverages, Chips & Snacks","Chips & Snacks","Energy & Granola Bars","KIND","Kind Fruit & Nut Bar Almond & Coconut","Kind Fruit & Nut Bar Almond & Coconut","1.89","0.0","","1.4 oz","1.4 oz","1271.jpg",,"3"
"5738","Beverages, Chips & Snacks","Chips & Snacks","Energy & Granola Bars","KIND","Kind Fruit & Nut Bar Dark Chocolate Almond & Coconut","Kind Fruit & Nut Bar Dark Chocolate Almond & Coconut","1.89","0.0","","1.4 oz","1.4 oz","1272.jpg",,"3"
"5739","Beverages, Chips & Snacks","Chips & Snacks","Energy & Granola Bars","KIND","Kind Healthy Grains Granola Bars Dark Chocolate Chunk","Kind Healthy Grains Granola Bars Dark Chocolate Chunk","4.89","0.0","","5 ct","5 ct","1263.jpg",,"5"
"5740","Beverages, Chips & Snacks","Chips & Snacks","Energy & Granola Bars","KIND","Kind Healthy Grains Granola Bars Oats & Honey with Toasted Coconut","Kind Healthy Grains Granola Bars Oats & Honey with Toasted Coconut","4.29","0.0","","5 x 1.2 oz","5 x 1.2 oz","1265.jpg",,"5"
"5741","Beverages, Chips & Snacks","Chips & Snacks","Energy & Granola Bars","KIND","Kind Maple Pumpkin Seeds with Sea Salt Granola Bars","Kind Maple Pumpkin Seeds with Sea Salt Granola Bars","4.89","0.0","","5 x 1.2 oz","5 x 1.2 oz","1267.jpg",,"5"
"5742","Beverages, Chips & Snacks","Chips & Snacks","Energy & Granola Bars","KIND","Kind Nuts & Spices Bar Caramel Almond & Sea Salt","Kind Nuts & Spices Bar Caramel Almond & Sea Salt","1.89","0.0","","1.4 oz","1.4 oz","1269.jpg",,"3"
"5743","Beverages, Chips & Snacks","Chips & Snacks","Energy & Granola Bars","KIND","Kind Nuts & Spices Bar Dark Chocolate Nuts & Sea Salt","Kind Nuts & Spices Bar Dark Chocolate Nuts & Sea Salt","1.89","0.0","","1.4 oz","1.4 oz","1270.jpg",,"3"
"5744","Beverages, Chips & Snacks","Chips & Snacks","Energy & Granola Bars","KIND","Kind Nuts & Spices Madagascar Vanilla Almond","Kind Nuts & Spices Madagascar Vanilla Almond","4.89","0.0","","1.4 oz","1.4 oz","1274.jpg",,"3"
"5745","Beverages, Chips & Snacks","Chips & Snacks","Energy & Granola Bars","KIND","Kind Peanut Butter Dark Chocolate Bar","Kind Peanut Butter Dark Chocolate Bar","1.89","0.0","","1.4 oz","1.4 oz","1266.jpg",,"3"
"5746","Beverages, Chips & Snacks","Chips & Snacks","Energy & Granola Bars","KIND","KIND Plus Bars Blueberry Pecan + Fiber 12 CT","KIND Plus Bars Blueberry Pecan + Fiber 12 CT","14.69","0.0","","12 ct","12 ct","1268.jpg",,"3"
"5747","Beverages, Chips & Snacks","Chips & Snacks","Energy & Granola Bars","KIND","KIND Plus Plus Dark Chocolate Cherry Cashew + Antioxidants","KIND Plus Plus Dark Chocolate Cherry Cashew + Antioxidants","1.89","0.0","","1.4 oz","1.4 oz","15258.jpg",,"3"
"5748","Beverages, Chips & Snacks","Chips & Snacks","Energy & Granola Bars","KIND","KIND Pomegranate Blueberry Pistachio Plus Antioxidants Fruit & Nut Bar","KIND Pomegranate Blueberry Pistachio Plus Antioxidants Fruit & Nut Bar","1.89","0.0","","1.4 oz","1.4 oz","1273.jpg",,"3"
"5749","Beverages, Chips & Snacks","Chips & Snacks","Energy & Granola Bars","Larabar","Larabar Cherry Pie","Larabar Cherry Pie","1.25","0.0","","1.7 oz","1.7 oz","1313.jpg",,"3"
"5750","Beverages, Chips & Snacks","Chips & Snacks","Energy & Granola Bars","Larabar","Larabar Fruit & Nut Food Bar Peanut Butter Cookie Bar","Larabar Fruit & Nut Food Bar Peanut Butter Cookie Bar","1.25","0.0","","1.7 oz","1.7 oz","1309.jpg",,"3"
"5751","Beverages, Chips & Snacks","Chips & Snacks","Energy & Granola Bars","Larabar","Larabar Gluten Free Cashew Cookie Fruit & Nut Bars","Larabar Gluten Free Cashew Cookie Fruit & Nut Bars","24.39","0.0","","1.7 oz","1.7 oz","1315.jpg",,"3"
"5752","Beverages, Chips & Snacks","Chips & Snacks","Energy & Granola Bars","Larabar","Larabar Gluten Free Peanut Butter Chocolate Chip Fruit & Nut Bars","Larabar Gluten Free Peanut Butter Chocolate Chip Fruit & Nut Bars","1.59","0.0","","1.6 oz","1.6 oz","1311.jpg",,"3"
"5753","Beverages, Chips & Snacks","Chips & Snacks","Energy & Granola Bars","Larabar","Larabar Fruit & Nut Food Bar Apple Pie Bar","Larabar Fruit & Nut Food Bar Apple Pie Bar","1.25","0.0","","1.6 oz","1.6 oz","1310.jpg",,"3"
"5754","Beverages, Chips & Snacks","Chips & Snacks","Energy & Granola Bars","Larabar","Larabar Fruit & Nut Food Bar Chocolate Coconut Chew","Larabar Fruit & Nut Food Bar Chocolate Coconut Chew","1.25","0.0","","1.8 oz","1.8 oz","1314.jpg",,"3"
"5755","Beverages, Chips & Snacks","Chips & Snacks","Energy & Granola Bars","Larabar","Larabar Gluten Free Bar, Carrot Cake","Larabar Gluten Free Bar, Carrot Cake","1.25","0.0","","1.6 oz","1.6 oz","1312.jpg",,"3"
"5756","Beverages, Chips & Snacks","Chips & Snacks","Energy & Granola Bars","Larabar","Larabar Original Fruit & Nut Food Bar Lemon Bar","Larabar Original Fruit & Nut Food Bar Lemon Bar","1.25","0.0","","1.8 oz","1.8 oz","1316.jpg",,"3"
"5757","Beverages, Chips & Snacks","Chips & Snacks","Energy & Granola Bars","Luna","Luna Blueberry Bliss Whole Nutrition Bar","Luna Blueberry Bliss Whole Nutrition Bar","1.25","0.0","","1.69 oz","1.69 oz","1289.jpg",,"3"
"5758","Beverages, Chips & Snacks","Chips & Snacks","Energy & Granola Bars","Luna","Luna Caramel Walnut Brownie Whole Nutrition Bar","Luna Caramel Walnut Brownie Whole Nutrition Bar","1.25","0.0","","1.6 oz","1.6 oz","1295.jpg",,"3"
"5759","Beverages, Chips & Snacks","Chips & Snacks","Energy & Granola Bars","Luna","Luna Chocolate Chip Cookie Dough Protein Bar","Luna Chocolate Chip Cookie Dough Protein Bar","1.25","0.0","","1.6 oz","1.6 oz","1299.jpg",,"3"
"5760","Beverages, Chips & Snacks","Chips & Snacks","Energy & Granola Bars","Luna","Luna Chocolate Dipped Coconut Whole Nutrition Bar","Luna Chocolate Dipped Coconut Whole Nutrition Bar","1.25","0.0","","1.7 oz","1.7 oz","1293.jpg",,"3"
"5761","Beverages, Chips & Snacks","Chips & Snacks","Energy & Granola Bars","Luna","Luna Chocolate Peppermint Stick Whole Nutrition Bar","Luna Chocolate Peppermint Stick Whole Nutrition Bar","1.25","0.0","","1.69 oz","1.69 oz","1291.jpg",,"3"
"5762","Beverages, Chips & Snacks","Chips & Snacks","Energy & Granola Bars","Luna","Luna Fiber Soft Baked Fruit Filled Bar Peanut Butter Strawberry","Luna Fiber Soft Baked Fruit Filled Bar Peanut Butter Strawberry","1.29","0.0","","1.41 oz","1.41 oz","1292.jpg",,"3"
"5763","Beverages, Chips & Snacks","Chips & Snacks","Energy & Granola Bars","Luna","Luna S'mores Whole Nutrition Bar","Luna S'mores Whole Nutrition Bar","1.25","0.0","","1.7 oz","1.7 oz","1297.jpg",,"3"
"5764","Beverages, Chips & Snacks","Chips & Snacks","Energy & Granola Bars","Luna","Luna White Chocolate Macadamia Whole Nutrition Bar","Luna White Chocolate Macadamia Whole Nutrition Bar","1.25","0.0","","1.69 oz","1.69 oz","1296.jpg",,"3"
"5765","Beverages, Chips & Snacks","Chips & Snacks","Energy & Granola Bars","Luna","Luna Whole Nutrition Bar Lemonzest","Luna Whole Nutrition Bar Lemonzest","1.25","0.0","","1.7 oz","1.7 oz","1290.jpg",,"3"
"5766","Beverages, Chips & Snacks","Chips & Snacks","Energy & Granola Bars","Luna","Luna Whole Nutrition Bar Nut Over Chocolate","Luna Whole Nutrition Bar Nut Over Chocolate","1.25","0.0","","1.7 oz","1.7 oz","1294.jpg",,"3"
"5767","Beverages, Chips & Snacks","Chips & Snacks","Energy & Granola Bars","Market Basket","Market Basket Chewy Chocolate Chunk Granola Bars","Market Basket Chewy Chocolate Chunk Granola Bars","2.49","0.0","","1 ct","1 ct","Market Basket.jpg",,"5"
"5768","Beverages, Chips & Snacks","Chips & Snacks","Energy & Granola Bars","Market Basket","Market Basket Chewy Granola Bars Variety Pack","Market Basket Chewy Granola Bars Variety Pack","4.89","0.0","","10 ct","10 ct","Market Basket.jpg",,"5"
"5769","Beverages, Chips & Snacks","Chips & Snacks","Energy & Granola Bars","Market Basket","Market Basket Chocolate Chip Chewy Granola Bars","Market Basket Chocolate Chip Chewy Granola Bars","2.49","0.0","","1 ct","1 ct","Market Basket.jpg",,"5"
"5770","Beverages, Chips & Snacks","Chips & Snacks","Energy & Granola Bars","Market Basket","Market Basket Chocolate Dipped Chocolate Chip Chewy Granola Bars","Market Basket Chocolate Dipped Chocolate Chip Chewy Granola Bars","3.09","0.0","","6.56 oz","6.56 oz","Market Basket.jpg",,"5"
"5771","Beverages, Chips & Snacks","Chips & Snacks","Energy & Granola Bars","Market Basket","Market Basket Crunchy Peanut Butter Granola Bars","Market Basket Crunchy Peanut Butter Granola Bars","2.49","0.0","","8.9 oz","8.9 oz","Market Basket.jpg",,"5"
"5772","Beverages, Chips & Snacks","Chips & Snacks","Energy & Granola Bars","Market Basket","Market Basket Dipped Chocolate Covered Chocolate Chip Granola Bars","Market Basket Dipped Chocolate Covered Chocolate Chip Granola Bars","2.49","0.0","","40 Oz","40 Oz","Market Basket.jpg",,"5"
"5773","Beverages, Chips & Snacks","Chips & Snacks","Energy & Granola Bars","Market Basket","Market Basket Oats N Honey Granola Bars","Market Basket Oats N Honey Granola Bars","2.49","0.0","","8.9 oz","8.9 oz","Market Basket.jpg",,"5"
"5774","Beverages, Chips & Snacks","Chips & Snacks","Energy & Granola Bars","MET-Rx","MET Rx Protein Plus Protein Bar Chocolate Roasted Peanut with Caramel","MET Rx Protein Plus Protein Bar Chocolate Roasted Peanut with Caramel","1.89","0.0","","3 oz","3 oz","15244.jpg",,"3"
"5775","Beverages, Chips & Snacks","Chips & Snacks","Energy & Granola Bars","Nature Valley ","Nature Valley Peanut Sweet & Salty Nut Granol","Nature Valley Peanut Sweet & Salty Nut Granol","10.99","0.0","","30 x 1.2 oz","30 x 1.2 oz","1260.jpg",,"5"
"5776","Beverages, Chips & Snacks","Chips & Snacks","Energy & Granola Bars","Nature Valley ","Nature Valley Chewy Granola Bar Protein, Coconut Almond, Gluten Free","Nature Valley Chewy Granola Bar Protein, Coconut Almond, Gluten Free","4.29","0.0","","5 x 1.42 oz","5 x 1.42 oz","1247.jpg",,"5"
"5777","Beverages, Chips & Snacks","Chips & Snacks","Energy & Granola Bars","Nature Valley ","Nature Valley Chewy Granola Bar, Trail Mix, Fruit and Nut","Nature Valley Chewy Granola Bar, Trail Mix, Fruit and Nut","3.09","0.0","","6 x 1.2 oz","6 x 1.2 oz","1254.jpg",,"5"
"5778","Beverages, Chips & Snacks","Chips & Snacks","Energy & Granola Bars","Nature Valley ","Nature Valley Chewy Granola Bars, Peanut Butter Dark Chocolate","Nature Valley Chewy Granola Bars, Peanut Butter Dark Chocolate","4.29","0.0","","5 x 1.42 oz","5 x 1.42 oz","1242.jpg",,"5"
"5779","Beverages, Chips & Snacks","Chips & Snacks","Energy & Granola Bars","Nature Valley ","Nature Valley Chewy Granola Bars, Salted Caramel Nut, Protein","Nature Valley Chewy Granola Bars, Salted Caramel Nut, Protein","4.29","0.0","","5 x 1.42 oz","5 x 1.42 oz","1252.jpg",,"5"
"5780","Beverages, Chips & Snacks","Chips & Snacks","Energy & Granola Bars","Nature Valley ","Nature Valley Crunchy Granola Bar, Oats 'N Honey","Nature Valley Crunchy Granola Bar, Oats 'N Honey","3.69","0.0","","6 x 1.49 oz","6 x 1.49 oz","1244.jpg",,"5"
"5781","Beverages, Chips & Snacks","Chips & Snacks","Energy & Granola Bars","Nature Valley ","Nature Valley Crunchy Granola Bars Dark Chocolate Peanut Butter","Nature Valley Crunchy Granola Bars Dark Chocolate Peanut Butter","3.09","0.0","","6 x 1.49 oz","6 x 1.49 oz","1261.jpg",,"5"
"5782","Beverages, Chips & Snacks","Chips & Snacks","Energy & Granola Bars","Nature Valley ","Nature Valley Granola Bars Sweet and Salty Nut, Roasted Mixed Nut","Nature Valley Granola Bars Sweet and Salty Nut, Roasted Mixed Nut","3.69","0.0","","6 x 1.2 oz","6 x 1.2 oz","1259.jpg",,"5"
"5783","Beverages, Chips & Snacks","Chips & Snacks","Energy & Granola Bars","Nature Valley ","Nature Valley Granola Bars, Chewy Trail Mix, Dark Chocolate Cherry","Nature Valley Granola Bars, Chewy Trail Mix, Dark Chocolate Cherry","3.09","0.0","","6 x 1.2 oz","6 x 1.2 oz","1258.jpg",,"5"
"5784","Beverages, Chips & Snacks","Chips & Snacks","Energy & Granola Bars","Nature Valley ","Nature Valley Granola Bars, Crunchy Oats & Dark Chocolate","Nature Valley Granola Bars, Crunchy Oats & Dark Chocolate","3.09","0.0","","6 x 1.49 oz","6 x 1.49 oz","1253.jpg",,"5"
"5785","Beverages, Chips & Snacks","Chips & Snacks","Energy & Granola Bars","Nature Valley ","Nature Valley Granola Bars, Crunchy Peanut Butter","Nature Valley Granola Bars, Crunchy Peanut Butter","3.69","0.0","","6 x 1.49 oz","6 x 1.49 oz","1248.jpg",,"5"
"5786","Beverages, Chips & Snacks","Chips & Snacks","Energy & Granola Bars","Nature Valley ","Nature Valley Granola Bars, Sweet & Salty Dark Chocolate Peanut & Almond","Nature Valley Granola Bars, Sweet & Salty Dark Chocolate Peanut & Almond","3.69","0.0","","6 x 1.2 oz","6 x 1.2 oz","1250.jpg",,"5"
"5787","Beverages, Chips & Snacks","Chips & Snacks","Energy & Granola Bars","Nature Valley ","Nature Valley Granola Bars, Sweet & Salty Nut, Chocolate Pretzel","Nature Valley Granola Bars, Sweet & Salty Nut, Chocolate Pretzel","3.69","0.0","","6 x 1.2 oz","6 x 1.2 oz","1246.jpg",,"5"
"5788","Beverages, Chips & Snacks","Chips & Snacks","Energy & Granola Bars","Nature Valley ","Nature Valley Granola Bars, Sweet and Salty Nut, Almond","Nature Valley Granola Bars, Sweet and Salty Nut, Almond","3.69","0.0","","6 x 1.2 oz","6 x 1.2 oz","1249.jpg",,"5"
"5789","Beverages, Chips & Snacks","Chips & Snacks","Energy & Granola Bars","Nature Valley ","Nature Valley Granola Bars, Sweet and Salty Nut, Cashew","Nature Valley Granola Bars, Sweet and Salty Nut, Cashew","3.09","0.0","","6 x 1.2 oz","6 x 1.2 oz","1245.jpg",,"5"
"5790","Beverages, Chips & Snacks","Chips & Snacks","Energy & Granola Bars","Nature Valley ","Nature Valley Oats 'N Dark Chocolate Peanut Butter and Oats 'N Honey Crunchy Bar Variety Pack","Nature Valley Oats 'N Dark Chocolate Peanut Butter and Oats 'N Honey Crunchy Bar Variety Pack","3.69","0.0","","6 x 1.49 oz","6 x 1.49 oz","1257.jpg",,"5"
"5791","Beverages, Chips & Snacks","Chips & Snacks","Energy & Granola Bars","Nature Valley ","Nature Valley Protein Chewy Bars Peanut Almond and Dark Chocolate","Nature Valley Protein Chewy Bars Peanut Almond and Dark Chocolate","3.09","0.0","","5 x 1.42 oz","5 x 1.42 oz","1243.jpg",,"5"
"5792","Beverages, Chips & Snacks","Chips & Snacks","Energy & Granola Bars","Nature Valley ","Nature Valley Protein Chewy Honey Peanut Almond Bar","Nature Valley Protein Chewy Honey Peanut Almond Bar","4.29","0.0","","5 x 1.42 oz","5 x 1.42 oz","1256.jpg",,"3"
"5793","Beverages, Chips & Snacks","Chips & Snacks","Energy & Granola Bars","Nature Valley ","Nature Valley Soft Baked Oatmeal Squares Peanut Butter","Nature Valley Soft Baked Oatmeal Squares Peanut Butter","3.69","0.0","","6 x 1.24 oz","6 x 1.24 oz","1255.jpg",,"5"
"5794","Beverages, Chips & Snacks","Chips & Snacks","Energy & Granola Bars","Nature Valley ","Nature Valley Soft Baked Oatmeal Squares, Banana Bread and Dark Chocolate","Nature Valley Soft Baked Oatmeal Squares, Banana Bread and Dark Chocolate","3.69","0.0","","6 x 1.24 oz","6 x 1.24 oz","1251.jpg",,"5"
"5795","Beverages, Chips & Snacks","Chips & Snacks","Energy & Granola Bars","Nature Valley ","Nature Valley  Fruit & Nut Trail Mix Chewy Granola Bars","Nature Valley  Fruit & Nut Trail Mix Chewy Granola Bars","10.99","0.0","","30 x 1.2 oz","30 x 1.2 oz","1262.jpg",,"5"
"5796","Beverages, Chips & Snacks","Chips & Snacks","Energy & Granola Bars","Nature's Path","Nature's Path NP Chococonut Gluten Free Bars","Nature's Path NP Chococonut Gluten Free Bars","4.69","0.0","","5 x 6.2 oz","5 x 6.2 oz","15201.jpg",,"5"
"5797","Beverages, Chips & Snacks","Chips & Snacks","Energy & Granola Bars","Nature's Path","Nature's Path NP Pumpkin N Spice Gluten Free Bars","Nature's Path NP Pumpkin N Spice Gluten Free Bars","4.89","0.0","","7.4 oz","7.4 oz","15257.jpg",,"5"
"5798","Beverages, Chips & Snacks","Chips & Snacks","Energy & Granola Bars","Odwalla","Odwalla Blueberry Swirl Superfood Bar","Odwalla Blueberry Swirl Superfood Bar","2.49","0.0","","2 oz","2 oz","15265.jpg",,"3"
"5799","Beverages, Chips & Snacks","Chips & Snacks","Energy & Granola Bars","Perfect Bar","Perfect Bar Almond Butter","Perfect Bar Almond Butter","2.79","0.0","","2.3 oz","2.3 oz","15229.jpg",,"3"
"5800","Beverages, Chips & Snacks","Chips & Snacks","Energy & Granola Bars","Perfect Foods","Perfect Foods Peanut Butter Bar","Perfect Foods Peanut Butter Bar","2.99","0.0","","2.5 oz","2.5 oz","15253.jpg",,"3"
"5801","Beverages, Chips & Snacks","Chips & Snacks","Energy & Granola Bars","Power Crunch","Power Crunch Protein Energy Bar Original Cookies & Creme","Power Crunch Protein Energy Bar Original Cookies & Creme","1.87","0.0","","1.4 oz","1.4 oz","15235.jpg",,"3"
"5802","Beverages, Chips & Snacks","Chips & Snacks","Energy & Granola Bars","Power Crunch","Power Crunch Protein Energy Bar Original French Vanilla Creme","Power Crunch Protein Energy Bar Original French Vanilla Creme","1.87","0.0","","1.4 oz","1.4 oz","15223.jpg",,"3"
"5803","Beverages, Chips & Snacks","Chips & Snacks","Energy & Granola Bars","Power Crunch","Power Crunch Protein Energy Bar Original Peanut Butter Creme","Power Crunch Protein Energy Bar Original Peanut Butter Creme","1.87","0.0","","1.4 oz","1.4 oz","15252.jpg",,"3"
"5804","Beverages, Chips & Snacks","Chips & Snacks","Energy & Granola Bars","Power Crunch","Power Crunch Protein Energy Bar Original Peanut Butter Fudge","Power Crunch Protein Energy Bar Original Peanut Butter Fudge","1.87","0.0","","1.4 oz","1.4 oz","15238.jpg",,"3"
"5805","Beverages, Chips & Snacks","Chips & Snacks","Energy & Granola Bars","PowerBar","PowerBar Chocolate Crisp Protein Bar","PowerBar Chocolate Crisp Protein Bar","2.49","0.0","","2.15 oz","2.15 oz","1320.jpg",,"3"
"5806","Beverages, Chips & Snacks","Chips & Snacks","Energy & Granola Bars","Pure Protein","Pure Protein Bar Chocolate Deluxe","Pure Protein Bar Chocolate Deluxe","1.29","0.0","","1.76 oz","1.76 oz","15246.jpg",,"3"
"5807","Beverages, Chips & Snacks","Chips & Snacks","Energy & Granola Bars","Pure Protein","Pure Protein Bar Chocolate Peanut Butter","Pure Protein Bar Chocolate Peanut Butter","8.59","0.0","","6 x 1.7oz","6 x 1.7oz","15242.jpg",,"3"
"5808","Beverages, Chips & Snacks","Chips & Snacks","Energy & Granola Bars","Pure Protein","Pure Protein Bar Dark Chocolate Coconut","Pure Protein Bar Dark Chocolate Coconut","1.69","0.0","","1.76 oz","1.76 oz","15205.jpg",,"3"
"5809","Beverages, Chips & Snacks","Chips & Snacks","Energy & Granola Bars","Pure Protein","Pure Protein Chocolate Deluxe Bars","Pure Protein Chocolate Deluxe Bars","8.59","0.0","","6 x 1.7oz","6 x 1.7oz","15254.jpg",,"3"
"5810","Beverages, Chips & Snacks","Chips & Snacks","Energy & Granola Bars","Pure Protein","Pure Protein Protein Bar, Chocolate Peanut Butter","Pure Protein Protein Bar, Chocolate Peanut Butter","6.69","0.0","","6 each","6 each","15250.jpg",,"3"
"5811","Beverages, Chips & Snacks","Chips & Snacks","Energy & Granola Bars","Quaker","Quaker Breakfast Squares Baked Apple Cinnamon Soft Baked Bar","Quaker Breakfast Squares Baked Apple Cinnamon Soft Baked Bar","3.69","0.0","","10.5 oz","10.5 oz","1281.jpg",,"5"
"5812","Beverages, Chips & Snacks","Chips & Snacks","Energy & Granola Bars","Quaker","Quaker Chewey S'Mores Granola Bars","Quaker Chewey S'Mores Granola Bars","2.49","0.0","","8 ct","8 ct","1284.jpg",,"5"
"5813","Beverages, Chips & Snacks","Chips & Snacks","Energy & Granola Bars","Quaker","Quaker Chewy Chewy","Quaker Chewy Chewy","2.49","0.0","","8 x 0.83oz","8 x 0.83oz","15222.jpg",,"5"
"5814","Beverages, Chips & Snacks","Chips & Snacks","Energy & Granola Bars","Quaker","Quaker Chewy Chocolate Chip Granola Bars","Quaker Chewy Chocolate Chip Granola Bars","2.49","0.0","","8 x 0.84 oz","8 x 0.84 oz","1276.jpg",,"5"
"5815","Beverages, Chips & Snacks","Chips & Snacks","Energy & Granola Bars","Quaker","Quaker Chewy Chocolate Chip Granola Bars","Quaker Chewy Chocolate Chip Granola Bars","4.59","0.0","","18 x 0.84 oz","18 x 0.84 oz","1277.jpg",,"5"
"5816","Beverages, Chips & Snacks","Chips & Snacks","Energy & Granola Bars","Quaker","Quaker Chewy Dipps Chocolate Chip Granola Bar","Quaker Chewy Dipps Chocolate Chip Granola Bar","3.09","0.0","","6 ct","6 ct","1278.jpg",,"5"
"5817","Beverages, Chips & Snacks","Chips & Snacks","Energy & Granola Bars","Quaker","Quaker Chewy Dipps Chocolate Chip Granola Bars","Quaker Chewy Dipps Chocolate Chip Granola Bars","4.59","0.0","","14 x 1.09 oz","14 x 1.09 oz","1285.jpg",,"5"
"5818","Beverages, Chips & Snacks","Chips & Snacks","Energy & Granola Bars","Quaker","Quaker Chewy Dipps Peanut Butter Chocolatey Covered Granola Bars","Quaker Chewy Dipps Peanut Butter Chocolatey Covered Granola Bars","3.09","0.0","","14 x 1.057 oz","14 x 1.057 oz","1286.jpg",,"5"
"5819","Beverages, Chips & Snacks","Chips & Snacks","Energy & Granola Bars","Quaker","Quaker Chewy Granola Bars Variety Pack","Quaker Chewy Granola Bars Variety Pack","2.49","0.0","","8 ct","8 ct","1282.jpg",,"5"
"5820","Beverages, Chips & Snacks","Chips & Snacks","Energy & Granola Bars","Quaker","Quaker Chewy Peanut Butter Chocolate Chip Granola Bars","Quaker Chewy Peanut Butter Chocolate Chip Granola Bars","2.49","0.0","","8 ct","8 ct","1283.jpg",,"5"
"5821","Beverages, Chips & Snacks","Chips & Snacks","Energy & Granola Bars","Quaker","Quaker Chewy Yogurt Strawberry Granola Bars","Quaker Chewy Yogurt Strawberry Granola Bars","3.09","0.0","","5 x 1.23 oz","5 x 1.23 oz","1280.jpg",,"5"
"5822","Beverages, Chips & Snacks","Chips & Snacks","Energy & Granola Bars","Quaker","Quaker Granola Cereal Or Fruit Bars","Quaker Granola Cereal Or Fruit Bars","2.49","0.0","","8 ct","8 ct","1279.jpg",,"5"
"5823","Beverages, Chips & Snacks","Chips & Snacks","Energy & Granola Bars","Quaker","Quaker Peanut Butter Marshmallow Granola Cereal Or Fruit Bars","Quaker Peanut Butter Marshmallow Granola Cereal Or Fruit Bars","3.09","0.0","","8 x 0.84 oz","8 x 0.84 oz","1287.jpg",,"5"
"5824","Beverages, Chips & Snacks","Chips & Snacks","Energy & Granola Bars","Quest","Quest Protein Bar Chocolate Chip Cookie Dough Flavor","Quest Protein Bar Chocolate Chip Cookie Dough Flavor","2.5","0.0","","2.12 oz","2.12 oz","15261.jpg",,"3"
"5825","Beverages, Chips & Snacks","Chips & Snacks","Energy & Granola Bars","Quest","Quest Protein Bar Cookies & Cream Flavor","Quest Protein Bar Cookies & Cream Flavor","2.5","0.0","","2.12 oz","2.12 oz","15267.jpg",,"3"
"5826","Beverages, Chips & Snacks","Chips & Snacks","Energy & Granola Bars","Stonyfield Organic","Stonyfield Organic YoKids Squeezers Lowfat Yogurt Variety Pack","Stonyfield Organic YoKids Squeezers Lowfat Yogurt Variety Pack","8.59","0.0","","16 x 2 oz","16 x 2 oz","15249.jpg",,"3"
"5827","Beverages, Chips & Snacks","Chips & Snacks","Energy & Granola Bars","Sunbelt Bakery","Sunbelt Bakery Chewy Granola Bars, Fudge Dipped Chocolate Chip","Sunbelt Bakery Chewy Granola Bars, Fudge Dipped Chocolate Chip","3.09","0.0","","10 ct","10 ct","15245.jpg",,"5"
"5828","Beverages, Chips & Snacks","Chips & Snacks","Energy & Granola Bars","Sunbelt Bakery","Sunbelt Bakery Chewy Granola Bars, Oats & Honey","Sunbelt Bakery Chewy Granola Bars, Oats & Honey","3.09","0.0","","10 ct","10 ct","15210.jpg",,"5"
"5829","Beverages, Chips & Snacks","Chips & Snacks","Energy & Granola Bars","Sunbelt Bakery","Sunbelt Bakery Chocolate Chip Chewy Granola Bars","Sunbelt Bakery Chocolate Chip Chewy Granola Bars","3.09","0.0","","10 ct","10 ct","15224.jpg",,"5"
"5830","Beverages, Chips & Snacks","Chips & Snacks","Energy & Granola Bars","Sunbelt Bakery","Sunbelt Bakery Family Pack Chewy Granola Bars, Peanut Butter Chip","Sunbelt Bakery Family Pack Chewy Granola Bars, Peanut Butter Chip","3.09","0.0","","11 oz","11 oz","15203.jpg",,"5"
"5831","Beverages, Chips & Snacks","Chips & Snacks","Energy & Granola Bars","Thats It","Thats It Fruit Bar, Apple + Pear","Thats It Fruit Bar, Apple + Pear","1.59","0.0","","1.2 oz","1.2 oz","15240.jpg",,"3"
"5832","Beverages, Chips & Snacks","Chips & Snacks","Energy & Granola Bars","Think!","Think! High Protein Bar Chunky Peanut Butter","Think! High Protein Bar Chunky Peanut Butter","1.56","0.0","","1 ct","1 ct","15227.jpg",,"3"
"5833","Beverages, Chips & Snacks","Chips & Snacks","Energy & Granola Bars","thinkThin","Think Thin High Protein Bar, Gluten Free, Chocolate Fudge","Think Thin High Protein Bar, Gluten Free, Chocolate Fudge","1.56","0.0","","2.1 oz","2.1 oz","15232.jpg",,"3"
"5834","Beverages, Chips & Snacks","Chips & Snacks","Energy & Granola Bars","thinkThin","Think Thin High Protein Bars Brownie Crunch","Think Thin High Protein Bars Brownie Crunch","1.56","0.0","","2.1 oz","2.1 oz","15221.jpg",,"3"
"5835","Beverages, Chips & Snacks","Chips & Snacks","Energy & Granola Bars","thinkThin","Think Thin Lean Protein & Fiber Bars Chocolate Almond Brownie","Think Thin Lean Protein & Fiber Bars Chocolate Almond Brownie","1.59","0.0","","1.41 oz","1.41 oz","15228.jpg",,"3"
"5836","Beverages, Chips & Snacks","Chips & Snacks","Energy & Granola Bars","thinkThin","Think Thin Protein & Fiber Bar Honey Drizzle Peanut","Think Thin Protein & Fiber Bar Honey Drizzle Peanut","1.89","0.0","","1.76 oz","1.76 oz","15214.jpg",,"3"
"5837","Beverages, Chips & Snacks","Chips & Snacks","Energy & Granola Bars","thinkThin","Think Thin Salted Caramel Chocolate Dipped Bars","Think Thin Salted Caramel Chocolate Dipped Bars","1.56","0.0","","1.41 oz","1.41 oz","15218.jpg",,"3"
"5838","Beverages, Chips & Snacks","Chips & Snacks","Energy & Granola Bars","thinkThin","thinkThin Protein & Fiber Bar Chunky Chocolate Peanut","thinkThin Protein & Fiber Bar Chunky Chocolate Peanut","1.59","0.0","","1.41 oz","1.41 oz","15237.jpg",,"3"
"5839","Beverages, Chips & Snacks","Chips & Snacks","Energy & Granola Bars","thinkThin","thinkThin Protein & Fiber Bar Dark Chocolate Peppermint","thinkThin Protein & Fiber Bar Dark Chocolate Peppermint","1.89","0.0","","1.41 oz","1.41 oz","15264.jpg",,"3"
"5840","Beverages, Chips & Snacks","Chips & Snacks","Energy & Granola Bars","thinkThin","thinkThin Protein & Fiber Bar Pumpkin Spice","thinkThin Protein & Fiber Bar Pumpkin Spice","1.89","0.0","","1.41 oz","1.41 oz","15263.jpg",,"3"
"5841","Beverages, Chips & Snacks","Chips & Snacks","Energy & Granola Bars","Zone Perfect","Zone Perfect Chocolate Caramel Cluster ZonePerfect Nutrition Bar Chocolate Caramel Cluster Bar Bars","Zone Perfect Chocolate Caramel Cluster ZonePerfect Nutrition Bar Chocolate Caramel Cluster Bar Bars","1.59","0.0","","1.76 oz","1.76 oz","1326.jpg",,"3"
"5842","Beverages, Chips & Snacks","Chips & Snacks","Energy & Granola Bars","Zone Perfect","Zone Perfect Nutrition Bar Chocolate Peanut Butter","Zone Perfect Nutrition Bar Chocolate Peanut Butter","1.56","0.0","","1.76 oz","1.76 oz","1324.jpg",,"3"
"5843","Beverages, Chips & Snacks","Chips & Snacks","Energy & Granola Bars","Zone Perfect","Zone Perfect Nutrition Bar Fudge Graham","Zone Perfect Nutrition Bar Fudge Graham","1.56","0.0","","1.76 oz","1.76 oz","1325.jpg",,"3"
"5844","Beverages, Chips & Snacks","Chips & Snacks","Energy & Granola Bars","Zone Perfect","Zone Perfect ZonePerfect Nutrition Bar Strawberry Yogurt Bar Bars","Zone Perfect ZonePerfect Nutrition Bar Strawberry Yogurt Bar Bars","1.56","0.0","","1.76 oz","1.76 oz","1323.jpg",,"3"
"5845","Beverages, Chips & Snacks","Chips & Snacks","Energy & Granola Bars","Zone Perfect","Zone Perfect Nutrition Bar Chocolate Chip Cookie Dough","Zone Perfect Nutrition Bar Chocolate Chip Cookie Dough","1.56","0.0","","1.58 oz","1.58 oz","15226.jpg",,"3"
"5846","Beverages, Chips & Snacks","Chips & Snacks","Ice Cream Toppings","Cake Mate","Cake Mate Sugar Red","Cake Mate Sugar Red","1.89","0.0","","8 oz","8 oz","1347.jpg",,"N/A"
"5847","Beverages, Chips & Snacks","Chips & Snacks","Ice Cream Toppings","Hershey's","Hershey's Shell Topping Chocolate Flavor","Hershey's Shell Topping Chocolate Flavor","2.99","0.0","","7.25 oz","7.25 oz","1341.jpg",,"8"
"5848","Beverages, Chips & Snacks","Chips & Snacks","Ice Cream Toppings","Hershey's","Hershey's Syrup Indulgent Caramel Flavor","Hershey's Syrup Indulgent Caramel Flavor","2.79","0.0","","22 oz","22 oz","1342.jpg",,"8"
"5849","Beverages, Chips & Snacks","Chips & Snacks","Ice Cream Toppings","Joy","Joy Cups Ice Cream","Joy Cups Ice Cream","1.59","0.0","","1.75 oz","1.75 oz","1344.jpg",,"N/A"
"5850","Beverages, Chips & Snacks","Chips & Snacks","Ice Cream Toppings","Joy","Joy Sugar Cones","Joy Sugar Cones","1.59","0.0","","12 ct","12 ct","1343.jpg",,"N/A"
"5851","Beverages, Chips & Snacks","Chips & Snacks","Ice Cream Toppings","Keebler","Keebler Ice Cream Cones Original","Keebler Ice Cream Cones Original","2.49","0.0","","12 x 5 oz","12 x 5 oz","1339.jpg",,"N/A"
"5852","Beverages, Chips & Snacks","Chips & Snacks","Ice Cream Toppings","Keebler","Keebler Ice Cream Cones Original","Keebler Ice Cream Cones Original","2.49","0.0","","4 oz","4 oz","1340.jpg",,"N/A"
"5853","Beverages, Chips & Snacks","Chips & Snacks","Ice Cream Toppings","Market Basket","Market Basket Chocolate Syrup","Market Basket Chocolate Syrup","1.89","0.0","","22 oz","22 oz","Market Basket.jpg",,"8"
"5854","Beverages, Chips & Snacks","Chips & Snacks","Ice Cream Toppings","Market Basket","Market Basket Jumbo Topping Cherries","Market Basket Jumbo Topping Cherries","1.89","0.0","","12 oz","12 oz","Market Basket.jpg",,"N/A"
"5855","Beverages, Chips & Snacks","Chips & Snacks","Ice Cream Toppings","Market Basket","Market Basket Lite Whipped Topping","Market Basket Lite Whipped Topping","1.29","0.0","","8 oz","8 oz","Market Basket.jpg",,"N/A"
"5856","Beverages, Chips & Snacks","Chips & Snacks","Ice Cream Toppings","Market Basket","Market Basket Maraschino Cherries","Market Basket Maraschino Cherries","2.49","0.0","","10 oz","10 oz","Market Basket.jpg",,"N/A"
"5857","Beverages, Chips & Snacks","Chips & Snacks","Ice Cream Toppings","Market Basket","Market Basket Salad Cherries","Market Basket Salad Cherries","1.89","0.0","","10 oz","10 oz","Market Basket.jpg",,"N/A"
"5858","Beverages, Chips & Snacks","Chips & Snacks","Ice Cream Toppings","Market Basket","Market Basket Strawberry Syrup","Market Basket Strawberry Syrup","1.89","0.0","","22 oz","22 oz","Market Basket.jpg",,"N/A"
"5859","Beverages, Chips & Snacks","Chips & Snacks","Ice Cream Toppings","Mrs. Richardson's","Mrs. Richardson's Hot Fudge Topping","Mrs. Richardson's Hot Fudge Topping","3.09","0.0","","16 oz","16 oz","1346.jpg",,"N/A"
"5860","Beverages, Chips & Snacks","Chips & Snacks","Ice Cream Toppings","Mrs. Richardson's","Mrs. Richardson's Toppings Butterscotch Caramel","Mrs. Richardson's Toppings Butterscotch Caramel","3.09","0.0","","17 oz","17 oz","1345.jpg",,"N/A"
"5861","Beverages, Chips & Snacks","Chips & Snacks","Ice Cream Toppings","Reese's","Reese's Peanut Butter Topping","Reese's Peanut Butter Topping","2.99","0.0","","7 oz","7 oz","1348.jpg",,"N/A"
"5862","Beverages, Chips & Snacks","Chips & Snacks","Ice Cream Toppings","Skinny Cow","Skinny Cow Vanilla Gone Wild Vanilla Ice Cream Sandwich","Skinny Cow Vanilla Gone Wild Vanilla Ice Cream Sandwich","4.29","0.0","","6 x 4 fl oz","6 x 4 fl oz","1349.jpg",,"21"
"5863","Beverages, Chips & Snacks","Chips & Snacks","Ice Cream Toppings","Smucker's","Smucker's Caramel Flavored Topping","Smucker's Caramel Flavored Topping","2.49","0.0","","12.25 oz","12.25 oz","1334.jpg",,"20"
"5864","Beverages, Chips & Snacks","Chips & Snacks","Ice Cream Toppings","Smucker's","Smucker's Hot Fudge Toppings","Smucker's Hot Fudge Toppings","2.49","0.0","","11.75 oz","11.75 oz","1329.jpg",,"N/A"
"5865","Beverages, Chips & Snacks","Chips & Snacks","Ice Cream Toppings","Smucker's","Smucker's Magic Shell Chocolate Fudge","Smucker's Magic Shell Chocolate Fudge","2.49","0.0","","7.25 oz","7.25 oz","1330.jpg",,"20"
"5866","Beverages, Chips & Snacks","Chips & Snacks","Ice Cream Toppings","Smucker's","Smucker's Magic Shell Chocolate Pretzel","Smucker's Magic Shell Chocolate Pretzel","1.69","0.0","","7.25 oz","7.25 oz","1333.jpg",,"N/A"
"5867","Beverages, Chips & Snacks","Chips & Snacks","Ice Cream Toppings","Smucker's","Smucker's Simple Delight Topping Dark Chocolate","Smucker's Simple Delight Topping Dark Chocolate","3.09","0.0","","11.5 oz","11.5 oz","1335.jpg",,"N/A"
"5868","Beverages, Chips & Snacks","Chips & Snacks","Ice Cream Toppings","Smucker's","Smucker's Simple Delight Topping Hot Fudge","Smucker's Simple Delight Topping Hot Fudge","3.09","0.0","","12 oz","12 oz","1336.jpg",,"N/A"
"5869","Beverages, Chips & Snacks","Chips & Snacks","Ice Cream Toppings","Smucker's","Smucker's Strawberry Topping","Smucker's Strawberry Topping","2.49","0.0","","11.75 oz","11.75 oz","1331.jpg",,"20"
"5870","Beverages, Chips & Snacks","Chips & Snacks","Ice Cream Toppings","Smucker's","Smucker's Sundae Syrup Caramel","Smucker's Sundae Syrup Caramel","3.09","0.0","","20 oz","20 oz","1328.jpg",,"20"
"5871","Beverages, Chips & Snacks","Chips & Snacks","Ice Cream Toppings","Smucker's","Smucker's Topping, Butterscotch Flavored","Smucker's Topping, Butterscotch Flavored","2.49","0.0","","12.25 oz","12.25 oz","1337.jpg",,"N/A"
"5872","Beverages, Chips & Snacks","Chips & Snacks","Ice Cream Toppings","Smucker's","Smucker's Topping, Chocolate Fudge","Smucker's Topping, Chocolate Fudge","2.49","0.0","","12 oz","12 oz","1332.jpg",,"N/A"
"5873","Beverages, Chips & Snacks","Beverages & Water","Cocoa & Drink Mixes","4C","4C Fruit Punch","4C Fruit Punch","1.88","0.0","","18.6 oz","18.6 oz","bcs0330.jpg",,"17"
"5874","Beverages, Chips & Snacks","Beverages & Water","Cocoa & Drink Mixes","4C","4C Half & Half Iced Tea Lemonade","4C Half & Half Iced Tea Lemonade","6.24","0.0","","47.2 oz","47.2 oz","bcs0331.jpg",,"17"
"5875","Beverages, Chips & Snacks","Beverages & Water","Cocoa & Drink Mixes","4C","4C Half & Half Iced Tea Lemonade","4C Half & Half Iced Tea Lemonade","4.99","0.0","","13.9 oz","13.9 oz","bcs0332.jpg",,"17"
"5876","Beverages, Chips & Snacks","Beverages & Water","Cocoa & Drink Mixes","4C","4C Light Green Tea with Honey","4C Light Green Tea with Honey","4.99","0.0","","13.9 oz","13.9 oz","bcs0333.jpg",,"17"
"5877","Beverages, Chips & Snacks","Beverages & Water","Cocoa & Drink Mixes","4C","4C Fruit Punch","4C Fruit Punch","6.24","0.0","","58 oz","58 oz","bcs0334.jpg",,"17"
"5878","Beverages, Chips & Snacks","Beverages & Water","Cocoa & Drink Mixes","4C","4C Lemonade","4C Lemonade","6.24","0.0","","58 oz","58 oz","bcs0335.jpg",,"17"
"5879","Beverages, Chips & Snacks","Beverages & Water","Cocoa & Drink Mixes","4C","4C Lemonade","4C Lemonade","1.88","0.0","","18.6 oz","18.6 oz","bcs0336.jpg",,"17"
"5880","Beverages, Chips & Snacks","Beverages & Water","Cocoa & Drink Mixes","4C","4C Ice Tea Mix Decaffeinated","4C Ice Tea Mix Decaffeinated","6.24","0.0","","47.2 oz","47.2 oz","bcs0337.jpg",,"17"
"5881","Beverages, Chips & Snacks","Beverages & Water","Cocoa & Drink Mixes","4C","4C Ice Tea Mix Decaffeinated","4C Ice Tea Mix Decaffeinated","1.88","0.0","","13.9 oz","13.9 oz","bcs0338.jpg",,"17"
"5882","Beverages, Chips & Snacks","Beverages & Water","Cocoa & Drink Mixes","4C","4C Iced Tea Mix Peach","4C Iced Tea Mix Peach","6.24","0.0","","4 lb","4 lb","bcs0339.jpg",,"17"
"5883","Beverages, Chips & Snacks","Beverages & Water","Cocoa & Drink Mixes","4C","4C Iced Tea Mix Natural Lemon Flavor","4C Iced Tea Mix Natural Lemon Flavor","6.24","0.0","","4 lb","4 lb","bcs0340.jpg",,"17"
"5884","Beverages, Chips & Snacks","Beverages & Water","Cocoa & Drink Mixes","Tang","Tang Orange Naranja Drink Mix","Tang Orange Naranja Drink Mix","3.36","0.0","","20 oz","20 oz","bcs0341.jpg",,"17"
"5885","Beverages, Chips & Snacks","Beverages & Water","Cocoa & Drink Mixes","Tang","Tang Orange Mango Drink Mix","Tang Orange Mango Drink Mix","3.36","0.0","","19.7 oz","19.7 oz","bcs0342.jpg",,"17"
"5886","Beverages, Chips & Snacks","Beverages & Water","Single To-Go Coffee","Dunkin' Donuts","Dunkin' Donuts Cold Brew Coffee Midnight Black","Dunkin' Donuts Cold Brew Coffee Midnight Black","1.88","0.0","","9 fl oz","9 fl oz","bcs0343.jpg",,"17"
"5887","Beverages, Chips & Snacks","Beverages & Water","Single To-Go Coffee","Dunkin' Donuts","Dunkin' Donuts Original Iced Coffee","Dunkin' Donuts Original Iced Coffee","3.13","0.0","","13.7 fl oz","13.7 fl oz","bcs0344.jpg",,"17"
"5888","Beverages, Chips & Snacks","Beverages & Water","Single To-Go Coffee","Dunkin' Donuts","Dunkin' Donuts Iced Mocha","Dunkin' Donuts Iced Mocha","3.13","0.0","","13.7 fl oz","13.7 fl oz","bcs0345.jpg",,"17"
"5889","Beverages, Chips & Snacks","Beverages & Water","Single To-Go Coffee","Dunkin' Donuts","Dunkin' Donuts French Vanilla","Dunkin' Donuts French Vanilla","3.13","0.0","","13.7 fl oz","13.7 fl oz","bcs0346.jpg",,"17"
"5890","Beverages, Chips & Snacks","Beverages & Water","Single To-Go Coffee","Dunkin' Donuts","Dunkin' Donuts Iced Coffee Espresso","Dunkin' Donuts Iced Coffee Espresso","3.13","0.0","","13.7 fl oz","13.7 fl oz","bcs0347.jpg",,"17"
"5891","Beverages, Chips & Snacks","Beverages & Water","Single To-Go Coffee","StarBucks","Starbucks Cold Brew Cocoa & Honey Flavored","Starbucks Cold Brew Cocoa & Honey Flavored","3.74","0.0","","11 fl oz","11 fl oz","bcs0348.jpg",,"17"
"5892","Beverages, Chips & Snacks","Beverages & Water","Single To-Go Coffee","StarBucks","Starbucks Doubleshot Espresso Cans 4 Pack","Starbucks Doubleshot Espresso Cans 4 Pack","3.11","0.0","","4 x 6.5 fl oz","4 x 6.5 fl oz","bcs0349.jpg",,"17"
"5893","Beverages, Chips & Snacks","Beverages & Water","Single To-Go Coffee","StarBucks","Starbucks Doubleshot Americano Cans 4 Pack","Starbucks Doubleshot Americano Cans 4 Pack","3.11","0.0","","4 x 6.5 fl oz","4 x 6.5 fl oz","bcs0350.jpg",,"17"
"5894","Beverages, Chips & Snacks","Beverages & Water","Single To-Go Coffee","StarBucks","Starbucks Tripleshot Energy French Vanilla","Starbucks Tripleshot Energy French Vanilla","3.36","0.0","","15 fl oz","15 fl oz","bcs0351.jpg",,"17"
"5895","Beverages, Chips & Snacks","Beverages & Water","Single To-Go Coffee","StarBucks","Starbucks Tripleshot Energy Dark Roast","Starbucks Tripleshot Energy Dark Roast","3.36","0.0","","15 fl oz","15 fl oz","bcs0352.jpg",,"17"
"5896","Beverages, Chips & Snacks","Beverages & Water","Single To-Go Coffee","StarBucks","Starbucks Tripleshot Energy Cafe Mocha","Starbucks Tripleshot Energy Cafe Mocha","3.36","0.0","","15 fl oz","15 fl oz","bcs0353.jpg",,"17"
"5897","Beverages, Chips & Snacks","Beverages & Water","Single To-Go Coffee","StarBucks","Starbucks Tripleshot Energy Caramel","Starbucks Tripleshot Energy Caramel","3.36","0.0","","15 fl oz","15 fl oz","bcs0354.jpg",,"17"
"5898","Beverages, Chips & Snacks","Beverages & Water","Single To-Go Coffee","StarBucks","Starbucks Doubleshot Energy Vanilla","Starbucks Doubleshot Energy Vanilla","3.74","0.0","","15 fl oz","15 fl oz","bcs0355.jpg",,"17"
"5899","Beverages, Chips & Snacks","Beverages & Water","Single To-Go Coffee","StarBucks","Starbucks Doubleshot Energy Mocha","Starbucks Doubleshot Energy Mocha","3.36","0.0","","15 fl oz","15 fl oz","bcs0356.jpg",,"17"
"5900","Beverages, Chips & Snacks","Beverages & Water","Single To-Go Coffee","StarBucks","Starbucks Doubleshot Energy Coffee","Starbucks Doubleshot Energy Coffee","3.36","0.0","","15 fl oz","15 fl oz","bcs0357.jpg",,"17"
"5901","Beverages, Chips & Snacks","Beverages & Water","Single To-Go Coffee","StarBucks","Stabucks Frappuccino Vanilla","Stabucks Frappuccino Vanilla","3.36","0.0","","13.7 fl oz","13.7 fl oz","bcs0358.jpg",,"17"
"5902","Beverages, Chips & Snacks","Beverages & Water","Single To-Go Coffee","StarBucks","Starbucks Frappuccino Salted Dark Chocolate","Starbucks Frappuccino Salted Dark Chocolate","3.36","0.0","","13.7 fl oz","13.7 fl oz","bcs0359.jpg",,"17"
"5903","Beverages, Chips & Snacks","Beverages & Water","Single To-Go Coffee","StarBucks","Starbucks Frappuccino Brown Butter Caramel","Starbucks Frappuccino Brown Butter Caramel","3.36","0.0","","13.7 fl oz","13.7 fl oz","bcs0360.jpg",,"17"
"5904","Beverages, Chips & Snacks","Beverages & Water","Single To-Go Coffee","StarBucks","Starbucks Frappuccino Caramel","Starbucks Frappuccino Caramel","3.36","0.0","","13.7 fl oz","13.7 fl oz","bcs0361.jpg",,"17"
"5905","Beverages, Chips & Snacks","Beverages & Water","Single To-Go Coffee","StarBucks","Starbucks Frappuccino Toasted White Chocolate","Starbucks Frappuccino Toasted White Chocolate","3.36","0.0","","13.7 fl oz","13.7 fl oz","bcs0362.jpg",,"17"
"5906","Beverages, Chips & Snacks","Beverages & Water","Single To-Go Coffee","StarBucks","Starbucks Frappuccino Vanilla Almondmilk","Starbucks Frappuccino Vanilla Almondmilk","3.36","0.0","","13.7 fl oz","13.7 fl oz","bcs0363.jpg",,"17"
"5907","Beverages, Chips & Snacks","Beverages & Water","Single To-Go Coffee","StarBucks","Starbucks Frappuccino Mocha Almondmilk","Starbucks Frappuccino Mocha Almondmilk","3.36","0.0","","13.7 fl oz","13.7 fl oz","bcs0364.jpg",,"17"
"5908","Beverages, Chips & Snacks","Beverages & Water","Single To-Go Coffee","StarBucks","Starbucks Frappuccino Mocha","Starbucks Frappuccino Mocha","3.36","0.0","","13.7 fl oz","13.7 fl oz","bcs0365.jpg",,"17"
"5909","Beverages, Chips & Snacks","Beverages & Water","Single To-Go Coffee","StarBucks","Starbucks Frappuccino Coffee","Starbucks Frappuccino Coffee","3.36","0.0","","13.7 fl oz","13.7 fl oz","bcs0366.jpg",,"17"
"5910","Beverages, Chips & Snacks","Beverages & Water","Single To-Go Coffee","StarBucks","Starbucks Frappuccino Coffee Bottles 4 Pack","Starbucks Frappuccino Coffee Bottles 4 Pack","6.24","0.0","","4 x 9.5 fl oz","4 x 9.5 fl oz","bcs0367.jpg",,"17"
"5911","Beverages, Chips & Snacks","Beverages & Water","Single To-Go Coffee","StarBucks","Starbucks Frappuccino Mocha Light Bottles 4 Pack","Starbucks Frappuccino Mocha Light Bottles 4 Pack","6.24","0.0","","4 x 9.5 fl oz","4 x 9.5 fl oz","bcs0368.jpg",,"17"
"5912","Beverages, Chips & Snacks","Beverages & Water","Single To-Go Coffee","StarBucks","Starbucks Frappuccino French Vanilla Bottles 4 Pack","Starbucks Frappuccino French Vanilla Bottles 4 Pack","6.24","0.0","","4 x 9.5 fl oz","4 x 9.5 fl oz","bcs0369.jpg",,"17"
"5913","Beverages, Chips & Snacks","Beverages & Water","Single To-Go Coffee","StarBucks","Starbucks Frappuccino Mocha Bottles 4 Pack","Starbucks Frappuccino Mocha Bottles 4 Pack","6.24","0.0","","4 x 9.5 fl oz","4 x 9.5 fl oz","bcs0370.jpg",,"17"
"5914","Beverages, Chips & Snacks","Beverages & Water","Single To-Go Coffee","StarBucks","Starbucks Frappuccino Mocha Almondmilk 4 Pack","Starbucks Frappuccino Mocha Almondmilk 4 Pack","6.24","0.0","","4 x 9.5 fl oz","4 x 9.5 fl oz","bcs0371.jpg",,"17"
"5915","Beverages, Chips & Snacks","Beverages & Water","Single To-Go Coffee","StarBucks","Starbucks Iced Espresso Vanilla Latte","Starbucks Iced Espresso Vanilla Latte","3.36","0.0","","14 fl oz","14 fl oz","bcs0372.jpg",,"17"
"5916","Beverages, Chips & Snacks","Beverages & Water","Single To-Go Coffee","StarBucks","Starbucks Iced Espresso Caramel Macchiato","Starbucks Iced Espresso Caramel Macchiato","3.36","0.0","","14 fl oz","14 fl oz","bcs0373.jpg",,"17"
"5917","Beverages, Chips & Snacks","Beverages & Water","Single To-Go Coffee","StarBucks","Starbucks Iced Espresso Caffe Latte","Starbucks Iced Espresso Caffe Latte","3.36","0.0","","14 fl oz","14 fl oz","bcs0374.jpg",,"17"
"5918","Beverages, Chips & Snacks","Beverages & Water","Single To-Go Coffee","Peet's","Peet's Iced Espresso Vanilla Latte","Peet's Iced Espresso Vanilla Latte","3.13","0.0","","8 fl oz","8 fl oz","bcs0375.jpg",,"17"
"5919","Beverages, Chips & Snacks","Beverages & Water","Single To-Go Coffee","Peet's","Peet's Iced Espresso Caramel Macchiato","Peet's Iced Espresso Caramel Macchiato","3.13","0.0","","8 fl oz","8 fl oz","bcs0376.jpg",,"17"
"5920","Beverages, Chips & Snacks","Beverages & Water","Single To-Go Coffee","Peet's","Peet's Iced Espresso Black & White","Peet's Iced Espresso Black & White","3.13","0.0","","8 fl oz","8 fl oz","bcs0377.jpg",,"17"
"5921","Beverages, Chips & Snacks","Beverages & Water","Single To-Go Coffee","Peet's","Peet's Iced Espresso Mocha","Peet's Iced Espresso Mocha","3.13","0.0","","8 fl oz","8 fl oz","bcs0378.jpg",,"17"
"5922","Beverages, Chips & Snacks","Beverages & Water","Single To-Go Coffee","Forto","Forto Coffee Shot Organic Chocolate Latte","Forto Coffee Shot Organic Chocolate Latte","1.88","0.0","","2 fl oz","2 fl oz","bcs0379.jpg",,"17"
"5923","Beverages, Chips & Snacks","Beverages & Water","Single To-Go Coffee","Forto","Forto Energy Coffee Organic Chocolate Latte","Forto Energy Coffee Organic Chocolate Latte","2.5","0.0","","11 fl oz","11 fl oz","bcs0380.jpg",,"17"
"5924","Beverages, Chips & Snacks","Beverages & Water","Single To-Go Coffee","Forto","Forto Energy Coffee Organic Vanilla Latte","Forto Energy Coffee Organic Vanilla Latte","2.5","0.0","","11 fl oz","11 fl oz","bcs0381.jpg",,"17"
"5925","Beverages, Chips & Snacks","Beverages & Water","Single To-Go Coffee","Forto","Forto Energy Coffee Organic Coffee Latte","Forto Energy Coffee Organic Coffee Latte","2.5","0.0","","11 fl oz","11 fl oz","bcs0382.jpg",,"17"
"5926","Beverages, Chips & Snacks","Beverages & Water","Single To-Go Coffee","KITU","KITU Super Coffee Hazelnut","KITU Super Coffee Hazelnut","3.13","0.0","","12 fl oz","12 fl oz","bcs0383.jpg",,"17"
"5927","Beverages, Chips & Snacks","Beverages & Water","Single To-Go Coffee","KITU","KITU Super Coffee Vanilla","KITU Super Coffee Vanilla","3.13","0.0","","12 fl oz","12 fl oz","bcs0384.jpg",,"17"
"5928","Beverages, Chips & Snacks","Beverages & Water","Single To-Go Coffee","KITU","KITU Super Coffee Maple Pumpkin","KITU Super Coffee Maple Pumpkin","3.13","0.0","","12 fl oz","12 fl oz","bcs0385.jpg",,"17"
"5929","Beverages, Chips & Snacks","Beverages & Water","Single To-Go Coffee","KITU","KITU Super Coffee Mocha","KITU Super Coffee Mocha","3.13","0.0","","12 fl oz","12 fl oz","bcs0386.jpg",,"17"
"5930","Beverages, Chips & Snacks","Beverages & Water","Single To-Go Coffee","KITU","KITU Super Coffee Caramel","KITU Super Coffee Caramel","3.13","0.0","","12 fl oz","12 fl oz","bcs0387.jpg",,"17"
"5931","Beverages, Chips & Snacks","Beverages & Water","Single To-Go Coffee","Loco Coffee Co.","Loco Coffee Co. Maple Cold Brew Coffee + Maple Water","Loco Coffee Co. Maple Cold Brew Coffee + Maple Water","3.74","0.0","","12 fl oz","12 fl oz","bcs0388.jpg",,"17"
"5932","Beverages, Chips & Snacks","Beverages & Water","Single To-Go Coffee","Loco Coffee Co.","Loco Coffee Co. Maple Cold Brew Coffee + Coconut Water","Loco Coffee Co. Maple Cold Brew Coffee + Coconut Water","3.74","0.0","","12 fl oz","12 fl oz","bcs0389.jpg",,"17"
"5933","Beverages, Chips & Snacks","Beverages & Water","Single To-Go Coffee","Twix","Twix Chocolate Lowfat Milk","Twix Chocolate Lowfat Milk","3.74","0.0","","14 fl oz","14 fl oz","bcs0390.jpg",,"17"
"5934","Beverages, Chips & Snacks","Beverages & Water","Single To-Go Coffee","Snickers","Snickers Chocolate Lowfat Milk","Snickers Chocolate Lowfat Milk","3.74","0.0","","14 fl oz","14 fl oz","bcs0391.jpg",,"17"
"5935","Beverages, Chips & Snacks","Beverages & Water","Cocoa & Drink Mixes","Giuliano","Giuliano Dirty Martini Craft Drink Mix","Giuliano Dirty Martini Craft Drink Mix","3.49","0.0","","5 fl oz","5 fl oz","bcs0392.jpg",,"17"
"5936","Beverages, Chips & Snacks","Beverages & Water","Cocoa & Drink Mixes","Angostura","Angostura Aromatic Bitters","Angostura Aromatic Bitters","9.99","0.0","","4 fl oz","4 fl oz","bcs0393.jpg",,"17"
"5937","Beverages, Chips & Snacks","Beverages & Water","Cocoa & Drink Mixes","Suckerpunch","Suckerpunch Gourmet Spicy Bloody Mary Mix","Suckerpunch Gourmet Spicy Bloody Mary Mix","6.24","0.0","","32 fl oz","32 fl oz","bcs0394.jpg",,"17"
"5938","Beverages, Chips & Snacks","Beverages & Water","Cocoa & Drink Mixes","Powell & Mahoney","Powell & Mahoney Skinny Margarita","Powell & Mahoney Skinny Margarita","8.74","0.0","","750 ml","750 ml","bcs0395.jpg",,"17"
"5939","Beverages, Chips & Snacks","Beverages & Water","Cocoa & Drink Mixes","Powell & Mahoney","Powell & Mahoney Classic Margarita","Powell & Mahoney Classic Margarita","8.74","0.0","","750 ml","750 ml","bcs0396.jpg",,"17"
"5940","Beverages, Chips & Snacks","Beverages & Water","Cocoa & Drink Mixes","Powell & Mahoney","Powell & Mahoney Classic Bloody Mary","Powell & Mahoney Classic Bloody Mary","8.74","0.0","","750 ml","750 ml","bcs0397.jpg",,"17"
"5941","Beverages, Chips & Snacks","Beverages & Water","Cocoa & Drink Mixes","Cocktail Artist","Cocktail Artist Strawberry Daiquiri-Margarita Mix","Cocktail Artist Strawberry Daiquiri-Margarita Mix","6.24","0.0","","1 L","1 L","bcs0398.jpg",,"17"
"5942","Beverages, Chips & Snacks","Beverages & Water","Cocoa & Drink Mixes","Cocktail Artist","Cocktail Artist Pina Colada Premium Mix","Cocktail Artist Pina Colada Premium Mix","6.24","0.0","","1 L","1 L","bcs0399.jpg",,"17"
"5943","Beverages, Chips & Snacks","Beverages & Water","Cocoa & Drink Mixes","Cocktail Artist","Cocktail Artist Margarita Premium Mix","Cocktail Artist Margarita Premium Mix","6.24","0.0","","1 L","1 L","bcs0400.jpg",,"17"
"5944","Beverages, Chips & Snacks","Beverages & Water","Cocoa & Drink Mixes","Cocktail Artist","Cocktail Artist Bloody Mary Premium Mix","Cocktail Artist Bloody Mary Premium Mix","6.24","0.0","","1 L","1 L","bcs0401.jpg",,"17"
"5945","Beverages, Chips & Snacks","Beverages & Water","Cocoa & Drink Mixes","Finest Call","Finest Call Premium Strawberry Puree Mix","Finest Call Premium Strawberry Puree Mix","4.99","0.0","","33.8 fl oz","33.8 fl oz","bcs0402.jpg",,"17"
"5946","Beverages, Chips & Snacks","Beverages & Water","Cocoa & Drink Mixes","Finest Call","Finest Call Premium Margarita Mix","Finest Call Premium Margarita Mix","4.99","0.0","","33.8 fl oz","33.8 fl oz","bcs0403.jpg",,"17"
"5947","Beverages, Chips & Snacks","Beverages & Water","Cocoa & Drink Mixes","Finest Call","Finest Call Premium Mango Mix","Finest Call Premium Mango Mix","4.99","0.0","","33.8 fl oz","33.8 fl oz","bcs0404.jpg",,"17"
"5948","Beverages, Chips & Snacks","Beverages & Water","Cocoa & Drink Mixes","Finest Call","Finest Call Premium Sweet & Sour Mix","Finest Call Premium Sweet & Sour Mix","4.99","0.0","","33.8 fl oz","33.8 fl oz","bcs0405.jpg",,"17"
"5949","Beverages, Chips & Snacks","Beverages & Water","Cocoa & Drink Mixes","Mr & Mrs T","Mr & Mrs T Sweet & Sour Mix","Mr & Mrs T Sweet & Sour Mix","4.99","0.0","","1 L","1 L","bcs0406.jpg",,"17"
"5950","Beverages, Chips & Snacks","Beverages & Water","Cocoa & Drink Mixes","Mr & Mrs T","Mr & Mrs T Strawberry Daiquiri-Margarita Mix","Mr & Mrs T Strawberry Daiquiri-Margarita Mix","4.99","0.0","","1 L","1 L","bcs0407.jpg",,"17"
"5951","Beverages, Chips & Snacks","Beverages & Water","Cocoa & Drink Mixes","Mr & Mrs T","Mr & Mrs T Pina Colada Mix","Mr & Mrs T Pina Colada Mix","4.99","0.0","","1 L","1 L","bcs0408.jpg",,"17"
"5952","Beverages, Chips & Snacks","Beverages & Water","Cocoa & Drink Mixes","Mr & Mrs T","Mr & Mrs T Whiskey Sour Mix","Mr & Mrs T Whiskey Sour Mix","4.99","0.0","","1 L","1 L","bcs0409.jpg",,"17"
"5953","Beverages, Chips & Snacks","Beverages & Water","Cocoa & Drink Mixes","Mr & Mrs T","Mr & Mrs T Original Margarita Mix","Mr & Mrs T Original Margarita Mix","4.99","0.0","","1 L","1 L","bcs0410.jpg",,"17"
"5954","Beverages, Chips & Snacks","Beverages & Water","Cocoa & Drink Mixes","Mr & Mrs T","Mr & Mrs T Bold & Spicy Bloody Mary Mix","Mr & Mrs T Bold & Spicy Bloody Mary Mix","4.99","0.0","","1 L","1 L","bcs0411.jpg",,"17"
"5955","Beverages, Chips & Snacks","Beverages & Water","Cocoa & Drink Mixes","Mr & Mrs T","Mr & Mrs T Fiery Pepper Bloody Mary Mix","Mr & Mrs T Fiery Pepper Bloody Mary Mix","4.99","0.0","","1 L","1 L","bcs0412.jpg",,"17"
"5956","Beverages, Chips & Snacks","Beverages & Water","Cocoa & Drink Mixes","Mr & Mrs T","Mr & Mrs T Horseradish Bloody Mary Mix","Mr & Mrs T Horseradish Bloody Mary Mix","4.99","0.0","","1 L","1 L","bcs0413.jpg",,"17"
"5957","Beverages, Chips & Snacks","Beverages & Water","Cocoa & Drink Mixes","Mr & Mrs T","Mr & Mrs T Original Bloody Mary Mix","Mr & Mrs T Original Bloody Mary Mix","4.99","0.0","","1 L","1 L","bcs0414.jpg",,"17"
"5958","Beverages, Chips & Snacks","Beverages & Water","Cocoa & Drink Mixes","Mr & Mrs T","Mr & Mrs T Fiery Pepper Bloody Mary Mix","Mr & Mrs T Fiery Pepper Bloody Mary Mix","6.24","0.0","","1.75 L","1.75 L","bcs0415.jpg",,"17"
"5959","Beverages, Chips & Snacks","Beverages & Water","Cocoa & Drink Mixes","Mr & Mrs T","Mr & Mrs T Bold & Spicy Bloody Mary Mix","Mr & Mrs T Bold & Spicy Bloody Mary Mix","6.24","0.0","","1.75 L","1.75 L","bcs0416.jpg",,"17"
"5960","Beverages, Chips & Snacks","Beverages & Water","Cocoa & Drink Mixes","Mr & Mrs T","Mr & Mrs T Original Bloody Mary Mix","Mr & Mrs T Original Bloody Mary Mix","6.24","0.0","","1.75 L","1.75 L","bcs0417.jpg",,"17"
"5961","Beverages, Chips & Snacks","Beverages & Water","Cocoa & Drink Mixes","Crystal Light","Crystal Light Raspberry Iced Tea","Crystal Light Raspberry Iced Tea","3.75","0.0","","1.85 oz","1.85 oz","4004.jpg",,"17"
"5962","Beverages, Chips & Snacks","Beverages & Water","Cocoa & Drink Mixes","Crystal Light","Crystal Light Raspberry Lemonade Drink Mix","Crystal Light Raspberry Lemonade Drink Mix","3.75","0.0","","1.85 oz","1.85 oz","3997.jpg",,"17"
"5963","Beverages, Chips & Snacks","Beverages & Water","Cocoa & Drink Mixes","Lipton","Lipton Iced Tea Mix Lemon","Lipton Iced Tea Mix Lemon","6.24","0.0","","4 lb","4 lb","4031.jpg",,"17"
"5964","Beverages, Chips & Snacks","Beverages & Water","Cocoa & Drink Mixes","Lipton","Lipton Decaffeinated Iced Tea Unsweetened","Lipton Decaffeinated Iced Tea Unsweetened","4.61","0.0","","3 oz","3 oz","bcs0418.jpg",,"17"
"5965","Beverages, Chips & Snacks","Beverages & Water","Cocoa & Drink Mixes","Lipton","Lipton Iced Tea Lemon Diet","Lipton Iced Tea Lemon Diet","4.11","0.0","","3 oz","3 oz","bcs0419.jpg",,"17"
"5966","Beverages, Chips & Snacks","Beverages & Water","Cocoa & Drink Mixes","Lipton","Lipton Iced Tea Lemon","Lipton Iced Tea Lemon","4.99","0.0","","23.6 oz","23.6 oz","bcs0420.jpg",,"17"
"5967","Beverages, Chips & Snacks","Beverages & Water","Cocoa & Drink Mixes","Master of Mixes","Master of Mixes Sour Apple Martini Mixer","Master of Mixes Sour Apple Martini Mixer","4.99","0.0","","33.8 fl oz","33.8 fl oz","16654.jpg",,"17"
"5968","Beverages, Chips & Snacks","Beverages & Water","Cocoa & Drink Mixes","Master of Mixes","Master of Mixes Handcrafted Margarita Mixer","Master of Mixes Handcrafted Margarita Mixer","4.99","0.0","","33.8 fl oz","33.8 fl oz","bcs0421.jpg",,"17"
"5969","Beverages, Chips & Snacks","Beverages & Water","Cocoa & Drink Mixes","Master of Mixes","Master of Mixes Handcrafted Strawberry Daiquiri & Margarita Mixer","Master of Mixes Handcrafted Strawberry Daiquiri & Margarita Mixer","4.99","0.0","","33.8 fl oz","33.8 fl oz","bcs0422.jpg",,"17"
"5970","Beverages, Chips & Snacks","Beverages & Water","Cocoa & Drink Mixes","Master of Mixes","Master of Mixes Handcrafted Pina Colada Mixer","Master of Mixes Handcrafted Pina Colada Mixer","4.99","0.0","","33.8 fl oz","33.8 fl oz","bcs0423.jpg",,"17"
"5971","Beverages, Chips & Snacks","Beverages & Water","Cocoa & Drink Mixes","Master of Mixes","Master of Mixes Handcrafted Watermelon Daiquiri & Margarita Mixer","Master of Mixes Handcrafted Watermelon Daiquiri & Margarita Mixer","4.99","0.0","","33.8 fl oz","33.8 fl oz","bcs0424.jpg",,"17"
"5972","Beverages, Chips & Snacks","Beverages & Water","Cocoa & Drink Mixes","Master of Mixes","Master of Mixes Handcrafted Mango Daiquiri & Margarita Mixer","Master of Mixes Handcrafted Mango Daiquiri & Margarita Mixer","4.99","0.0","","33.8 fl oz","33.8 fl oz","bcs0425.jpg",,"17"
"5973","Beverages, Chips & Snacks","Beverages & Water","Cocoa & Drink Mixes","Master of Mixes","Master of Mixes Handcrafted Blood Orange Margarita Mixer","Master of Mixes Handcrafted Blood Orange Margarita Mixer","4.99","0.0","","33.8 fl oz","33.8 fl oz","bcs0426.jpg",,"17"
"5974","Beverages, Chips & Snacks","Beverages & Water","Cocoa & Drink Mixes","Master of Mixes","Master of Mixes Handcrafted Mojito Mixer","Master of Mixes Handcrafted Mojito Mixer","4.99","0.0","","33.8 fl oz","33.8 fl oz","bcs0427.jpg",,"17"
"5975","Beverages, Chips & Snacks","Beverages & Water","Cocoa & Drink Mixes","Master of Mixes","Master of Mixes Handcrafted Strawberry Colada Mixer","Master of Mixes Handcrafted Strawberry Colada Mixer","4.99","0.0","","33.8 fl oz","33.8 fl oz","bcs0428.jpg",,"17"
"5976","Beverages, Chips & Snacks","Beverages & Water","Cocoa & Drink Mixes","Master of Mixes","Master of Mixes Handcrafted Sweet 'N Sour Mixer","Master of Mixes Handcrafted Sweet 'N Sour Mixer","4.99","0.0","","33.8 fl oz","33.8 fl oz","bcs0429.jpg",,"17"
"5977","Beverages, Chips & Snacks","Beverages & Water","Cocoa & Drink Mixes","Master of Mixes","Master of Mixes Sweetened Lime Juice","Master of Mixes Sweetened Lime Juice","3.74","0.0","","375 ml","375 ml","bcs0430.jpg",,"17"
"5978","Beverages, Chips & Snacks","Beverages & Water","Cocoa & Drink Mixes","Master of Mixes","Master of Mixes Grenadine Syrup","Master of Mixes Grenadine Syrup","3.74","0.0","","375 ml","375 ml","bcs0431.jpg",,"17"
"5979","Beverages, Chips & Snacks","Beverages & Water","Cocoa & Drink Mixes","Master of Mixes","Master of Mixes Triple Sec","Master of Mixes Triple Sec","3.74","0.0","","375 ml","375 ml","bcs0432.jpg",,"17"
"5980","Beverages, Chips & Snacks","Beverages & Water","Cocoa & Drink Mixes","Master of Mixes","Master of Mixes Simple Syrup","Master of Mixes Simple Syrup","3.74","0.0","","375 ml","375 ml","bcs0433.jpg",,"17"
"5981","Beverages, Chips & Snacks","Beverages & Water","Cocoa & Drink Mixes","Master of Mixes","Master of Mixes Blue Curacao","Master of Mixes Blue Curacao","3.74","0.0","","375 ml","375 ml","bcs0434.jpg",,"17"
"5982","Beverages, Chips & Snacks","Beverages & Water","Cocoa & Drink Mixes","Master of Mixes","Master of Mixes Agave Syrup","Master of Mixes Agave Syrup","3.74","0.0","","375 ml","375 ml","bcs0435.jpg",,"17"
"5983","Beverages, Chips & Snacks","Beverages & Water","Cocoa & Drink Mixes","Master of Mixes","Master of Mixes Lite Margarita Mixer","Master of Mixes Lite Margarita Mixer","7.49","0.0","","1.75 L","1.75 L","bcs0436.jpg",,"17"
"5984","Beverages, Chips & Snacks","Beverages & Water","Cocoa & Drink Mixes","Master of Mixes","Master of Mixes Lite Strawberry Daiquiri & Margarita Mixer","Master of Mixes Lite Strawberry Daiquiri & Margarita Mixer","7.49","0.0","","1.75 L","1.75 L","bcs0437.jpg",,"17"
"5985","Beverages, Chips & Snacks","Beverages & Water","Cocoa & Drink Mixes","Master of Mixes","Master of Mixes Lite Sweet 'N Sour Mixer","Master of Mixes Lite Sweet 'N Sour Mixer","7.49","0.0","","1.75 L","1.75 L","bcs0438.jpg",,"17"
"5986","Beverages, Chips & Snacks","Beverages & Water","Cocoa & Drink Mixes","Master of Mixes","Master of Mixes Blood Orange Margarita Mixer","Master of Mixes Blood Orange Margarita Mixer","7.49","0.0","","1.75 L","1.75 L","bcs0439.jpg",,"17"
"5987","Beverages, Chips & Snacks","Beverages & Water","Cocoa & Drink Mixes","Master of Mixes","Master of Mixes 5 Pepper Bloody Mary Mixer","Master of Mixes 5 Pepper Bloody Mary Mixer","7.49","0.0","","1.75 L","1.75 L","bcs0440.jpg",,"17"
"5988","Beverages, Chips & Snacks","Beverages & Water","Cocoa & Drink Mixes","Master of Mixes","Master of Mixes Classic Bloody Mary Mixer","Master of Mixes Classic Bloody Mary Mixer","7.49","0.0","","1.75 L","1.75 L","bcs0441.jpg",,"17"
"5989","Beverages, Chips & Snacks","Beverages & Water","Cocoa & Drink Mixes","Master of Mixes","Master of Mixes Loaded Bloody Mary Mixer","Master of Mixes Loaded Bloody Mary Mixer","7.49","0.0","","1.75 L","1.75 L","bcs0442.jpg",,"17"
"5990","Beverages, Chips & Snacks","Beverages & Water","Cocoa & Drink Mixes","Master of Mixes","Master of Mixes Margarita Mixer","Master of Mixes Margarita Mixer","7.49","0.0","","1.75 L","1.75 L","bcs0443.jpg",,"17"
"5991","Beverages, Chips & Snacks","Beverages & Water","Cocoa & Drink Mixes","Master of Mixes","Master of Mixes Strawberry Daiquiri & Margarita Mixer","Master of Mixes Strawberry Daiquiri & Margarita Mixer","7.49","0.0","","1.75 L","1.75 L","bcs0444.jpg",,"17"
"5992","Beverages, Chips & Snacks","Beverages & Water","Cocoa & Drink Mixes","Master of Mixes","Master of Mixes Pina Colada Mixer","Master of Mixes Pina Colada Mixer","7.49","0.0","","1.75 L","1.75 L","bcs0445.jpg",,"17"
"5993","Beverages, Chips & Snacks","Beverages & Water","Energy & Sports Drinks","Gatorade","Gatorade Thirst Quencher Powder Mix Lemon Lime","Gatorade Thirst Quencher Powder Mix Lemon Lime","5.61","0.0","","18.3 oz","18.3 oz","3712.jpg",,"17"
"5994","Beverages, Chips & Snacks","Beverages & Water","Energy & Sports Drinks","Gatorade","Gatorade Instant Powder Mix Lemon Lime","Gatorade Instant Powder Mix Lemon Lime","3.74","0.0","","8 x 1.23 oz","8 x 1.23 oz","bcs0446.jpg",,"17"
"5995","Beverages, Chips & Snacks","Beverages & Water","Energy & Sports Drinks","Gatorade","Gatorade Thirst Quencher Fruit Punch Powder Packs","Gatorade Thirst Quencher Fruit Punch Powder Packs","3.74","0.0","","8 x 1.24 oz","8 x 1.24 oz","No Image.jpg",,"17"
"5996","Beverages, Chips & Snacks","Beverages & Water","Energy & Sports Drinks","Monster","Monster Energy Low Carb 4 Pack","Monster Energy Low Carb 4 Pack","8.74","0.0","","4 x 16 fl oz","4 x 16 fl oz","bcs0447.jpg",,"17"
"5997","Beverages, Chips & Snacks","Beverages & Water","Energy & Sports Drinks","Monster","Monster Energy Ultra Sunrise 4 Pack","Monster Energy Ultra Sunrise 4 Pack","8.74","0.0","","4 x 16 fl oz","4 x 16 fl oz","bcs0448.jpg",,"17"
"5998","Beverages, Chips & Snacks","Beverages & Water","Energy & Sports Drinks","Monster","Monster Energy Pipeline Punch 4 Pack","Monster Energy Pipeline Punch 4 Pack","8.74","0.0","","4 x 16 fl oz","4 x 16 fl oz","bcs0449.jpg",,"17"
"5999","Beverages, Chips & Snacks","Beverages & Water","Energy & Sports Drinks","Monster","Monster Energy 10 Pack","Monster Energy 10 Pack","19.36","0.0","","10 x 16 fl oz","10 x 16 fl oz","bcs0450.jpg",,"17"
"6000","Beverages, Chips & Snacks","Beverages & Water","Energy & Sports Drinks","Monster","Monster Energy Ultra Sunrise 10 Pack","Monster Energy Ultra Sunrise 10 Pack","19.36","0.0","","10 x 16 fl oz","10 x 16 fl oz","bcs0451.jpg",,"17"
"6001","Beverages, Chips & Snacks","Beverages & Water","Energy & Sports Drinks","Monster","Monster Energy Low Carb 10 Pack","Monster Energy Low Carb 10 Pack","19.36","0.0","","10 x 16 fl oz","10 x 16 fl oz","bcs0452.jpg",,"17"
"6002","Beverages, Chips & Snacks","Beverages & Water","Energy & Sports Drinks","Monster","Monster Energy Zero Ultra 10 Pack","Monster Energy Zero Ultra 10 Pack","19.36","0.0","","10 x 16 fl oz","10 x 16 fl oz","bcs0453.jpg",,"17"
"6003","Beverages, Chips & Snacks","Beverages & Water","Energy & Sports Drinks","Monster","Monster Energy Ultra Paradise","Monster Energy Ultra Paradise","19.36","0.0","","10 x 16 fl oz","10 x 16 fl oz","bcs0454.jpg",,"17"
"6004","Beverages, Chips & Snacks","Beverages & Water","Energy & Sports Drinks","Monster","Monster Ultra Energy Drinks","Monster Ultra Energy Drinks","2.49","0.0","","16 fl oz","16 fl oz","3781.jpg",,"17"
"6005","Beverages, Chips & Snacks","Beverages & Water","Energy & Sports Drinks","Monster","Monster Energy Ultra Rosa","Monster Energy Ultra Rosa","2.49","0.0","","16 fl oz","16 fl oz","bcs0455.jpg",,"17"
"6006","Beverages, Chips & Snacks","Beverages & Water","Energy & Sports Drinks","Monster","Monster Energy Ultra Fiesta","Monster Energy Ultra Fiesta","2.49","0.0","","16 fl oz","16 fl oz","bcs0456.jpg",,"17"
"6007","Beverages, Chips & Snacks","Beverages & Water","Energy & Sports Drinks","Monster","Monster Energy Zero Ultra","Monster Energy Zero Ultra","2.49","0.0","","16 fl oz","16 fl oz","bcs0457.jpg",,"17"
"6008","Beverages, Chips & Snacks","Beverages & Water","Energy & Sports Drinks","NOS","NOS High Performance Energy Drink","NOS High Performance Energy Drink","2.09","0.0","","16 fl oz","16 fl oz","bcs0458.jpg",,"17"
"6009","Beverages, Chips & Snacks","Beverages & Water","Energy & Sports Drinks","NOS","NOS High Performance Energy Drink 8 Pack","NOS High Performance Energy Drink 8 Pack","12.49","0.0","","8 x 16 fl oz","8 x 16 fl oz","bcs0459.jpg",,"17"
"6010","Beverages, Chips & Snacks","Beverages & Water","Energy & Sports Drinks","Mountain Dew","Mountain Dew Kickstart Black Cherry","Mountain Dew Kickstart Black Cherry","2.49","0.0","","16 fl oz","16 fl oz","3784.jpg",,"17"
"6011","Beverages, Chips & Snacks","Beverages & Water","Energy & Sports Drinks","Mountain Dew","Mountain Dew Kickstart Energizing Limeade Flavored Sparkling Juice Beverage","Mountain Dew Kickstart Energizing Limeade Flavored Sparkling Juice Beverage","2.49","0.0","","16 fl oz","16 fl oz","3783.jpg",,"17"
"6012","Beverages, Chips & Snacks","Beverages & Water","Energy & Sports Drinks","Mountain Dew","Mountain Dew Kickstart Energizing Orange Citrus Soda","Mountain Dew Kickstart Energizing Orange Citrus Soda","2.49","0.0","","16 fl oz","16 fl oz","3785.jpg",,"17"
"6013","Beverages, Chips & Snacks","Beverages & Water","Energy & Sports Drinks","Mountain Dew","Mountain Dew Original Citrus Flavored Energy Drink","Mountain Dew Original Citrus Flavored Energy Drink","2.49","0.0","","16 fl oz","16 fl oz","3782.jpg",,"17"
"6014","Beverages, Chips & Snacks","Beverages & Water","Energy & Sports Drinks","Red Bull","Red Bull The Coconut Edition - Coconut Berry","Red Bull The Coconut Edition - Coconut Berry","9.36","0.0","","4 x 8.4 fl oz","4 x 8.4 fl oz","bcs0460.jpg",,"17"
"6015","Beverages, Chips & Snacks","Beverages & Water","Energy & Sports Drinks","Red Bull","Red Bull The Yellow Edition - Tropical","Red Bull The Yellow Edition - Tropical","9.36","0.0","","4 x 8.4 fl oz","4 x 8.4 fl oz","bcs0461.jpg",,"17"
"6016","Beverages, Chips & Snacks","Beverages & Water","Energy & Sports Drinks","Red Bull","Red Bull The Orange Edition - Tangerine","Red Bull The Orange Edition - Tangerine","9.36","0.0","","4 x 8.4 fl oz","4 x 8.4 fl oz","bcs0462.jpg",,"17"
"6017","Beverages, Chips & Snacks","Beverages & Water","Energy & Sports Drinks","Red Bull","Red Bull Energy Drink","Red Bull Energy Drink","4.36","0.0","","16 fl oz","16 fl oz","3732.jpg",,"17"
"6018","Beverages, Chips & Snacks","Beverages & Water","Energy & Sports Drinks","Red Bull","Red Bull Energy Drink","Red Bull Energy Drink","22.49","0.0","","12 x 8.4 fl oz","12 x 8.4 fl oz","3733.jpg",,"17"
"6019","Beverages, Chips & Snacks","Beverages & Water","Energy & Sports Drinks","Red Bull","Red Bull Energy Drink","Red Bull Energy Drink","3.13","0.0","","12 fl oz","12 fl oz","3736.jpg",,"17"
"6020","Beverages, Chips & Snacks","Beverages & Water","Energy & Sports Drinks","Red Bull","Red Bull Energy Drink The Yellow Edition Tropical","Red Bull Energy Drink The Yellow Edition Tropical","3.13","0.0","","12 fl oz","12 fl oz","3734.jpg",,"17"
"6021","Beverages, Chips & Snacks","Beverages & Water","Energy & Sports Drinks","Red Bull","Red Bull Sugar Free","Red Bull Sugar Free","22.49","0.0","","12 x 8.4 fl oz","12 x 8.4 fl oz","3731.jpg",,"17"
"6022","Beverages, Chips & Snacks","Beverages & Water","Energy & Sports Drinks","Red Bull","Red Bull Sugar Free","Red Bull Sugar Free","2.49","0.0","","8.4 fl oz","8.4 fl oz","3735.jpg",,"17"
"6023","Beverages, Chips & Snacks","Beverages & Water","Energy & Sports Drinks","Red Bull","Red Bull Energy Drink","Red Bull Energy Drink","2.49","0.0","","8.4 fl oz","8.4 fl oz","bcs0463.jpg",,"17"
"6024","Beverages, Chips & Snacks","Beverages & Water","Energy & Sports Drinks","Red Bull","Red Bull Sugar Free","Red Bull Sugar Free","4.36","0.0","","16 fl oz","16 fl oz","3739.jpg",,"17"
"6025","Beverages, Chips & Snacks","Beverages & Water","Energy & Sports Drinks","Red Bull","Red Bull Sugar Free","Red Bull Sugar Free","3.13","0.0","","12 fl oz","12 fl oz","3741.jpg",,"17"
"6026","Beverages, Chips & Snacks","Beverages & Water","Energy & Sports Drinks","Red Bull","Red Bull The Blue Edition - Blueberry","Red Bull The Blue Edition - Blueberry","9.36","0.0","","4 x 8.4 fl oz","4 x 8.4 fl oz","3729.jpg",,"17"
"6027","Beverages, Chips & Snacks","Beverages & Water","Energy & Sports Drinks","Red Bull","Red Bull The Red Edition - Cranberry","Red Bull The Red Edition - Cranberry","9.36","0.0","","4 x 8.4 fl oz","4 x 8.4 fl oz","3740.jpg",,"17"
"6028","Beverages, Chips & Snacks","Beverages & Water","Energy & Sports Drinks","Red Bull","Red Bull Total Zero Energy Drink","Red Bull Total Zero Energy Drink","3.13","0.0","","12 fl oz","12 fl oz","3728.jpg",,"17"
"6029","Beverages, Chips & Snacks","Beverages & Water","Energy & Sports Drinks","Red Bull","Red Bull Red Edition - Cranberry","Red Bull Red Edition - Cranberry","3.13","0.0","","12 fl oz","12 fl oz","bcs0464.jpg",,"17"
"6030","Beverages, Chips & Snacks","Beverages & Water","Energy & Sports Drinks","Red Bull","Red Bull Peach Edition - Peach Nectarine","Red Bull Peach Edition - Peach Nectarine","3.13","0.0","","12 fl oz","12 fl oz","bcs0465.jpg",,"17"
"6031","Beverages, Chips & Snacks","Beverages & Water","Energy & Sports Drinks","Red Bull","Red Bull Orange Edition - Tangerine","Red Bull Orange Edition - Tangerine","3.13","0.0","","12 fl oz","12 fl oz","bcs0466.jpg",,"17"
"6032","Beverages, Chips & Snacks","Beverages & Water","Energy & Sports Drinks","Red Bull","Red Bull Coconut Edition - Coconut Berry","Red Bull Coconut Edition - Coconut Berry","3.13","0.0","","12 fl oz","12 fl oz","bcs0467.jpg",,"17"
"6033","Beverages, Chips & Snacks","Beverages & Water","Energy & Sports Drinks","Red Bull","Red Bull Green Edition - Kiwi Apple","Red Bull Green Edition - Kiwi Apple","3.13","0.0","","12 fl oz","12 fl oz","bcs0468.jpg",,"17"
"6034","Beverages, Chips & Snacks","Beverages & Water","Energy & Sports Drinks","Red Bull","Red Bull Blue Edition - Blueberry","Red Bull Blue Edition - Blueberry","3.13","0.0","","12 fl oz","12 fl oz","bcs0469.jpg",,"17"
"6035","Beverages, Chips & Snacks","Beverages & Water","Energy & Sports Drinks","Rockstar","Rockstar Regular Energy Drink","Rockstar Regular Energy Drink","2.24","0.0","","16 fl oz","16 fl oz","3788.jpg",,"17"
"6036","Beverages, Chips & Snacks","Beverages & Water","Energy & Sports Drinks","Rockstar","Rockstar Sugar Free Energy Drink","Rockstar Sugar Free Energy Drink","2.24","0.0","","16 fl oz","16 fl oz","3787.jpg",,"17"
"6037","Beverages, Chips & Snacks","Beverages & Water","Juice & Nectars","The Ginger People","The Ginger People Organic Ginger Juice","The Ginger People Organic Ginger Juice","4.99","0.0","","5 fl oz","5 fl oz","bcs0470.jpg",,"17"
"6038","Beverages, Chips & Snacks","Beverages & Water","Juice & Nectars","Reese","Reese Maraschino Syrup - Sweet Essence of Cherry","Reese Maraschino Syrup - Sweet Essence of Cherry","3.74","0.0","","8 fl oz","8 fl oz","bcs0471.jpg",,"17"
"6039","Beverages, Chips & Snacks","Beverages & Water","Juice & Nectars","Reese","Reese Maraschino Cherry with Stem","Reese Maraschino Cherry with Stem","4.38","0.0","","10 oz","10 oz","bcs0472.jpg",,"17"
"6040","Beverages, Chips & Snacks","Beverages & Water","Juice & Nectars","Rose's","Rose's Sweetened Lime Juice","Rose's Sweetened Lime Juice","3.74","0.0","","12 fl oz","12 fl oz","bcs0473.jpg",,"17"
"6041","Beverages, Chips & Snacks","Beverages & Water","Juice & Nectars","Rose's","Rose's Sweetened Lime Juice","Rose's Sweetened Lime Juice","4.99","0.0","","25 fl oz","25 fl oz","bcs0474.jpg",,"17"
"6042","Beverages, Chips & Snacks","Beverages & Water","Juice & Nectars","Rose's","Rose's Grenadine Syrup","Rose's Grenadine Syrup","3.74","0.0","","12 fl oz","12 fl oz","bcs0475.jpg",,"17"
"6043","Beverages, Chips & Snacks","Beverages & Water","Juice & Nectars","Hawaiian Punch","Hawaiian Punch Fruit Juicy Red Juice Drink","Hawaiian Punch Fruit Juicy Red Juice Drink","2.49","0.0","","2 L","2 L","16363.jpg",,"10"
"6044","Beverages, Chips & Snacks","Beverages & Water","Juice & Nectars","Kool-Aid","Kool Aid Cherry","Kool Aid Cherry","3.36","0.0","","19 oz","19 oz","bcs0476.jpg",,"17"
"6045","Beverages, Chips & Snacks","Beverages & Water","Juice & Nectars","Kool-Aid","Kool Aid Grape","Kool Aid Grape","3.36","0.0","","19 oz","19 oz","bcs0477.jpg",,"17"
"6046","Beverages, Chips & Snacks","Beverages & Water","Juice & Nectars","Kool-Aid","Kool Aid Orange","Kool Aid Orange","3.36","0.0","","19 oz","19 oz","bcs0478.jpg",,"17"
"6047","Beverages, Chips & Snacks","Beverages & Water","Juice & Nectars","Kool-Aid","Kool Aid Strawberry","Kool Aid Strawberry","3.36","0.0","","19 oz","19 oz","bcs0479.jpg",,"17"
"6048","Beverages, Chips & Snacks","Beverages & Water","Juice & Nectars","Kool-Aid","Kool Aid Tropical Punch","Kool Aid Tropical Punch","3.36","0.0","","19 oz","19 oz","bcs0480.jpg",,"17"
"6049","Beverages, Chips & Snacks","Beverages & Water","Juice & Nectars","Minute Maid","Minute Maid Pink Lemonade Made with Real Lemons","Minute Maid Pink Lemonade Made with Real Lemons","6.86","0.0","","12 x 12 fl oz","12 x 12 fl oz","bcs0481.jpg",,"17"
"6050","Beverages, Chips & Snacks","Beverages & Water","Ice Pops","Wyler's","Wyler's Italian Aces","Wyler's Italian Aces","3.13","0.0","","16 x 2 oz","16 x 2 oz","bcs0482.jpg",,"17"
"6051","Beverages, Chips & Snacks","Beverages & Water","Ice Pops","Slush Puppie","Slush Puppie Slush Bars","Slush Puppie Slush Bars","1.24","0.0","","10 x 1 oz","10 x 1 oz","bcs0483.jpg",,"17"
"6052","Beverages, Chips & Snacks","Beverages & Water","Ice Pops","Jolly Rancher","Jolly Rancher Freezer Pops","Jolly Rancher Freezer Pops","1.24","0.0","","10 x 1 oz","10 x 1 oz","bcs0484.jpg",,"17"
"6053","Beverages, Chips & Snacks","Beverages & Water","Ice Pops","Juicy Juice","Juicy Juice Freezer Pops","Juicy Juice Freezer Pops","1.24","0.0","","10 x 1 oz","10 x 1 oz","bcs0485.jpg",,"17"
"6054","Beverages, Chips & Snacks","Beverages & Water","Ice Pops","Market Basket","Market Basket FunPops","Market Basket FunPops","4.99","0.0","","100 x 1.5 oz","100 x 1.5 oz","Market Basket.jpg",,"17"
"6055","Beverages, Chips & Snacks","Beverages & Water","Ice Pops","Flavorice","Flavorice 6 Fruity Flavors","Flavorice 6 Fruity Flavors","1.49","0.0","","16 x 1.5 oz","16 x 1.5 oz","bcs0486.jpg",,"17"
"6056","Beverages, Chips & Snacks","Beverages & Water","Cocoa & Drink Mixes","Crystal Light","Crystal Light Peach Mango Green Tea","Crystal Light Peach Mango Green Tea","3.75","0.0","","1.85 oz","1.85 oz","bcs0487.jpg",,"17"
"6057","Beverages, Chips & Snacks","Beverages & Water","Cocoa & Drink Mixes","Crystal Light","Crystal Light Strawberry Watermelon","Crystal Light Strawberry Watermelon","3.75","0.0","","1.85 oz","1.85 oz","bcs0488.jpg",,"17"
"6058","Beverages, Chips & Snacks","Beverages & Water","Cocoa & Drink Mixes","Crystal Light","Crystal Light Pure Lemon Iced Tea","Crystal Light Pure Lemon Iced Tea","3.75","0.0","","2.53 oz","2.53 oz","bcs0489.jpg",,"17"
"6059","Beverages, Chips & Snacks","Beverages & Water","Cocoa & Drink Mixes","Crystal Light","Crystal Light Pure Lemonade","Crystal Light Pure Lemonade","3.75","0.0","","2.53 oz","2.53 oz","bcs0490.jpg",,"17"
"6060","Beverages, Chips & Snacks","Beverages & Water","Cocoa & Drink Mixes","Crystal Light","Crystal Light Strawberry Orange Banana","Crystal Light Strawberry Orange Banana","3.75","0.0","","2.4 oz","2.4 oz","bcs0491.jpg",,"17"
"6061","Beverages, Chips & Snacks","Beverages & Water","Soft Drinks","Barq's","Barq's Diet Root Beer Box of Cans","Barq's Diet Root Beer Box of Cans","6.86","0.0","","12 x 12 fl oz","12 x 12 fl oz","16587.jpg",,"17"
"6062","Beverages, Chips & Snacks","Beverages & Water","Soft Drinks","Barq's","Barq's Root Beer","Barq's Root Beer","1.24","0.0","","2 L","2 L","16633.jpg",,"17"
"6063","Beverages, Chips & Snacks","Beverages & Water","Soft Drinks","Moxie","Moxie Soda Box of Cans","Moxie Soda Box of Cans","6.86","0.0","","12 x 12 fl oz","12 x 12 fl oz","bcs0492.jpg",,"17"
"6064","Beverages, Chips & Snacks","Beverages & Water","Soft Drinks","Brisk","Brisk Lemon Iced Tea","Brisk Lemon Iced Tea","2.5","0.0","","2 L","2 L","16580.jpg",,"17"
"6065","Beverages, Chips & Snacks","Beverages & Water","Soft Drinks","Brisk","Brisk Lemon Iced Tea Box of Cans","Brisk Lemon Iced Tea Box of Cans","5.63","0.0","","12 x 12 fl oz","12 x 12 fl oz","bcs0493.jpg",,"17"
"6066","Beverages, Chips & Snacks","Beverages & Water","Ginger Ale","Canada Dry","Canada Dry Ginger Ale","Canada Dry Ginger Ale","1.24","0.0","","2 L","2 L","16560.jpg",,"17"
"6067","Beverages, Chips & Snacks","Beverages & Water","Ginger Ale","Canada Dry","Canada Dry Ginger Ale Box of Cans","Canada Dry Ginger Ale Box of Cans","6.86","0.0","","12 x 12 fl oz","12 x 12 fl oz","16559.jpg",,"17"
"6068","Beverages, Chips & Snacks","Beverages & Water","Ginger Ale","Canada Dry","Canada Dry Diet Ginger Ale","Canada Dry Diet Ginger Ale","6.86","0.0","","12 x 12 fl oz","12 x 12 fl oz","bcs0494.jpg",,"17"
"6069","Beverages, Chips & Snacks","Beverages & Water","Ginger Ale","Canada Dry","Canada Dry Ginger Ale","Canada Dry Ginger Ale","5.63","0.0","","8 x 12 fl oz","8 x 12 fl oz","16576.jpg",,"17"
"6070","Beverages, Chips & Snacks","Beverages & Water","Soft Drinks","Canada Dry","Canada Dry DietGinger Ale","Canada Dry DietGinger Ale","5.63","0.0","","8 x 12 fl oz","8 x 12 fl oz","bcs0495.jpg",,"17"
"6071","Beverages, Chips & Snacks","Beverages & Water","Ginger Ale","Canada Dry","Canada Dry Ginger Ale Box of Cans","Canada Dry Ginger Ale Box of Cans","9.99","0.0","","24 x 12 fl oz","24 x 12 fl oz","16604.jpg",,"17"
"6072","Beverages, Chips & Snacks","Beverages & Water","Ginger Ale","Canada Dry","Canada Dry Ginger Ale","Canada Dry Ginger Ale","5.0","0.0","","6 x 16.9 fl oz","6 x 16.9 fl oz","16607.jpg",,"17"
"6073","Beverages, Chips & Snacks","Beverages & Water","Ginger Ale","Canada Dry","Canada Dry Diet Ginger Ale","Canada Dry Diet Ginger Ale","5.0","0.0","","6 x 16.9 fl oz","6 x 16.9 fl oz","bcs0496.jpg",,"17"
"6074","Beverages, Chips & Snacks","Beverages & Water","Ginger Ale","Canada Dry","Canada Dry Diet Ginger Ale Can","Canada Dry Diet Ginger Ale Can","4.16","0.0","","6 x 7.5 fl oz","6 x 7.5 fl oz","16562.jpg",,"17"
"6075","Beverages, Chips & Snacks","Beverages & Water","Ginger Ale","Canada Dry","Canada Dry Ginger Ale Can","Canada Dry Ginger Ale Can","4.16","0.0","","6 x 7.5 fl oz","6 x 7.5 fl oz","bcs0497.jpg",,"17"
"6076","Beverages, Chips & Snacks","Beverages & Water","Soft Drinks","Green Cola","Green Cola No Sugar","Green Cola No Sugar","2.5","0.0","","67.6 fl oz","67.6 fl oz","bcs0498.jpg",,"17"
"6077","Beverages, Chips & Snacks","Beverages & Water","Soft Drinks","Green Cola","Green Cola No Sugar Box of Cans","Green Cola No Sugar Box of Cans","6.24","0.0","","8 x 12 fl oz","8 x 12 fl oz","bcs0499.jpg",,"17"
"6078","Beverages, Chips & Snacks","Beverages & Water","Ginger Ale","Canada Dry","Canada Dry Diet Ginger Ale","Canada Dry Diet Ginger Ale","1.24","0.0","","2 L","2 L","16615.jpg",,"17"
"6079","Beverages, Chips & Snacks","Beverages & Water","Soft Drinks","Coca Cola","Coca Cola Diet Coke","Coca Cola Diet Coke","1.24","0.0","","2 L","2 L","16564.jpg",,"17"
"6080","Beverages, Chips & Snacks","Beverages & Water","Soft Drinks","Coca Cola","Coca Cola Diet Coke","Coca Cola Diet Coke","1.49","0.0","","42.2 fl oz","42.2 fl oz","bcs0500.jpg",,"17"
"6081","Beverages, Chips & Snacks","Beverages & Water","Soft Drinks","Coca Cola","Coca Cola Diet Coke","Coca Cola Diet Coke","5.0","0.0","","6 x 16.9 fl oz","6 x 16.9 fl oz","bcs0501.jpg",,"17"
"6082","Beverages, Chips & Snacks","Beverages & Water","Soft Drinks","Coca Cola","Coca Cola Zero Sugar Cola","Coca Cola Zero Sugar Cola","5.0","0.0","","6 x 16.9 fl oz","6 x 16.9 fl oz","16566.jpg",,"17"
"6083","Beverages, Chips & Snacks","Beverages & Water","Soft Drinks","Coca Cola","Coca Cola Diet Coke","Coca Cola Diet Coke","5.63","0.0","","8 x 12 fl oz","8 x 12 fl oz","16558.jpg",,"17"
"6084","Beverages, Chips & Snacks","Beverages & Water","Soft Drinks","Coca-Cola","Coca Cola Caffeine Free Diet Coke","Coca Cola Caffeine Free Diet Coke","1.24","0.0","","2 L","2 L","3938.jpg",,"17"
"6085","Beverages, Chips & Snacks","Beverages & Water","Soft Drinks","Coca-Cola","Coca Cola Caffeine Free Diet Coke","Coca Cola Caffeine Free Diet Coke","5.0","0.0","","6 x 16.9 fl oz","6 x 16.9 fl oz","3939.jpg",,"17"
"6086","Beverages, Chips & Snacks","Beverages & Water","Soft Drinks","Coca-Cola","Coca Cola Caffeine Free Diet Coke","Coca Cola Caffeine Free Diet Coke","5.63","0.0","","8 x 12 fl oz","8 x 12 fl oz","3951.jpg",,"17"
"6087","Beverages, Chips & Snacks","Beverages & Water","Soft Drinks","Coca-Cola","Coca Cola Cherry Vanilla","Coca Cola Cherry Vanilla","5.0","0.0","","6 x 16.9 fl oz","6 x 16.9 fl oz","3948.jpg",,"17"
"6088","Beverages, Chips & Snacks","Beverages & Water","Soft Drinks","Coca-Cola","Coca Cola Cherry Flavored","Coca Cola Cherry Flavored","1.24","0.0","","2 L","2 L","3942.jpg",,"17"
"6089","Beverages, Chips & Snacks","Beverages & Water","Soft Drinks","Coca-Cola","Coca Cola Original Taste Mini","Coca Cola Original Taste Mini","5.63","0.0","","8 x 12 fl oz","8 x 12 fl oz","3941.jpg",,"17"
"6090","Beverages, Chips & Snacks","Beverages & Water","Soft Drinks","Coca-Cola","Coca Cola Original Taste","Coca Cola Original Taste","5.0","0.0","","6 x 16.9 fl oz","6 x 16.9 fl oz","3946.jpg",,"17"
"6091","Beverages, Chips & Snacks","Beverages & Water","Soft Drinks","Coca-Cola","Coca Cola Zero Sugar Box of Cans","Coca Cola Zero Sugar Box of Cans","9.99","0.0","","24 x 12 fl oz","24 x 12 fl oz","bcs0502.jpg",,"17"
"6092","Beverages, Chips & Snacks","Beverages & Water","Soft Drinks","Coca-Cola","Coca Cola Original Taste","Coca Cola Original Taste","1.24","0.0","","2 L","2 L","3937.jpg",,"17"
"6093","Beverages, Chips & Snacks","Beverages & Water","Soft Drinks","Coca-Cola","Coca Cola Original Taste","Coca Cola Original Taste","1.49","0.0","","42.2 fl oz","42.2 fl oz","bcs0503.jpg",,"17"
"6094","Beverages, Chips & Snacks","Beverages & Water","Soft Drinks","Coca-Cola","Coca Cola Original Taste Can","Coca Cola Original Taste Can","4.16","0.0","","6 x 12 fl oz","6 x 12 fl oz","bcs0504.jpg",,"17"
"6095","Beverages, Chips & Snacks","Beverages & Water","Soft Drinks","Coca-Cola","Coca Cola Zero Sugar Can","Coca Cola Zero Sugar Can","4.16","0.0","","6 x 12 fl oz","6 x 12 fl oz","bcs0505.jpg",,"17"
"6096","Beverages, Chips & Snacks","Beverages & Water","Soft Drinks","Coca-Cola","Coca Cola Diet Coke Can","Coca Cola Diet Coke Can","4.16","0.0","","6 x 12 fl oz","6 x 12 fl oz","bcs0506.jpg",,"17"
"6097","Beverages, Chips & Snacks","Beverages & Water","Soft Drinks","Coca-Cola","Coca Cola Original Taste Box of Cans","Coca Cola Original Taste Box of Cans","9.99","0.0","","24 x 12 fl oz","24 x 12 fl oz","bcs0507.jpg",,"17"
"6098","Beverages, Chips & Snacks","Beverages & Water","Soft Drinks","Coca-Cola","Coca Cola Original Taste Box of Cans","Coca Cola Original Taste Box of Cans","6.86","0.0","","12 x 12 fl oz","12 x 12 fl oz","bcs0508.jpg",,"17"
"6099","Beverages, Chips & Snacks","Beverages & Water","Soft Drinks","Coca-Cola","Coca Cola Zero Sugar Box of Cans","Coca Cola Zero Sugar Box of Cans","6.86","0.0","","12 x 12 fl oz","12 x 12 fl oz","bcs0509.jpg",,"17"
"6100","Beverages, Chips & Snacks","Beverages & Water","Soft Drinks","Coca-Cola","Coca Cola Zero Sugar Diet Coke Box of Cans","Coca Cola Zero Sugar Diet Coke Box of Cans","6.86","0.0","","12 x 12 fl oz","12 x 12 fl oz","bcs0510.jpg",,"17"
"6101","Beverages, Chips & Snacks","Beverages & Water","Soft Drinks","Coca-Cola","Coca Cola Caffeine Free Box of Cans","Coca Cola Caffeine Free Box of Cans","6.86","0.0","","12 x 12 fl oz","12 x 12 fl oz","bcs0511.jpg",,"17"
"6102","Beverages, Chips & Snacks","Beverages & Water","Soft Drinks","Coca-Cola","Coca Cola Caffeine Free Diet Coke Box of Cans","Coca Cola Caffeine Free Diet Coke Box of Cans","6.86","0.0","","12 x 12 fl oz","12 x 12 fl oz","bcs0512.jpg",,"17"
"6103","Beverages, Chips & Snacks","Beverages & Water","Soft Drinks","Coca-Cola","Coca Cola Vanilla Box of Cans","Coca Cola Vanilla Box of Cans","6.86","0.0","","12 x 12 fl oz","12 x 12 fl oz","3945.jpg",,"17"
"6104","Beverages, Chips & Snacks","Beverages & Water","Soft Drinks","Country Time","Country Time Lemonade Flavored Drink","Country Time Lemonade Flavored Drink","3.36","0.0","","19 oz","19 oz","16652.jpg",,"17"
"6105","Beverages, Chips & Snacks","Beverages & Water","Soft Drinks","Country Time","Country Time Pink Lemonade","Country Time Pink Lemonade","3.36","0.0","","19 oz","19 oz","bcs0513.jpg",,"17"
"6106","Beverages, Chips & Snacks","Beverages & Water","Soft Drinks","Country Time","Country Time Half Lemonade & Half Iced Tea","Country Time Half Lemonade & Half Iced Tea","3.36","0.0","","19 oz","19 oz","bcs0514.jpg",,"17"
"6107","Beverages, Chips & Snacks","Beverages & Water","Soft Drinks","Crush","Crush Grape Soda","Crush Grape Soda","2.5","0.0","","2 L","2 L","16602.jpg",,"17"
"6108","Beverages, Chips & Snacks","Beverages & Water","Soft Drinks","Crush","Crush Orange Diet Soda","Crush Orange Diet Soda","2.5","0.0","","2 L","2 L","16628.jpg",,"17"
"6109","Beverages, Chips & Snacks","Beverages & Water","Soft Drinks","Crush","Crush Orange Soda","Crush Orange Soda","5.0","0.0","","6 x 16.9 fl oz","6 x 16.9 fl oz","bcs0515.jpg",,"17"
"6110","Beverages, Chips & Snacks","Beverages & Water","Soft Drinks","Crush","Crush Orange Soda","Crush Orange Soda","2.5","0.0","","2 L","2 L","bcs0516.jpg",,"17"
"6111","Beverages, Chips & Snacks","Beverages & Water","Soft Drinks","Crush","Crush Orange Soda Can","Crush Orange Soda Can","4.38","0.0","","6 x 7.5 fl oz","6 x 7.5 fl oz","bcs0517.jpg",,"17"
"6112","Beverages, Chips & Snacks","Beverages & Water","Soft Drinks","Crush","Crush Pineapple Soda","Crush Pineapple Soda","2.5","0.0","","2 L","2 L","bcs0518.jpg",,"17"
"6113","Beverages, Chips & Snacks","Beverages & Water","Soft Drinks","Dr Pepper","Dr Pepper Original Soda","Dr Pepper Original Soda","1.24","0.0","","2 L","2 L","bcs0519.jpg",,"17"
"6114","Beverages, Chips & Snacks","Beverages & Water","Soft Drinks","Dr Pepper","Dr Pepper Diet Soda","Dr Pepper Diet Soda","1.24","0.0","","2 L","2 L","bcs0520.jpg",,"17"
"6115","Beverages, Chips & Snacks","Beverages & Water","Soft Drinks","Dr Pepper","Dr Pepper Original Soda","Dr Pepper Original Soda","5.0","0.0","","6 x 16.9 fl oz","6 x 16.9 fl oz","bcs0521.jpg",,"17"
"6116","Beverages, Chips & Snacks","Beverages & Water","Soft Drinks","Dr Pepper","Dr Pepper Diet Soda","Dr Pepper Diet Soda","5.0","0.0","","6 x 16.9 fl oz","6 x 16.9 fl oz","bcs0522.jpg",,"17"
"6117","Beverages, Chips & Snacks","Beverages & Water","Soft Drinks","Dr Pepper","Diet Dr. Pepper Soda Box of Cans","Diet Dr. Pepper Soda Box of Cans","6.86","0.0","","12 x 12 fl oz","12 x 12 fl oz","16591.jpg",,"17"
"6118","Beverages, Chips & Snacks","Beverages & Water","Soft Drinks","Dr Pepper","Dr Pepper Diet Soda","Dr Pepper Diet Soda","6.86","0.0","","12 x 12 fl oz","12 x 12 fl oz","16573.jpg",,"17"
"6119","Beverages, Chips & Snacks","Beverages & Water","Soft Drinks","Dr Pepper","Dr Pepper Original Soda Mini","Dr Pepper Original Soda Mini","5.63","0.0","","8 x 12 fl oz","8 x 12 fl oz","16624.jpg",,"17"
"6120","Beverages, Chips & Snacks","Beverages & Water","Soft Drinks","Dr Pepper","Dr Pepper Diet Soda Mini","Dr Pepper Diet Soda Mini","5.63","0.0","","8 x 12 fl oz","8 x 12 fl oz","bcs0523.jpg",,"17"
"6121","Beverages, Chips & Snacks","Beverages & Water","Soft Drinks","Fanta","Fanta Orange Soda Box of Cans","Fanta Orange Soda Box of Cans","6.86","0.0","","12 x 12 fl oz","12 x 12 fl oz","16583.jpg",,"17"
"6122","Beverages, Chips & Snacks","Beverages & Water","Soft Drinks","Fanta","Fanta Orange Soda","Fanta Orange Soda","1.24","0.0","","2 L","2 L","16605.jpg",,"17"
"6123","Beverages, Chips & Snacks","Beverages & Water","Soft Drinks","Fanta","Fanta Orange Zero Sugar","Fanta Orange Zero Sugar","1.24","0.0","","2 L","2 L","bcs0524.jpg",,"17"
"6124","Beverages, Chips & Snacks","Beverages & Water","Soft Drinks","Fanta","Fanta Grape Soda","Fanta Grape Soda","1.24","0.0","","2 L","2 L","bcs0525.jpg",,"17"
"6125","Beverages, Chips & Snacks","Beverages & Water","Soft Drinks","Fanta","Fanta Strawberry Soda","Fanta Strawberry Soda","1.24","0.0","","2 L","2 L","bcs0526.jpg",,"17"
"6126","Beverages, Chips & Snacks","Beverages & Water","Soft Drinks","Fanta","Fanta Pineapple Soda","Fanta Pineapple Soda","1.24","0.0","","2 L","2 L","bcs0527.jpg",,"17"
"6127","Beverages, Chips & Snacks","Beverages & Water","Soft Drinks","Fanta","Fanta Orange Soda","Fanta Orange Soda","5.0","0.0","","6 x 16.9 fl oz","6 x 16.9 fl oz","18045.jpg",,"17"
"6128","Beverages, Chips & Snacks","Beverages & Water","Soft Drinks","Fresca","Fresca Sparkling Soda Water Grapefruit Citrus Original","Fresca Sparkling Soda Water Grapefruit Citrus Original","6.86","0.0","","12 x 12 fl oz","12 x 12 fl oz","bcs0528.jpg",,"17"
"6129","Beverages, Chips & Snacks","Beverages & Water","Soft Drinks","Fresca","Fresca Original Citrus Soda Sparkling Flavored Soft Drink Zero Calorie And Sugar Free","Fresca Original Citrus Soda Sparkling Flavored Soft Drink Zero Calorie And Sugar Free","1.24","0.0","","2 L","2 L","16603.jpg",,"17"
"6130","Beverages, Chips & Snacks","Beverages & Water","Soft Drinks","Market Basket","Market Basket Club Soda","Market Basket Club Soda","1.1","0.0","","2 L","2 L","Market Basket.jpg",,"17"
"6131","Beverages, Chips & Snacks","Beverages & Water","Soft Drinks","Market Basket","Market Basket Cola","Market Basket Cola","1.1","0.0","","2 L","2 L","Market Basket.jpg",,"17"
"6132","Beverages, Chips & Snacks","Beverages & Water","Soft Drinks","Market Basket","Market Basket Diet Cola","Market Basket Diet Cola","1.1","0.0","","2 L","2 L","Market Basket.jpg",,"17"
"6133","Beverages, Chips & Snacks","Beverages & Water","Soft Drinks","Market Basket","Market Basket Diet Orange Soda","Market Basket Diet Orange Soda","1.1","0.0","","2 L","2 L","Market Basket.jpg",,"17"
"6134","Beverages, Chips & Snacks","Beverages & Water","Soft Drinks","Market Basket","Market Basket Diet Soda","Market Basket Diet Soda","1.1","0.0","","2 L","2 L","Market Basket.jpg",,"17"
"6135","Beverages, Chips & Snacks","Beverages & Water","Ginger Ale","Market Basket","Market Basket Ginger Ale","Market Basket Ginger Ale","1.1","0.0","","2 L","2 L","Market Basket.jpg",,"17"
"6136","Beverages, Chips & Snacks","Beverages & Water","Soft Drinks","Market Basket","Market Basket Orange Soda","Market Basket Orange Soda","1.1","0.0","","2 L","2 L","Market Basket.jpg",,"17"
"6137","Beverages, Chips & Snacks","Beverages & Water","Soft Drinks","Market Basket","Market Basket Root Beer","Market Basket Root Beer","0.63","0.0","","20 fl oz","20 fl oz","Market Basket.jpg",,"17"
"6138","Beverages, Chips & Snacks","Beverages & Water","Soft Drinks","Market Basket","Market Basket Club Soda","Market Basket Club Soda","0.63","0.0","","20 fl oz","20 fl oz","Market Basket.jpg",,"17"
"6139","Beverages, Chips & Snacks","Beverages & Water","Soft Drinks","Market Basket","Market Basket Cola","Market Basket Cola","0.63","0.0","","20 fl oz","20 fl oz","Market Basket.jpg",,"17"
"6140","Beverages, Chips & Snacks","Beverages & Water","Soft Drinks","Market Basket","Market Basket Diet Cola","Market Basket Diet Cola","0.63","0.0","","20 fl oz","20 fl oz","Market Basket.jpg",,"17"
"6141","Beverages, Chips & Snacks","Beverages & Water","Soft Drinks","Market Basket","Market Basket Diet Orange Soda","Market Basket Diet Orange Soda","0.63","0.0","","20 fl oz","20 fl oz","Market Basket.jpg",,"17"
"6142","Beverages, Chips & Snacks","Beverages & Water","Soft Drinks","Market Basket","Market Basket Diet Soda","Market Basket Diet Soda","0.63","0.0","","20 fl oz","20 fl oz","Market Basket.jpg",,"17"
"6143","Beverages, Chips & Snacks","Beverages & Water","Ginger Ale","Market Basket","Market Basket Ginger Ale","Market Basket Ginger Ale","0.63","0.0","","20 fl oz","20 fl oz","Market Basket.jpg",,"17"
"6144","Beverages, Chips & Snacks","Beverages & Water","Soft Drinks","Minute Maid","Minute Maid Lemonade Made with Real Lemons","Minute Maid Lemonade Made with Real Lemons","1.24","0.0","","2 L","2 L","16613.jpg",,"17"
"6145","Beverages, Chips & Snacks","Beverages & Water","Soft Drinks","Mountain Dew","Mountain Dew Diet","Mountain Dew Diet","5.0","0.0","","6 x 16.9 fl oz","6 x 16.9 fl oz","3960.jpg",,"17"
"6146","Beverages, Chips & Snacks","Beverages & Water","Soft Drinks","Mountain Dew","Mountain Dew Can","Mountain Dew Can","4.38","0.0","","6 x 7.5 fl oz","6 x 7.5 fl oz","bcs0529.jpg",,"17"
"6147","Beverages, Chips & Snacks","Beverages & Water","Soft Drinks","Mountain Dew","Mountain Dew Can","Mountain Dew Can","5.63","0.0","","10 x 7.5 fl oz","10 x 7.5 fl oz","bcs0530.jpg",,"17"
"6148","Beverages, Chips & Snacks","Beverages & Water","Soft Drinks","Mountain Dew","Mountain Dew Box of Cans","Mountain Dew Box of Cans","9.99","0.0","","24 x 12 fl oz","24 x 12 fl oz","bcs0531.jpg",,"17"
"6149","Beverages, Chips & Snacks","Beverages & Water","Soft Drinks","Mountain Dew","Mountain Dew Box of Cans","Mountain Dew Box of Cans","5.63","0.0","","12 x 12 fl oz","12 x 12 fl oz","bcs0532.jpg",,"17"
"6150","Beverages, Chips & Snacks","Beverages & Water","Soft Drinks","Mountain Dew","Mountain Dew Box of Cans","Mountain Dew Box of Cans","5.63","0.0","","12 x 12 fl oz","12 x 12 fl oz","bcs0533.jpg",,"17"
"6151","Beverages, Chips & Snacks","Beverages & Water","Soft Drinks","Mountain Dew","Mountain Dew Original","Mountain Dew Original","5.0","0.0","","6 x 16.9 fl oz","6 x 16.9 fl oz","3957.jpg",,"17"
"6152","Beverages, Chips & Snacks","Beverages & Water","Soft Drinks","Mountain Dew","Mountain Dew Original","Mountain Dew Original","2.5","0.0","","2 L","2 L","3959.jpg",,"17"
"6153","Beverages, Chips & Snacks","Beverages & Water","Soft Drinks","Mountain Dew","Mountain Dew Code Red Cherry","Mountain Dew Code Red Cherry","2.5","0.0","","2 L","2 L","bcs0534.jpg",,"17"
"6154","Beverages, Chips & Snacks","Beverages & Water","Soft Drinks","Mountain Dew","Mountain Dew Original","Mountain Dew Original","1.49","0.0","","1.25 L","1.25 L","3964.jpg",,"17"
"6155","Beverages, Chips & Snacks","Beverages & Water","Soft Drinks","Mug","Mug Root Beer Box of Cans","Mug Root Beer Box of Cans","5.63","0.0","","12 x 12 fl oz","12 x 12 fl oz","16625.jpg",,"17"
"6156","Beverages, Chips & Snacks","Beverages & Water","Soft Drinks","Mug","Mug Root Beer Soda","Mug Root Beer Soda","2.5","0.0","","2 L","2 L","16574.jpg",,"17"
"6157","Beverages, Chips & Snacks","Beverages & Water","Soft Drinks","Pepsi","Pepsi Diet Box of Cans","Pepsi Diet Box of Cans","5.63","0.0","","12 x 12 fl oz","12 x 12 fl oz","16585.jpg",,"17"
"6158","Beverages, Chips & Snacks","Beverages & Water","Soft Drinks","Pepsi","Pepsi Caffeine Free Box of Cans","Pepsi Caffeine Free Box of Cans","5.63","0.0","","12 x 12 fl oz","12 x 12 fl oz","3914.jpg",,"17"
"6159","Beverages, Chips & Snacks","Beverages & Water","Soft Drinks","Pepsi","Pepsi Wild Cherry Box of Cans","Pepsi Wild Cherry Box of Cans","5.63","0.0","","12 x 12 fl oz","12 x 12 fl oz","3932.jpg",,"17"
"6160","Beverages, Chips & Snacks","Beverages & Water","Soft Drinks","Pepsi","Pepsi Original Box of Cans","Pepsi Original Box of Cans","9.99","0.0","","24 x 12 fl oz","24 x 12 fl oz","bcs0535.jpg",,"17"
"6161","Beverages, Chips & Snacks","Beverages & Water","Soft Drinks","Pepsi","Pepsi Diet Box of Cans","Pepsi Diet Box of Cans","9.99","0.0","","24 x 12 fl oz","24 x 12 fl oz","bcs0536.jpg",,"17"
"6162","Beverages, Chips & Snacks","Beverages & Water","Soft Drinks","Pepsi","Pepsi Original","Pepsi Original","2.5","0.0","","2 L","2 L","3918.jpg",,"17"
"6163","Beverages, Chips & Snacks","Beverages & Water","Soft Drinks","Pepsi","Pepsi Diet Caffeine Free","Pepsi Diet Caffeine Free","2.5","0.0","","2 L","2 L","bcs0537.jpg",,"17"
"6164","Beverages, Chips & Snacks","Beverages & Water","Soft Drinks","Pepsi","Pepsi Caffeine Free","Pepsi Caffeine Free","2.5","0.0","","2 L","2 L","bcs0538.jpg",,"17"
"6165","Beverages, Chips & Snacks","Beverages & Water","Soft Drinks","Pepsi","Pepsi Wild Cherry","Pepsi Wild Cherry","2.5","0.0","","2 L","2 L","bcs0539.jpg",,"17"
"6166","Beverages, Chips & Snacks","Beverages & Water","Soft Drinks","Pepsi","Pepsi Original","Pepsi Original","5.0","0.0","","6 x 16.9 fl oz","6 x 16.9 fl oz","3922.jpg",,"17"
"6167","Beverages, Chips & Snacks","Beverages & Water","Soft Drinks","Pepsi","Pepsi Zero Sugar","Pepsi Zero Sugar","5.0","0.0","","6 x 16.9 fl oz","6 x 16.9 fl oz","bcs0540.jpg",,"17"
"6168","Beverages, Chips & Snacks","Beverages & Water","Soft Drinks","Pepsi","Pepsi Diet","Pepsi Diet","5.0","0.0","","6 x 16.9 fl oz","6 x 16.9 fl oz","bcs0541.jpg",,"17"
"6169","Beverages, Chips & Snacks","Beverages & Water","Soft Drinks","Pepsi","Pepsi Original Can","Pepsi Original Can","4.38","0.0","","6 x 7.5 oz","6 x 7.5 oz","3934.jpg",,"17"
"6170","Beverages, Chips & Snacks","Beverages & Water","Soft Drinks","Pepsi","Pepsi Diet Can","Pepsi Diet Can","4.38","0.0","","6 x 7.5 fl oz","6 x 7.5 fl oz","16635.jpg",,"17"
"6171","Beverages, Chips & Snacks","Beverages & Water","Soft Drinks","Pepsi","Pepsi Real Sugar Box of Cans","Pepsi Real Sugar Box of Cans","5.63","0.0","","12 x 12 fl oz","12 x 12 fl oz","3927.jpg",,"17"
"6172","Beverages, Chips & Snacks","Beverages & Water","Soft Drinks","Pepsi","Pepsi Wild Cherry","Pepsi Wild Cherry","4.38","0.0","","6 x 7.5 fl oz","6 x 7.5 fl oz","16653.jpg",,"17"
"6173","Beverages, Chips & Snacks","Beverages & Water","Soft Drinks","Pepsi","Pepsi Zero Sugar Can","Pepsi Zero Sugar Can","4.38","0.0","","6 x 7.5 fl oz","6 x 7.5 fl oz","bcs0542.jpg",,"17"
"6174","Beverages, Chips & Snacks","Beverages & Water","Soft Drinks","Pepsi","Pepsi Diet","Pepsi Diet","2.5","0.0","","2 L","2 L","3919.jpg",,"17"
"6175","Beverages, Chips & Snacks","Beverages & Water","Soft Drinks","Pepsi","Pepsi Diet Caffeinee Free","Pepsi Diet Caffeinee Free","5.0","0.0","","6 x 16.9 fl oz","6 x 16.9 fl oz","3916.jpg",,"17"
"6176","Beverages, Chips & Snacks","Beverages & Water","Soft Drinks","Pepsi","Pepsi Diet","Pepsi Diet","1.49","0.0","","1.25 L","1.25 L","3921.jpg",,"17"
"6177","Beverages, Chips & Snacks","Beverages & Water","Soft Drinks","Pepsi","Pepsi Original","Pepsi Original","1.49","0.0","","1.25 L","1.25 L","bcs0543.jpg",,"17"
"6178","Beverages, Chips & Snacks","Beverages & Water","Soft Drinks","Pepsi","Pepsi Diet Mini","Pepsi Diet Mini","4.38","0.0","","8 x 12 fl oz","8 x 12 fl oz","3926.jpg",,"17"
"6179","Beverages, Chips & Snacks","Beverages & Water","Soft Drinks","Pepsi","Pepsi Original Mini","Pepsi Original Mini","4.38","0.0","","8 x 12 fl oz","8 x 12 fl oz","bcs0544.jpg",,"17"
"6180","Beverages, Chips & Snacks","Beverages & Water","Soft Drinks","Pepsi","Pepsi Diet Wild Cherry Box of Cans","Pepsi Diet Wild Cherry Box of Cans","4.38","0.0","","12 x 12 fl oz","12 x 12 fl oz","3928.jpg",,"17"
"6181","Beverages, Chips & Snacks","Beverages & Water","Soft Drinks","Pepsi","Pepsi Max Zero Sugar Cola","Pepsi Max Zero Sugar Cola","2.5","0.0","","2 L","2 L","3915.jpg",,"17"
"6182","Beverages, Chips & Snacks","Beverages & Water","Soft Drinks","Pepsi","Pepsi Zero Sugar Box of Cans","Pepsi Zero Sugar Box of Cans","5.63","0.0","","12 x 12 fl oz","12 x 12 fl oz","3931.jpg",,"17"
"6183","Beverages, Chips & Snacks","Beverages & Water","Ginger Ale","Schweppes","Schweppes Diet Ginger Ale","Schweppes Diet Ginger Ale","2.5","0.0","","2 L","2 L","16594.jpg",,"17"
"6184","Beverages, Chips & Snacks","Beverages & Water","Ginger Ale","Schweppes","Schweppes Diet Ginger Ale Box of Cans","Schweppes Diet Ginger Ale Box of Cans","5.63","0.0","","12 x 12 fl oz","12 x 12 fl oz","3970.jpg",,"17"
"6185","Beverages, Chips & Snacks","Beverages & Water","Ginger Ale","Schweppes","Schweppes Ginger Ale Box of Cans","Schweppes Ginger Ale Box of Cans","5.63","0.0","","12 x 12 fl oz","12 x 12 fl oz","bcs0545.jpg",,"17"
"6186","Beverages, Chips & Snacks","Beverages & Water","Ginger Ale","Schweppes","Schweppes Ginger Ale","Schweppes Ginger Ale","2.5","0.0","","2 L","2 L","3969.jpg",,"17"
"6187","Beverages, Chips & Snacks","Beverages & Water","Ginger Ale","Schweppes","Schweppes Ginger Ale","Schweppes Ginger Ale","5.0","0.0","","6 x 16.9 fl oz","6 x 16.9 fl oz","3971.jpg",,"17"
"6188","Beverages, Chips & Snacks","Beverages & Water","Ginger Ale","Schweppes","Schweppes Diet Ginger Ale","Schweppes Diet Ginger Ale","5.0","0.0","","6 x 16.9 fl oz","6 x 16.9 fl oz","bcs0546.jpg",,"17"
"6189","Beverages, Chips & Snacks","Beverages & Water","Ginger Ale","Schweppes","Schweppes Ginger Ale Can","Schweppes Ginger Ale Can","4.38","0.0","","6 x 7.5 fl oz","6 x 7.5 fl oz","bcs0547.jpg",,"17"
"6190","Beverages, Chips & Snacks","Beverages & Water","Ginger Ale","Schweppes","Schweppes Diet Ginger Ale Can","Schweppes Diet Ginger Ale Can","4.38","0.0","","6 x 7.5 fl oz","6 x 7.5 fl oz","bcs0548.jpg",,"17"
"6191","Beverages, Chips & Snacks","Beverages & Water","Ginger Ale","Schweppes","Schweppes Ginger Ale Box of Cans","Schweppes Ginger Ale Box of Cans","9.99","0.0","","24 x 12 fl oz","24 x 12 fl oz","bcs0549.jpg",,"17"
"6192","Beverages, Chips & Snacks","Beverages & Water","Ginger Ale","Schweppes","Schweppes Ginger Ale","Schweppes Ginger Ale","5.0","0.0","","8 x 12 fl oz","8 x 12 fl oz","3973.jpg",,"17"
"6193","Beverages, Chips & Snacks","Beverages & Water","Soft Drinks","Sierra Mist","Sierra Mist Flavored Soda Lemon Lime Caffeine Free","Sierra Mist Flavored Soda Lemon Lime Caffeine Free","5.63","0.0","","12 x 12 fl oz","12 x 12 fl oz","16639.jpg",,"17"
"6194","Beverages, Chips & Snacks","Beverages & Water","Soft Drinks","Sierra Mist","Sierra Mist Lemon Lime Flavored Soda, Caffeine Free","Sierra Mist Lemon Lime Flavored Soda, Caffeine Free","2.5","0.0","","2 L","2 L","16649.jpg",,"17"
"6195","Beverages, Chips & Snacks","Beverages & Water","Soft Drinks","7 up","7 Up Lemon Lime","7 Up Lemon Lime","2.11","0.0","","2 L","2 L","bcs0550.jpg",,"17"
"6196","Beverages, Chips & Snacks","Beverages & Water","Soft Drinks","7 up","7 Up Diet Lemon Lime","7 Up Diet Lemon Lime","2.11","0.0","","2 L","2 L","bcs0551.jpg",,"17"
"6197","Beverages, Chips & Snacks","Beverages & Water","Soft Drinks","7 up","7 Up Diet Cherry","7 Up Diet Cherry","2.11","0.0","","2 L","2 L","bcs0552.jpg",,"17"
"6198","Beverages, Chips & Snacks","Beverages & Water","Soft Drinks","7 up","7 Up Lemon Lime","7 Up Lemon Lime","4.99","0.0","","6 x 16.9 fl oz","6 x 16.9 fl oz","bcs0553.jpg",,"17"
"6199","Beverages, Chips & Snacks","Beverages & Water","Soft Drinks","7 up","7 Up Diet Lemon Lime","7 Up Diet Lemon Lime","4.99","0.0","","6 x 16.9 fl oz","6 x 16.9 fl oz","bcs0554.jpg",,"17"
"6200","Beverages, Chips & Snacks","Beverages & Water","Soft Drinks","7 up","7 Up Lemon Lime Mini","7 Up Lemon Lime Mini","5.63","0.0","","8 x 12 fl oz","8 x 12 fl oz","bcs0555.jpg",,"17"
"6201","Beverages, Chips & Snacks","Beverages & Water","Soft Drinks","7 up","7 Up Diet Lemon Lime Box of Cans","7 Up Diet Lemon Lime Box of Cans","6.86","0.0","","12 x 12 fl oz","12 x 12 fl oz","bcs0556.jpg",,"17"
"6202","Beverages, Chips & Snacks","Beverages & Water","Soft Drinks","7 up","7 Up Lemon Lime Box of Cans","7 Up Lemon Lime Box of Cans","6.86","0.0","","12 x 12 fl oz","12 x 12 fl oz","bcs0557.jpg",,"17"
"6203","Beverages, Chips & Snacks","Beverages & Water","Soft Drinks","7 up","7 Up Cherry Box of Cans","7 Up Cherry Box of Cans","6.86","0.0","","12 x 12 fl oz","12 x 12 fl oz","bcs0558.jpg",,"17"
"6204","Beverages, Chips & Snacks","Beverages & Water","Soft Drinks","7 up","7 Up Lemon Lime Box of Cans","7 Up Lemon Lime Box of Cans","5.63","0.0","","10 x 7.5 fl oz","10 x 7.5 fl oz","bcs0559.jpg",,"17"
"6205","Beverages, Chips & Snacks","Beverages & Water","Soft Drinks","Sprite","Sprite Lemon Lime Soda No Caffeine","Sprite Lemon Lime Soda No Caffeine","1.24","0.0","","2 L","2 L","16570.jpg",,"17"
"6206","Beverages, Chips & Snacks","Beverages & Water","Soft Drinks","Sprite","Sprite Lemon Lime Zero Sugar Soda","Sprite Lemon Lime Zero Sugar Soda","1.24","0.0","","2 L","2 L","16572.jpg",,"17"
"6207","Beverages, Chips & Snacks","Beverages & Water","Soft Drinks","Sprite","Sprite Lemon Lime Soda No Caffeine Mini","Sprite Lemon Lime Soda No Caffeine Mini","5.63","0.0","","8 x 12 fl oz","8 x 12 fl oz","bcs0560.jpg",,"17"
"6208","Beverages, Chips & Snacks","Beverages & Water","Soft Drinks","Sprite","Sprite Lemon Lime Soda No Caffeine Box of Cans","Sprite Lemon Lime Soda No Caffeine Box of Cans","9.99","0.0","","24 x 12 fl oz","24 x 12 fl oz","bcs0561.jpg",,"17"
"6209","Beverages, Chips & Snacks","Beverages & Water","Soft Drinks","Sprite","Sprite Lemon Zero Sugar Lime Soda Box of Cans","Sprite Lemon Zero Sugar Lime Soda Box of Cans","6.86","0.0","","12 x 12 fl oz","12 x 12 fl oz","bcs0562.jpg",,"17"
"6210","Beverages, Chips & Snacks","Beverages & Water","Soft Drinks","Sprite","Sprite Lemon Lime Soda No Caffeine Box of Cans","Sprite Lemon Lime Soda No Caffeine Box of Cans","6.86","0.0","","12 x 12 fl oz","12 x 12 fl oz","bcs0563.jpg",,"17"
"6211","Beverages, Chips & Snacks","Beverages & Water","Soft Drinks","Sprite","Sprite Lemon Lime Soda No Caffeine","Sprite Lemon Lime Soda No Caffeine","5.0","0.0","","6 x 16.9 fl oz","6 x 16.9 fl oz","16561.jpg",,"17"
"6212","Beverages, Chips & Snacks","Beverages & Water","Soft Drinks","Sunkist","Diet Sunkist Orange Soda","Diet Sunkist Orange Soda","2.11","0.0","","2 L","2 L","16578.jpg",,"17"
"6213","Beverages, Chips & Snacks","Beverages & Water","Soft Drinks","Sunkist","Sunkist Orange Soda","Sunkist Orange Soda","5.63","0.0","","8 x 12 fl oz","8 x 12 fl oz","16581.jpg",,"17"
"6214","Beverages, Chips & Snacks","Beverages & Water","Soft Drinks","Sunkist","Sunkist Orange Soda","Sunkist Orange Soda","2.11","0.0","","2 L","2 L","16597.jpg",,"17"
"6215","Beverages, Chips & Snacks","Beverages & Water","Soft Drinks","Sunkist","Sunkist Orange Soda Box of Cans","Sunkist Orange Soda Box of Cans","5.63","0.0","","10 x 7.5 fl oz","10 x 7.5 fl oz","16627.jpg",,"17"
"6216","Beverages, Chips & Snacks","Beverages & Water","Seltzer","Adirondack","Adirondack Beverages Seltzer, Raspberry Lime","Adirondack Beverages Seltzer, Raspberry Lime","3.13","0.0","","6 x 16.9 fl oz","6 x 16.9 fl oz","16267.jpg",,"11"
"6217","Beverages, Chips & Snacks","Beverages & Water","Seltzer","Adirondack","Adirondack Beverages Seltzer, Lemon Lime","Adirondack Beverages Seltzer, Lemon Lime","3.13","0.0","","6 x 16.9 fl oz","6 x 16.9 fl oz","bcs0564.jpg",,"11"
"6218","Beverages, Chips & Snacks","Beverages & Water","Seltzer","Adirondack","Adirondack Beverages Seltzer, Mandarin Orange","Adirondack Beverages Seltzer, Mandarin Orange","3.13","0.0","","6 x 16.9 fl oz","6 x 16.9 fl oz","bcs0565.jpg",,"11"
"6219","Beverages, Chips & Snacks","Beverages & Water","Seltzer","Adirondack","Adirondack Beverages Seltzer, Original","Adirondack Beverages Seltzer, Original","3.13","0.0","","6 x 16.9 fl oz","6 x 16.9 fl oz","bcs0566.jpg",,"11"
"6220","Beverages, Chips & Snacks","Beverages & Water","Seltzer","Adirondack","Adirondack Beverages Seltzer, Raspberry Lime","Adirondack Beverages Seltzer, Raspberry Lime","2.5","0.0","","8 x 12 fl oz","8 x 12 fl oz","bcs0567.jpg",,"11"
"6221","Beverages, Chips & Snacks","Beverages & Water","Seltzer","Adirondack","Adirondack Beverages Seltzer, Lemon Lime","Adirondack Beverages Seltzer, Lemon Lime","2.5","0.0","","8 x 12 fl oz","8 x 12 fl oz","bcs0568.jpg",,"11"
"6222","Beverages, Chips & Snacks","Beverages & Water","Seltzer","Adirondack","Adirondack Beverages Seltzer, Mandarin Orange","Adirondack Beverages Seltzer, Mandarin Orange","2.5","0.0","","8 x 12 fl oz","8 x 12 fl oz","bcs0569.jpg",,"11"
"6223","Beverages, Chips & Snacks","Beverages & Water","Seltzer","Adirondack","Adirondack Beverages Seltzer, Original","Adirondack Beverages Seltzer, Original","2.5","0.0","","8 x 12 fl oz","8 x 12 fl oz","bcs0570.jpg",,"11"
"6224","Beverages, Chips & Snacks","Beverages & Water","Seltzer","Adirondack","Adirondack Original Seltzer","Adirondack Original Seltzer","0.63","0.0","","1 L","1 L","bcs0571.jpg",,"11"
"6225","Beverages, Chips & Snacks","Beverages & Water","Seltzer","Adirondack","Adirondack Raspberry Lime Sparkling Seltzer Water","Adirondack Raspberry Lime Sparkling Seltzer Water","0.63","0.0","","1 L","1 L","bcs0572.jpg",,"11"
"6226","Beverages, Chips & Snacks","Beverages & Water","Sparkling Water","Adirondack","Adirondack Wild Berry Sparkling Water","Adirondack Wild Berry Sparkling Water","0.63","0.0","","1 L","1 L","bcs0573.jpg",,"11"
"6227","Beverages, Chips & Snacks","Beverages & Water","Sparkling Water","Adirondack","Adirondack Lemon Lime Sparkling Water","Adirondack Lemon Lime Sparkling Water","0.63","0.0","","1 L","1 L","bcs0574.jpg",,"11"
"6228","Beverages, Chips & Snacks","Beverages & Water","Sparkling Water","Adirondack","Adirondack Mandarin Orange Sparkling Water","Adirondack Mandarin Orange Sparkling Water","0.63","0.0","","1 L","1 L","bcs0575.jpg",,"11"
"6229","Beverages, Chips & Snacks","Beverages & Water","Sparkling Water","Adirondack","Adirondack Cherry Vanilla Sparkling Water","Adirondack Cherry Vanilla Sparkling Water","0.63","0.0","","1 L","1 L","bcs0576.jpg",,"11"
"6230","Beverages, Chips & Snacks","Beverages & Water","Sparkling Water","Aha","Aha Sparkling Water Black Cherry + Coffee","Aha Sparkling Water Black Cherry + Coffee","4.18","0.0","","8 x 12 fl oz","8 x 12 fl oz","bcs0577.jpg",,"11"
"6231","Beverages, Chips & Snacks","Beverages & Water","Sparkling Water","Aha","Aha Sparkling Water Citrus + Green Tea","Aha Sparkling Water Citrus + Green Tea","4.18","0.0","","8 x 12 fl oz","8 x 12 fl oz","bcs0578.jpg",,"11"
"6232","Beverages, Chips & Snacks","Beverages & Water","Water","Aquafina ","Aquafina Purified Drinking Water","Aquafina Purified Drinking Water","4.99","0.0","","24 x 16.9 fl oz","24 x 16.9 fl oz","16221.jpg",,"11"
"6233","Beverages, Chips & Snacks","Beverages & Water","Sparkling Water","Bubly","Bubly Sparkling Water Cherry","Bubly Sparkling Water Cherry","4.18","0.0","","8 x 12 fl oz","8 x 12 fl oz","bcs0579.jpg",,"11"
"6234","Beverages, Chips & Snacks","Beverages & Water","Sparkling Water","Bubly","Bubly Sparkling Water Strawberry","Bubly Sparkling Water Strawberry","4.18","0.0","","8 x 12 fl oz","8 x 12 fl oz","bcs0580.jpg",,"11"
"6235","Beverages, Chips & Snacks","Beverages & Water","Sparkling Water","Bubly","Bubly Sparkling Water Raspberry","Bubly Sparkling Water Raspberry","4.18","0.0","","8 x 12 fl oz","8 x 12 fl oz","bcs0581.jpg",,"11"
"6236","Beverages, Chips & Snacks","Beverages & Water","Sparkling Water","Bubly","Bubly Sparkling Water Blackberry","Bubly Sparkling Water Blackberry","4.18","0.0","","8 x 12 fl oz","8 x 12 fl oz","bcs0582.jpg",,"11"
"6237","Beverages, Chips & Snacks","Beverages & Water","Water","Core","Core Hydration Purified Water","Core Hydration Purified Water","6.24","0.0","","6 x 16.9 fl oz","6 x 16.9 fl oz","bcs0583.jpg",,"11"
"6238","Beverages, Chips & Snacks","Beverages & Water","Water","Core","Core Hydration Purified Water","Core Hydration Purified Water","2.36","0.0","","30.4 fl oz","30.4 fl oz","bcs0584.jpg",,"11"
"6239","Beverages, Chips & Snacks","Beverages & Water","Tonic Water","Fever-Tree","Fever-Tree Elderflower Tonic Water","Fever-Tree Elderflower Tonic Water","7.49","0.0","","6.8 fl oz","6.8 fl oz","bcs0585.jpg",,"11"
"6240","Beverages, Chips & Snacks","Beverages & Water","Tonic Water","Fever-Tree","Fever-Tree Premium Indian Tonic Water","Fever-Tree Premium Indian Tonic Water","7.49","0.0","","6.8 fl oz","6.8 fl oz","bcs0586.jpg",,"11"
"6241","Beverages, Chips & Snacks","Beverages & Water","Tonic Water","Fever-Tree","Fever-Tree Premium Indian Tonic Water Low Calories","Fever-Tree Premium Indian Tonic Water Low Calories","7.49","0.0","","6.8 fl oz","6.8 fl oz","bcs0587.jpg",,"11"
"6242","Beverages, Chips & Snacks","Beverages & Water","Ginger Beer","Fever-Tree","Fever-Tree Premium Ginger Beer","Fever-Tree Premium Ginger Beer","7.49","0.0","","6.8 fl oz","6.8 fl oz","bcs0588.jpg",,"17"
"6243","Beverages, Chips & Snacks","Beverages & Water","Ginger Beer","Fever-Tree","Fever-Tree Premium Light Ginger Beer","Fever-Tree Premium Light Ginger Beer","7.49","0.0","","6.8 fl oz","6.8 fl oz","bcs0589.jpg",,"11"
"6244","Beverages, Chips & Snacks","Beverages & Water","Seltzer","Canada Dry","Canada Dry Original Sparkling Seltzer Water","Canada Dry Original Sparkling Seltzer Water","4.18","0.0","","12 x 12 fl oz","12 x 12 fl oz","3268.jpg",,"11"
"6245","Beverages, Chips & Snacks","Beverages & Water","Seltzer","Canada Dry","Canada Dry Peach Mango Sparkling Seltzer Water","Canada Dry Peach Mango Sparkling Seltzer Water","4.18","0.0","","12 x 12 fl oz","12 x 12 fl oz","bcs0590.jpg",,"11"
"6246","Beverages, Chips & Snacks","Beverages & Water","Ginger Ale","Canada Dry","Canada Dry Ginger Ale","Canada Dry Ginger Ale","1.24","0.0","","1 L","1 L","bcs0591.jpg",,"11"
"6247","Beverages, Chips & Snacks","Beverages & Water","Tonic Water","Canada Dry","Canada Dry Tonic Water","Canada Dry Tonic Water","1.24","0.0","","1 L","1 L","bcs0592.jpg",,"11"
"6248","Beverages, Chips & Snacks","Beverages & Water","Water","Crystal Geyser","Crystal Geyser Natural Alpine Spring Water","Crystal Geyser Natural Alpine Spring Water","1.49","0.0","","6 x 16.9 fl oz","6 x 16.9 fl oz","16223.jpg",,"11"
"6249","Beverages, Chips & Snacks","Beverages & Water","Water","Crystal Geyser","Crystal Geyser Water, Natural Alpine Spring","Crystal Geyser Water, Natural Alpine Spring","1.88","0.0","","1 gal","1 gal","16218.jpg",,"11"
"6250","Beverages, Chips & Snacks","Beverages & Water","Water","Crystal Geyser","Crystal Geyser 100% Natural Alpine Spring Water","Crystal Geyser 100% Natural Alpine Spring Water","2.5","0.0","","8 x 8 fl oz","8 x 8 fl oz","16220.jpg",,"11"
"6251","Beverages, Chips & Snacks","Beverages & Water","Water","Crystal Geyser","Crystal Geyser Natural Alpine Spring Water","Crystal Geyser Natural Alpine Spring Water","3.13","0.0","","24 x 16.9 fl oz","24 x 16.9 fl oz","16214.jpg",,"11"
"6252","Beverages, Chips & Snacks","Beverages & Water","Water","Crystal Geyser","Crystal Geyser Natural Alpine Spring Water","Crystal Geyser Natural Alpine Spring Water","2.08","0.0","","12 x 8 fl oz","12 x 8 fl oz","16244.jpg",,"11"
"6253","Beverages, Chips & Snacks","Beverages & Water","Water","Crystal Geyser","Crystal Geyser Natural Alpine Spring Water","Crystal Geyser Natural Alpine Spring Water","1.25","0.0","","25.3 fl oz","25.3 fl oz","16262.jpg",,"11"
"6254","Beverages, Chips & Snacks","Beverages & Water","Water","Crystal Geyser","Crystal Geyser Natural Alpine Spring Water","Crystal Geyser Natural Alpine Spring Water","1.25","0.0","","33.8 fl oz","33.8 fl oz","bcs0593.jpg",,"11"
"6255","Beverages, Chips & Snacks","Beverages & Water","Water","Dasani","Dasani Purified Water","Dasani Purified Water","4.99","0.0","","24 x 16.9 fl oz","24 x 16.9 fl oz","16231.jpg",,"11"
"6256","Beverages, Chips & Snacks","Beverages & Water","Water","Dasani","Dasani Purified Water","Dasani Purified Water","3.13","0.0","","8 x 12 fl oz","8 x 12 fl oz","bcs0594.jpg",,"11"
"6257","Beverages, Chips & Snacks","Beverages & Water","Water","Dasani","Dasani Purified Water Bottle Enhanced With Minerals","Dasani Purified Water Bottle Enhanced With Minerals","0.99","0.0","","1 L","1 L","16225.jpg",,"11"
"6258","Beverages, Chips & Snacks","Beverages & Water","Water","Essentia","Essentia Water Purified Water","Essentia Water Purified Water","2.49","0.0","","50.7 fl oz","50.7 fl oz","16219.jpg",,"11"
"6259","Beverages, Chips & Snacks","Beverages & Water","Water","Essentia","Essentia Water Purified Water","Essentia Water Purified Water","24.99","0.0","","24 x 20 fl oz","24 x 20 fl oz","bcs0595.jpg",,"11"
"6260","Beverages, Chips & Snacks","Beverages & Water","Water","Essentia","Essentia Water Purified Water","Essentia Water Purified Water","24.99","0.0","","12 x 1.5 L","12 x 1.5 L","bcs0596.jpg",,"11"
"6261","Beverages, Chips & Snacks","Beverages & Water","Water","Essentia","Essentia Water Purified Water","Essentia Water Purified Water","12.49","0.0","","6 x 33.8 fl oz","6 x 33.8 fl oz","bcs0597.jpg",,"11"
"6262","Beverages, Chips & Snacks","Beverages & Water","Water","Fiji","Fiji Natural Artesian Water","Fiji Natural Artesian Water","13.74","0.0","","6 x 1 L","6 x 1 L","16216.jpg",,"11"
"6263","Beverages, Chips & Snacks","Beverages & Water","Water","Fiji","Fiji Natural Artesian Water","Fiji Natural Artesian Water","24.99","0.0","","24 x 500 ml","24 x 500 ml","bcs0598.jpg",,"11"
"6264","Beverages, Chips & Snacks","Beverages & Water","Water","Fiji","Fiji Natural Artesian Water","Fiji Natural Artesian Water","7.49","0.0","","6 x 500 ml","6 x 500 ml","bcs0599.jpg",,"11"
"6265","Beverages, Chips & Snacks","Beverages & Water","Water","Fiji","Fiji Natural Artesian Water","Fiji Natural Artesian Water","2.74","0.0","","1.5 L","1.5 L","16255.jpg",,"11"
"6266","Beverages, Chips & Snacks","Beverages & Water","Water","Glaceau","Glaceau Smart Water","Glaceau Smart Water","26.24","0.0","","24 x 700 ml","24 x 700 ml","bcs0600.jpg",,"11"
"6267","Beverages, Chips & Snacks","Beverages & Water","Water","Glaceau","Glaceau Vapor Distilled Premium Water Bottle Antitoxidant","Glaceau Vapor Distilled Premium Water Bottle Antitoxidant","16.24","0.0","","12 x 1 L","12 x 1 L","bcs0601.jpg",,"11"
"6268","Beverages, Chips & Snacks","Beverages & Water","Water","Glaceau","Glaceau Vapor Distilled Premium Water Bottle","Glaceau Vapor Distilled Premium Water Bottle","16.24","0.0","","12 x 1 L","12 x 1 L","bcs0602.jpg",,"11"
"6269","Beverages, Chips & Snacks","Beverages & Water","Water","Glaceau","Glaceau Vapor Distilled Premium Water Bottle","Glaceau Vapor Distilled Premium Water Bottle","9.99","0.0","","6 x 1 L","6 x 1 L","bcs0603.jpg",,"11"
"6270","Beverages, Chips & Snacks","Beverages & Water","Water","Glaceau","Glaceau Vapor Distilled Premium Water Bottle Alkaline","Glaceau Vapor Distilled Premium Water Bottle Alkaline","9.99","0.0","","6 x 1 L","6 x 1 L","bcs0604.jpg",,"11"
"6271","Beverages, Chips & Snacks","Beverages & Water","Water","Glaceau","Glaceau Vapor Distilled Premium Water Bottle Antitoxidant","Glaceau Vapor Distilled Premium Water Bottle Antitoxidant","9.99","0.0","","6 x 1 L","6 x 1 L","bcs0605.jpg",,"11"
"6272","Beverages, Chips & Snacks","Beverages & Water","Water","Glaceau","Glaceau Smart Water","Glaceau Smart Water","7.49","0.0","","6 x 500 ml","6 x 500 ml","bcs0606.jpg",,"11"
"6273","Beverages, Chips & Snacks","Beverages & Water","Water","Glaceau","Glaceau Smart Water","Glaceau Smart Water","1.24","0.0","","33.8 fl oz","33.8 fl oz","bcs0607.jpg",,"11"
"6274","Beverages, Chips & Snacks","Beverages & Water","Water","Glaceau","Glaceau Smart Water","Glaceau Smart Water","1.24","0.0","","23.7 fl oz","23.7 fl oz","bcs0608.jpg",,"11"
"6275","Beverages, Chips & Snacks","Beverages & Water","Water","Glaceau","Glaceau Smart Water","Glaceau Smart Water","2.49","0.0","","50.7 fl oz","50.7 fl oz","bcs0609.jpg",,"11"
"6276","Beverages, Chips & Snacks","Beverages & Water","Water","Glaceau","Glaceau Smart Water Antitoxidant","Glaceau Smart Water Antitoxidant","1.24","0.0","","33.8 fl oz","33.8 fl oz","bcs0610.jpg",,"11"
"6277","Beverages, Chips & Snacks","Beverages & Water","Water","Glaceau","Glaceau Smart Water Alkaline","Glaceau Smart Water Alkaline","1.24","0.0","","33.8 fl oz","33.8 fl oz","bcs0611.jpg",,"11"
"6278","Beverages, Chips & Snacks","Beverages & Water","Water","Glaceau","Glaceau Smart Water Alkaline","Glaceau Smart Water Alkaline","2.49","0.0","","50.7 fl oz","50.7 fl oz","bcs0612.jpg",,"11"
"6279","Beverages, Chips & Snacks","Beverages & Water","Water","Glaceau","Glaceau Smart Water Watermelon Mint","Glaceau Smart Water Watermelon Mint","1.24","0.0","","33.8 fl oz","33.8 fl oz","bcs0613.jpg",,"11"
"6280","Beverages, Chips & Snacks","Beverages & Water","Water","Glaceau","Glaceau Smart Water Pineapple Kiwi","Glaceau Smart Water Pineapple Kiwi","1.24","0.0","","33.8 fl oz","33.8 fl oz","bcs0614.jpg",,"11"
"6281","Beverages, Chips & Snacks","Beverages & Water","Seltzer","Market Basket","Market Basket Coconut Seltzer","Market Basket Coconut Seltzer","1.24","0.0","","1 L","1 L","Market Basket.jpg",,"11"
"6282","Beverages, Chips & Snacks","Beverages & Water","Water","Market Basket","Market Basket Distilled Water","Market Basket Distilled Water","1.24","0.0","","1 gal","1 gal","Market Basket.jpg",,"11"
"6283","Beverages, Chips & Snacks","Beverages & Water","Water","Market Basket","Market Basket Early Years Purified Water","Market Basket Early Years Purified Water","0.84","0.0","","1 gal","1 gal","Market Basket.jpg",,"11"
"6284","Beverages, Chips & Snacks","Beverages & Water","Seltzer","Market Basket","Market Basket Seltzer","Market Basket Seltzer","1.24","0.0","","1 L","1 L","Market Basket.jpg",,"11"
"6285","Beverages, Chips & Snacks","Beverages & Water","Seltzer","Market Basket","Market Basket Seltzer","Market Basket Seltzer","1.24","0.0","","2 L","2 L","Market Basket.jpg",,"11"
"6286","Beverages, Chips & Snacks","Beverages & Water","Sparkling Water","Market Basket","Market Basket Sparkling Natural Mineral Water","Market Basket Sparkling Natural Mineral Water","7.49","0.0","","6 x 33.8 fl oz","6 x 33.8 fl oz","Market Basket.jpg",,"11"
"6287","Beverages, Chips & Snacks","Beverages & Water","Water","Market Basket","Market Basket Spring Water","Market Basket Spring Water","1.68","0.0","","1 gal","1 gal","Market Basket.jpg",,"11"
"6288","Beverages, Chips & Snacks","Beverages & Water","Water","Market Basket","Market Basket Alkaline Water Plus Electrolytes","Market Basket Alkaline Water Plus Electrolytes","18.74","0.0","","1.5 L","1.5 L","Market Basket.jpg",,"11"
"6289","Beverages, Chips & Snacks","Beverages & Water","Water","Market Basket","Market Basket Alkaline Water Plus Electrolytes","Market Basket Alkaline Water Plus Electrolytes","1.24","0.0","","20.3 fl oz","20.3 fl oz","Market Basket.jpg",,"11"
"6290","Beverages, Chips & Snacks","Beverages & Water","Water","Market Basket","Market Basket Alkaline Water Plus Electrolytes","Market Basket Alkaline Water Plus Electrolytes","1.88","0.0","","50.7 fl oz","50.7 fl oz","Market Basket.jpg",,"11"
"6291","Beverages, Chips & Snacks","Beverages & Water","Water","Poland Spring","Poland Spring 100% Natural Spring Water","Poland Spring 100% Natural Spring Water","0.69","0.0","","33.8 fl oz","33.8 fl oz","3237.jpg",,"11"
"6292","Beverages, Chips & Snacks","Beverages & Water","Sparkling Water","Poland Spring","Poland Spring Sparkling Natural Spring Water","Poland Spring Sparkling Natural Spring Water","2.49","0.0","","6 x 0.5 L","6 x 0.5 L","3240.jpg",,"11"
"6293","Beverages, Chips & Snacks","Beverages & Water","Water","Poland Spring","Poland Spring Brand 100% Natural Spring Water SPORT CAP","Poland Spring Brand 100% Natural Spring Water SPORT CAP","7.49","0.0","","24 x 700 ml","24 x 700 ml","3227.jpg",,"11"
"6294","Beverages, Chips & Snacks","Beverages & Water","Water","Poland Spring","Poland Spring Brand 100% Natural Spring Water","Poland Spring Brand 100% Natural Spring Water","4.99","0.0","","24 x 500 ml","24 x 500 ml","bcs0615.jpg",,"11"
"6295","Beverages, Chips & Snacks","Beverages & Water","Water","Poland Spring","Poland Spring Distilled Water","Poland Spring Distilled Water","1.61","0.0","","1 gal","1 gal","3235.jpg",,"11"
"6296","Beverages, Chips & Snacks","Beverages & Water","Water","Poland Spring","Poland Spring Go Size Natural Spring Water","Poland Spring Go Size Natural Spring Water","3.74","0.0","","12 x 12 fl oz","12 x 12 fl oz","3232.jpg",,"11"
"6297","Beverages, Chips & Snacks","Beverages & Water","Water","Poland Spring","Poland Spring Minis to Go Natural Spring Water","Poland Spring Minis to Go Natural Spring Water","3.74","0.0","","12 x 700 ml","12 x 700 ml","3236.jpg",,"11"
"6298","Beverages, Chips & Snacks","Beverages & Water","Water","Poland Spring","Poland Spring Minis Natural Spring Water Minis","Poland Spring Minis Natural Spring Water Minis","2.49","0.0","","12 x 8 oz","12 x 8 oz","bcs0616.jpg",,"11"
"6299","Beverages, Chips & Snacks","Beverages & Water","Water","Poland Spring","Poland Spring Natural Spring Water","Poland Spring Natural Spring Water","3.74","0.0","","2.5 gal","2.5 gal","3228.jpg",,"11"
"6300","Beverages, Chips & Snacks","Beverages & Water","Water","Poland Spring","Poland Spring Natural Spring Water","Poland Spring Natural Spring Water","1.49","0.0","","1 L","1 L","3233.jpg",,"11"
"6301","Beverages, Chips & Snacks","Beverages & Water","Water","Poland Spring","Poland Spring 1845 Born in Maine","Poland Spring 1845 Born in Maine","1.49","0.0","","101.4 fl oz","101.4 fl oz","bcs0617.jpg",,"11"
"6302","Beverages, Chips & Snacks","Beverages & Water","Water","Poland Spring","Poland Spring Natural Spring Water","Poland Spring Natural Spring Water","2.49","0.0","","6 x 700 ml","6 x 700 ml","3234.jpg",,"11"
"6303","Beverages, Chips & Snacks","Beverages & Water","Sparkling Water","Poland Spring","Poland Spring Sparkling Water, Black Cherry","Poland Spring Sparkling Water, Black Cherry","3.74","0.0","","8 x 16.9 fl oz","8 x 16.9 fl oz","3238.jpg",,"11"
"6304","Beverages, Chips & Snacks","Beverages & Water","Sparkling Water","Poland Spring","Poland Spring Sparkling Water, Triple Berry","Poland Spring Sparkling Water, Triple Berry","3.74","0.0","","8 x 16.9 fl oz","8 x 16.9 fl oz","3230.jpg",,"11"
"6305","Beverages, Chips & Snacks","Beverages & Water","Sparkling Water","Poland Spring","Poland Spring Sparkling Water, Zesty Lime","Poland Spring Sparkling Water, Zesty Lime","3.74","0.0","","8 x 16.9 fl oz","8 x 16.9 fl oz","3229.jpg",,"11"
"6306","Beverages, Chips & Snacks","Beverages & Water","Sparkling Water","Poland Spring","Poland Spring Sparkling Water, Twist of Orange","Poland Spring Sparkling Water, Twist of Orange","3.74","0.0","","8 x 16.9 fl oz","8 x 16.9 fl oz","bcs0618.jpg",,"11"
"6307","Beverages, Chips & Snacks","Beverages & Water","Sparkling Water","Poland Spring","Poland Spring Sparkling Water, Twist of Lemon","Poland Spring Sparkling Water, Twist of Lemon","3.74","0.0","","8 x 16.9 fl oz","8 x 16.9 fl oz","bcs0619.jpg",,"11"
"6308","Beverages, Chips & Snacks","Beverages & Water","Sparkling Water","Poland Spring","Poland Spring Sparkling Water, Ruby Red Grapefruit","Poland Spring Sparkling Water, Ruby Red Grapefruit","3.74","0.0","","8 x 16.9 fl oz","8 x 16.9 fl oz","bcs0620.jpg",,"11"
"6309","Beverages, Chips & Snacks","Beverages & Water","Sparkling Water","Poland Spring","Poland Spring Sparkling Water, Pomegranate Lemonade","Poland Spring Sparkling Water, Pomegranate Lemonade","3.74","0.0","","8 x 16.9 fl oz","8 x 16.9 fl oz","bcs0621.jpg",,"11"
"6310","Beverages, Chips & Snacks","Beverages & Water","Sparkling Water","Poland Spring","Poland Spring Sparkling Water, White Peach Ginger","Poland Spring Sparkling Water, White Peach Ginger","3.74","0.0","","8 x 16.9 fl oz","8 x 16.9 fl oz","bcs0622.jpg",,"11"
"6311","Beverages, Chips & Snacks","Beverages & Water","Sparkling Water","Poland Spring","Poland Spring Sparkling Water, Raspberry Lime","Poland Spring Sparkling Water, Raspberry Lime","3.74","0.0","","8 x 16.9 fl oz","8 x 16.9 fl oz","bcs0623.jpg",,"11"
"6312","Beverages, Chips & Snacks","Beverages & Water","Sparkling Water","Poland Spring","Poland Spring Sparkling Water, Simply Bubbles","Poland Spring Sparkling Water, Simply Bubbles","3.74","0.0","","8 x 16.9 fl oz","8 x 16.9 fl oz","bcs0624.jpg",,"11"
"6313","Beverages, Chips & Snacks","Beverages & Water","Sparkling Water","Poland Spring","Poland Spring Sparkling Water, Black Cherry","Poland Spring Sparkling Water, Black Cherry","3.74","0.0","","8 x 12 fl oz","8 x 12 fl oz","bcs0625.jpg",,"11"
"6314","Beverages, Chips & Snacks","Beverages & Water","Sparkling Water","Poland Spring","Poland Spring Sparkling Water, Lemon Lime","Poland Spring Sparkling Water, Lemon Lime","3.74","0.0","","8 x 12 fl oz","8 x 12 fl oz","bcs0626.jpg",,"11"
"6315","Beverages, Chips & Snacks","Beverages & Water","Sparkling Water","Poland Spring","Poland Spring Sparkling Water, Orange Mango","Poland Spring Sparkling Water, Orange Mango","3.74","0.0","","8 x 12 fl oz","8 x 12 fl oz","bcs0627.jpg",,"11"
"6316","Beverages, Chips & Snacks","Beverages & Water","Sparkling Water","Poland Spring","Poland Spring Sparkling Water, Ruby Red Grapefruit","Poland Spring Sparkling Water, Ruby Red Grapefruit","3.74","0.0","","8 x 12 fl oz","8 x 12 fl oz","bcs0628.jpg",,"11"
"6317","Beverages, Chips & Snacks","Beverages & Water","Sparkling Water","Poland Spring","Poland Spring Sparkling Water, Pomegranate Lemonade","Poland Spring Sparkling Water, Pomegranate Lemonade","3.74","0.0","","8 x 12 fl oz","8 x 12 fl oz","bcs0629.jpg",,"11"
"6318","Beverages, Chips & Snacks","Beverages & Water","Sparkling Water","Poland Spring","Poland Spring Sparkling Water, White Peach Ginger","Poland Spring Sparkling Water, White Peach Ginger","3.74","0.0","","8 x 12 fl oz","8 x 12 fl oz","bcs0630.jpg",,"11"
"6319","Beverages, Chips & Snacks","Beverages & Water","Seltzer","Polar","Polar Seltzer Dragon Whispers","Polar Seltzer Dragon Whispers","3.74","0.0","","6 x 8 fl oz","6 x 8 fl oz","bcs0631.jpg",,"11"
"6320","Beverages, Chips & Snacks","Beverages & Water","Seltzer","Polar","Polar Seltzer Unicorn Kisses","Polar Seltzer Unicorn Kisses","3.74","0.0","","6 x 8 fl oz","6 x 8 fl oz","bcs0632.jpg",,"11"
"6321","Beverages, Chips & Snacks","Beverages & Water","Seltzer","Polar","Polar Seltzer Minotaur Mayhem","Polar Seltzer Minotaur Mayhem","3.74","0.0","","6 x 8 fl oz","6 x 8 fl oz","bcs0633.jpg",,"11"
"6322","Beverages, Chips & Snacks","Beverages & Water","Seltzer","Polar","Polar Seltzer Yeti Mischief","Polar Seltzer Yeti Mischief","3.74","0.0","","6 x 8 fl oz","6 x 8 fl oz","bcs0634.jpg",,"11"
"6323","Beverages, Chips & Snacks","Beverages & Water","Seltzer","Polar","Polar Seltzer Pixie Lights","Polar Seltzer Pixie Lights","3.74","0.0","","6 x 8 fl oz","6 x 8 fl oz","bcs0635.jpg",,"11"
"6324","Beverages, Chips & Snacks","Beverages & Water","Seltzer","Polar","Polar Seltzer Mermaid Songs","Polar Seltzer Mermaid Songs","3.74","0.0","","6 x 8 fl oz","6 x 8 fl oz","bcs0636.jpg",,"11"
"6325","Beverages, Chips & Snacks","Beverages & Water","Soft Drinks","Polar","Polar Root Beer Soda","Polar Root Beer Soda","1.49","0.0","","1 L","1 L","bcs0637.jpg",,"11"
"6326","Beverages, Chips & Snacks","Beverages & Water","Soft Drinks","Polar","Polar Birch Beer Soda","Polar Birch Beer Soda","1.49","0.0","","1 L","1 L","bcs0638.jpg",,"11"
"6327","Beverages, Chips & Snacks","Beverages & Water","Sparkling Water","Polar","Polar Pink Grapefruit Dry Sparkling Can","Polar Pink Grapefruit Dry Sparkling Can","3.74","0.0","","6 x 7.5 fl oz","6 x 7.5 fl oz","bcs0639.jpg",,"11"
"6328","Beverages, Chips & Snacks","Beverages & Water","Sparkling Water","Polar","Polar Orange Dry Sparkling Water Cans","Polar Orange Dry Sparkling Water Cans","3.74","0.0","","6 x 7.5 fl oz","6 x 7.5 fl oz","bcs0640.jpg",,"11"
"6329","Beverages, Chips & Snacks","Beverages & Water","Tonic Water","Polar","Polar Premium Tonic Water Cans","Polar Premium Tonic Water Cans","3.74","0.0","","6 x 7.5 fl oz","6 x 7.5 fl oz","bcs0641.jpg",,"11"
"6330","Beverages, Chips & Snacks","Beverages & Water","Soft Drinks","Polar","Polar Premium Club Soda Cans","Polar Premium Club Soda Cans","3.74","0.0","","6 x 7.5 fl oz","6 x 7.5 fl oz","bcs0642.jpg",,"11"
"6331","Beverages, Chips & Snacks","Beverages & Water","Ginger Ale","Polar","Polar Diet Zero Sugar Ginger Ale Cans","Polar Diet Zero Sugar Ginger Ale Cans","3.74","0.0","","6 x 7.5 fl oz","6 x 7.5 fl oz","bcs0643.jpg",,"17"
"6332","Beverages, Chips & Snacks","Beverages & Water","Ginger Ale","Polar","Polar Premium Ginger Ale Cans","Polar Premium Ginger Ale Cans","3.74","0.0","","6 x 7.5 fl oz","6 x 7.5 fl oz","bcs0644.jpg",,"11"
"6333","Beverages, Chips & Snacks","Beverages & Water","Seltzer","Polar","Polar Lime Seltzer","Polar Lime Seltzer","1.24","0.0","","2 L","2 L","No Image.jpg",,"11"
"6334","Beverages, Chips & Snacks","Beverages & Water","Seltzer","Polar","Polar Ruby Red Grapefruit Seltzer","Polar Ruby Red Grapefruit Seltzer","1.24","0.0","","2 L","2 L","bcs0645.jpg",,"11"
"6335","Beverages, Chips & Snacks","Beverages & Water","Seltzer","Polar","Polar Raspberry Lime Seltzer","Polar Raspberry Lime Seltzer","1.24","0.0","","2 L","2 L","bcs0646.jpg",,"11"
"6336","Beverages, Chips & Snacks","Beverages & Water","Seltzer","Polar","Polar Lemon Seltzer","Polar Lemon Seltzer","1.24","0.0","","2 L","2 L","bcs0647.jpg",,"11"
"6337","Beverages, Chips & Snacks","Beverages & Water","Seltzer","Polar","Polar Original Seltzer","Polar Original Seltzer","1.24","0.0","","2 L","2 L","bcs0648.jpg",,"11"
"6338","Beverages, Chips & Snacks","Beverages & Water","Seltzer","Polar","Polar Cranberry Seltzer","Polar Cranberry Seltzer","1.24","0.0","","2 L","2 L","bcs0649.jpg",,"11"
"6339","Beverages, Chips & Snacks","Beverages & Water","Soft Drinks","Polar","Polar Diet Orange Dry","Polar Diet Orange Dry","2.11","0.0","","2 L","2 L","bcs0650.jpg",,"11"
"6340","Beverages, Chips & Snacks","Beverages & Water","Soft Drinks","Polar","Polar Diet Orange Dry Box of Cans","Polar Diet Orange Dry Box of Cans","4.36","0.0","","8 x 12 fl oz","8 x 12 fl oz","bcs0651.jpg",,"17"
"6341","Beverages, Chips & Snacks","Beverages & Water","Soft Drinks","Polar","Polar Diet Pink Grapefruit Dry Box of Cans","Polar Diet Pink Grapefruit Dry Box of Cans","4.36","0.0","","8 x 12 fl oz","8 x 12 fl oz","bcs0652.jpg",,"11"
"6342","Beverages, Chips & Snacks","Beverages & Water","Soft Drinks","Polar","Polar Black Cherry Soda Cans","Polar Black Cherry Soda Cans","4.99","0.0","","12 x 12 fl oz","12 x 12 fl oz","bcs0653.jpg",,"11"
"6343","Beverages, Chips & Snacks","Beverages & Water","Ginger Ale","Polar","Polar Premium Ginger Ale Cans","Polar Premium Ginger Ale Cans","4.99","0.0","","12 x 12 fl oz","12 x 12 fl oz","bcs0654.jpg",,"11"
"6344","Beverages, Chips & Snacks","Beverages & Water","Ginger Ale","Polar","Polar Diet Ginger Ale Cans","Polar Diet Ginger Ale Cans","4.99","0.0","","12 x 12 fl oz","12 x 12 fl oz","bcs0655.jpg",,"11"
"6345","Beverages, Chips & Snacks","Beverages & Water","Soft Drinks","Polar","Polar Pineapple Flavored Soda","Polar Pineapple Flavored Soda","1.74","0.0","","2 L","2 L","bcs0656.jpg",,"17"
"6346","Beverages, Chips & Snacks","Beverages & Water","Soft Drinks","Polar","Polar Diet Pomegranate Dry Soda","Polar Diet Pomegranate Dry Soda","1.74","0.0","","2 L","2 L","bcs0657.jpg",,"11"
"6347","Beverages, Chips & Snacks","Beverages & Water","Ginger Ale","Polar","Polar Zero Sugar Ginger Ale Soda","Polar Zero Sugar Ginger Ale Soda","1.74","0.0","","2 L","2 L","bcs0658.jpg",,"11"
"6348","Beverages, Chips & Snacks","Beverages & Water","Soft Drinks","Polar","Polar Cream Soda","Polar Cream Soda","1.74","0.0","","2 L","2 L","bcs0659.jpg",,"17"
"6349","Beverages, Chips & Snacks","Beverages & Water","Soft Drinks","Polar","Polar Cream Soda","Polar Cream Soda","1.49","0.0","","1 L","1 L","bcs0660.jpg",,"17"
"6350","Beverages, Chips & Snacks","Beverages & Water","Soft Drinks","Polar","Polar Diet Pink Grapefruit Dry","Polar Diet Pink Grapefruit Dry","2.11","0.0","","2 L","2 L","bcs0661.jpg",,"11"
"6351","Beverages, Chips & Snacks","Beverages & Water","Soft Drinks","Polar","Polar Diet Pink Grapefruit Dry","Polar Diet Pink Grapefruit Dry","1.49","0.0","","1 L","1 L","bcs0662.jpg",,"11"
"6352","Beverages, Chips & Snacks","Beverages & Water","Soft Drinks","Polar","Polar Premium Club Soda","Polar Premium Club Soda","1.49","0.0","","1 L","1 L","bcs0663.jpg",,"11"
"6353","Beverages, Chips & Snacks","Beverages & Water","Soft Drinks","Polar","Polar Premium Club Soda Lime","Polar Premium Club Soda Lime","1.49","0.0","","1 L","1 L","bcs0664.jpg",,"11"
"6354","Beverages, Chips & Snacks","Beverages & Water","Soft Drinks","Polar","Polar Premium Club Soda Lemon","Polar Premium Club Soda Lemon","1.49","0.0","","1 L","1 L","bcs0665.jpg",,"11"
"6355","Beverages, Chips & Snacks","Beverages & Water","Ginger Ale","Polar","Polar Zero Sugar Ginger Ale Soda","Polar Zero Sugar Ginger Ale Soda","1.49","0.0","","1 L","1 L","bcs0666.jpg",,"11"
"6356","Beverages, Chips & Snacks","Beverages & Water","Ginger Ale","Polar","Polar Golden Ginger Ale Extra Bold","Polar Golden Ginger Ale Extra Bold","1.49","0.0","","1 L","1 L","bcs0667.jpg",,"11"
"6357","Beverages, Chips & Snacks","Beverages & Water","Soft Drinks","Polar","Polar Premium Half & Half Grapefruit and Lemon Flavor","Polar Premium Half & Half Grapefruit and Lemon Flavor","1.49","0.0","","1 L","1 L","bcs0668.jpg",,"17"
"6358","Beverages, Chips & Snacks","Beverages & Water","Soft Drinks","Polar","Polar Premium Collins Natural Citrus Flavor","Polar Premium Collins Natural Citrus Flavor","1.49","0.0","","1 L","1 L","bcs0669.jpg",,"11"
"6359","Beverages, Chips & Snacks","Beverages & Water","Ginger Ale","Polar","Polar Premium Ginger Ale","Polar Premium Ginger Ale","1.49","0.0","","1 L","1 L","bcs0670.jpg",,"11"
"6360","Beverages, Chips & Snacks","Beverages & Water","Seltzer","Polar","Polar Seltzer Calorie free Raspberry Lime","Polar Seltzer Calorie free Raspberry Lime","1.74","0.0","","2 L","2 L","3208.jpg",,"11"
"6361","Beverages, Chips & Snacks","Beverages & Water","Seltzer","Polar","Polar Seltzer Lime","Polar Seltzer Lime","3.74","0.0","","6 x 16.9 fl oz","6 x 16.9 fl oz","3211.jpg",,"11"
"6362","Beverages, Chips & Snacks","Beverages & Water","Seltzer","Polar","Polar Seltzer Raspberry Lime","Polar Seltzer Raspberry Lime","3.74","0.0","","6 x 16.9 fl oz","6 x 16.9 fl oz","bcs0671.jpg",,"11"
"6363","Beverages, Chips & Snacks","Beverages & Water","Seltzer","Polar","Polar Seltzer Ruby Red Grapefruit","Polar Seltzer Ruby Red Grapefruit","3.74","0.0","","6 x 16.9 fl oz","6 x 16.9 fl oz","bcs0672.jpg",,"11"
"6364","Beverages, Chips & Snacks","Beverages & Water","Seltzer","Polar","Polar Seltzer Cranberry Lime","Polar Seltzer Cranberry Lime","3.74","0.0","","6 x 16.9 fl oz","6 x 16.9 fl oz","bcs0673.jpg",,"11"
"6365","Beverages, Chips & Snacks","Beverages & Water","Seltzer","Polar","Polar Seltzer Original","Polar Seltzer Original","3.74","0.0","","6 x 16.9 fl oz","6 x 16.9 fl oz","bcs0674.jpg",,"11"
"6366","Beverages, Chips & Snacks","Beverages & Water","Seltzer","Polar","Polar Seltzer Lemon","Polar Seltzer Lemon","3.74","0.0","","6 x 16.9 fl oz","6 x 16.9 fl oz","bcs0675.jpg",,"11"
"6367","Beverages, Chips & Snacks","Beverages & Water","Seltzer","Polar","Polar Seltzer Black Cherry","Polar Seltzer Black Cherry","3.74","0.0","","6 x 16.9 fl oz","6 x 16.9 fl oz","bcs0676.jpg",,"11"
"6368","Beverages, Chips & Snacks","Beverages & Water","Seltzer","Polar","Polar Seltzer, Ginger Lime Mule","Polar Seltzer, Ginger Lime Mule","1.24","0.0","","1 L","1 L","3221.jpg",,"11"
"6369","Beverages, Chips & Snacks","Beverages & Water","Sparkling Water","Polar","Polar Sparkling Beverage Orange Dry","Polar Sparkling Beverage Orange Dry","1.49","0.0","","1 L","1 L","3219.jpg",,"17"
"6370","Beverages, Chips & Snacks","Beverages & Water","Tonic Water","Polar","Polar Tonic Water Diet Lime","Polar Tonic Water Diet Lime","1.49","0.0","","1 L","1 L","3204.jpg",,"11"
"6371","Beverages, Chips & Snacks","Beverages & Water","Tonic Water","Polar","Polar Zero Sugar Tonic Water Traditional","Polar Zero Sugar Tonic Water Traditional","1.49","0.0","","1 L","1 L","bcs0677.jpg",,"11"
"6372","Beverages, Chips & Snacks","Beverages & Water","Soft Drinks","Polar","Polar Diet Black Cherry","Polar Diet Black Cherry","1.49","0.0","","1 L","1 L","bcs0678.jpg",,"17"
"6373","Beverages, Chips & Snacks","Beverages & Water","Sparkling Water","Polar","Polar Lime Sparkling Water","Polar Lime Sparkling Water","1.24","0.0","","1 L","1 L","bcs0679.jpg",,"11"
"6374","Beverages, Chips & Snacks","Beverages & Water","Sparkling Water","Polar","Polar Ruby Red Grapefruit Sparkling Water","Polar Ruby Red Grapefruit Sparkling Water","1.24","0.0","","1 L","1 L","bcs0680.jpg",,"11"
"6375","Beverages, Chips & Snacks","Beverages & Water","Sparkling Water","Polar","Polar Raspberry Lime Sparkling Water","Polar Raspberry Lime Sparkling Water","1.24","0.0","","1 L","1 L","bcs0681.jpg",,"11"
"6376","Beverages, Chips & Snacks","Beverages & Water","Sparkling Water","Polar","Polar Lemon Sparkling Water","Polar Lemon Sparkling Water","1.24","0.0","","1 L","1 L","bcs0682.jpg",,"11"
"6377","Beverages, Chips & Snacks","Beverages & Water","Sparkling Water","Polar","Polar Original Sparkling Water","Polar Original Sparkling Water","1.24","0.0","","1 L","1 L","bcs0683.jpg",,"11"
"6378","Beverages, Chips & Snacks","Beverages & Water","Sparkling Water","Polar","Polar Cranberry Sparkling Water","Polar Cranberry Sparkling Water","1.24","0.0","","1 L","1 L","bcs0684.jpg",,"11"
"6379","Beverages, Chips & Snacks","Beverages & Water","Sparkling Water","Polar","Polar Vanilla Sparkling Water","Polar Vanilla Sparkling Water","1.24","0.0","","1 L","1 L","bcs0685.jpg",,"11"
"6380","Beverages, Chips & Snacks","Beverages & Water","Sparkling Water","Polar","Polar Triple Berry Sparkling Water","Polar Triple Berry Sparkling Water","1.24","0.0","","1 L","1 L","bcs0686.jpg",,"11"
"6381","Beverages, Chips & Snacks","Beverages & Water","Sparkling Water","Polar","Polar Mandarin Sparkling Water","Polar Mandarin Sparkling Water","1.24","0.0","","1 L","1 L","bcs0687.jpg",,"11"
"6382","Beverages, Chips & Snacks","Beverages & Water","Sparkling Water","Polar","Polar Pineapple Pomello Sparkling Water","Polar Pineapple Pomello Sparkling Water","1.24","0.0","","1 L","1 L","bcs0688.jpg",,"11"
"6383","Beverages, Chips & Snacks","Beverages & Water","Sparkling Water","Polar","Polar Kiwi Pink Grapefruit Sparkling Water","Polar Kiwi Pink Grapefruit Sparkling Water","1.24","0.0","","1 L","1 L","bcs0689.jpg",,"11"
"6384","Beverages, Chips & Snacks","Beverages & Water","Sparkling Water","Polar","Polar Black Cherry Sparkling Water","Polar Black Cherry Sparkling Water","1.24","0.0","","1 L","1 L","bcs0690.jpg",,"11"
"6385","Beverages, Chips & Snacks","Beverages & Water","Sparkling Water","Polar","Polar Orange Vanilla Sparkling Water","Polar Orange Vanilla Sparkling Water","1.24","0.0","","1 L","1 L","bcs0691.jpg",,"11"
"6386","Beverages, Chips & Snacks","Beverages & Water","Sparkling Water","Polar","Polar Strawberry Watermelon Sparkling Water","Polar Strawberry Watermelon Sparkling Water","1.24","0.0","","1 L","1 L","bcs0692.jpg",,"11"
"6387","Beverages, Chips & Snacks","Beverages & Water","Soft Drinks","Polar","Polar Blueberry Lemonade","Polar Blueberry Lemonade","1.24","0.0","","1 L","1 L","bcs0693.jpg",,"11"
"6388","Beverages, Chips & Snacks","Beverages & Water","Sparkling Water","Polar","Polar Blueberry Peach Sparkling Water","Polar Blueberry Peach Sparkling Water","1.24","0.0","","1 L","1 L","bcs0694.jpg",,"11"
"6389","Beverages, Chips & Snacks","Beverages & Water","Sparkling Water","Polar","Polar Toasted Coconut Sparkling Water","Polar Toasted Coconut Sparkling Water","1.24","0.0","","1 L","1 L","bcs0695.jpg",,"11"
"6390","Beverages, Chips & Snacks","Beverages & Water","Seltzer","Polar","Polar Seltzer Blueberry Lemonade","Polar Seltzer Blueberry Lemonade","4.18","0.0","","8 x 12 fl oz","8 x 12 fl oz","bcs0696.jpg",,"11"
"6391","Beverages, Chips & Snacks","Beverages & Water","Seltzer","Polar","Polar Seltzer Strawberry Lemonade","Polar Seltzer Strawberry Lemonade","4.18","0.0","","8 x 12 fl oz","8 x 12 fl oz","bcs0697.jpg",,"11"
"6392","Beverages, Chips & Snacks","Beverages & Water","Seltzer","Polar","Polar Seltzer Tart Cherry Limeade","Polar Seltzer Tart Cherry Limeade","4.18","0.0","","8 x 12 fl oz","8 x 12 fl oz","bcs0698.jpg",,"11"
"6393","Beverages, Chips & Snacks","Beverages & Water","Seltzer","Polar","Polar Seltzer Blood Orange Lemonade","Polar Seltzer Blood Orange Lemonade","4.18","0.0","","8 x 12 fl oz","8 x 12 fl oz","bcs0699.jpg",,"11"
"6394","Beverages, Chips & Snacks","Beverages & Water","Seltzer","Polar","Polar Seltzer Starfruit Lemonade","Polar Seltzer Starfruit Lemonade","4.18","0.0","","8 x 12 fl oz","8 x 12 fl oz","bcs0700.jpg",,"11"
"6395","Beverages, Chips & Snacks","Beverages & Water","Seltzer","Polar","Polar Seltzer Pink Raspberry Lemonade","Polar Seltzer Pink Raspberry Lemonade","4.18","0.0","","8 x 12 fl oz","8 x 12 fl oz","bcs0701.jpg",,"11"
"6396","Beverages, Chips & Snacks","Beverages & Water","Seltzer","Polar","Polar Seltzer Mango Limeade","Polar Seltzer Mango Limeade","4.18","0.0","","8 x 12 fl oz","8 x 12 fl oz","bcs0702.jpg",,"11"
"6397","Beverages, Chips & Snacks","Beverages & Water","Seltzer","Polar","Polar Seltzer Watermelon Lemonade","Polar Seltzer Watermelon Lemonade","4.18","0.0","","8 x 12 fl oz","8 x 12 fl oz","bcs0703.jpg",,"11"
"6398","Beverages, Chips & Snacks","Beverages & Water","Seltzer","Schweppes","Schweppes Black Cherry Sparkling Seltzer Water","Schweppes Black Cherry Sparkling Seltzer Water","4.99","0.0","","12 x 12 fl oz","12 x 12 fl oz","3249.jpg",,"11"
"6399","Beverages, Chips & Snacks","Beverages & Water","Soft Drinks","Schweppes","Schweppes Club Soda","Schweppes Club Soda","1.24","0.0","","1 L","1 L","3256.jpg",,"11"
"6400","Beverages, Chips & Snacks","Beverages & Water","Seltzer","Schweppes","Schweppes Sparkling Seltzer Water","Schweppes Sparkling Seltzer Water","4.99","0.0","","12 x 12 fl oz","12 x 12 fl oz","18039.jpg",,"11"
"6401","Beverages, Chips & Snacks","Beverages & Water","Tonic Water","Schweppes","Schweppes Tonic Water","Schweppes Tonic Water","1.24","0.0","","1 L","1 L","3257.jpg",,"11"
"6402","Beverages, Chips & Snacks","Beverages & Water","Sparkling Water","Sparkling ICE","Sparkling ICE Classic Lemonade","Sparkling ICE Classic Lemonade","1.11","0.0","","17 fl oz","17 fl oz","16227.jpg",,"11"
"6403","Beverages, Chips & Snacks","Beverages & Water","Sparkling Water","Sparkling ICE","Sparkling ICE Pink Grapefruit","Sparkling ICE Pink Grapefruit","1.11","0.0","","17 fl oz","17 fl oz","16243.jpg",,"11"
"6404","Beverages, Chips & Snacks","Beverages & Water","Sparkling Water","Sparkling ICE","Sparkling ICE 4 Pack","Sparkling ICE 4 Pack","12.49","0.0","","12 x 17 fl oz","12 x 17 fl oz","bcs0704.jpg",,"11"
"6405","Beverages, Chips & Snacks","Beverages & Water","Sparkling Water","Sparkling ICE","Sparkling ICE 4 Pack","Sparkling ICE 4 Pack","12.49","0.0","","12 x 17 fl oz","12 x 17 fl oz","bcs0705.jpg",,"11"
"6406","Beverages, Chips & Snacks","Beverages & Water","Sparkling Water","Sparkling ICE","Sparkling ICE 4 Pack","Sparkling ICE 4 Pack","12.49","0.0","","12 x 17 fl oz","12 x 17 fl oz","bcs0706.jpg",,"11"
"6407","Beverages, Chips & Snacks","Beverages & Water","Sparkling Water","Spindrift","Spindrift Sparkling Water Cranberry Raspberry","Spindrift Sparkling Water Cranberry Raspberry","6.24","0.0","","8 x 12 fl oz","8 x 12 fl oz","16215.jpg",,"11"
"6408","Beverages, Chips & Snacks","Beverages & Water","Sparkling Water","Spindrift","Spindrift Sparkling Water Strawberry","Spindrift Sparkling Water Strawberry","6.24","0.0","","8 x 12 fl oz","8 x 12 fl oz","16213.jpg",,"11"
"6409","Beverages, Chips & Snacks","Beverages & Water","Sparkling Water","Spindrift","Spindrift Sparkling Water Lemon & Brewed Black Tea","Spindrift Sparkling Water Lemon & Brewed Black Tea","6.24","0.0","","8 x 12 fl oz","8 x 12 fl oz","bcs0707.jpg",,"11"
"6410","Beverages, Chips & Snacks","Beverages & Water","Sparkling Water","Spindrift","Spindrift Sparkling Water Cucumber","Spindrift Sparkling Water Cucumber","6.24","0.0","","8 x 12 fl oz","8 x 12 fl oz","bcs0708.jpg",,"11"
"6411","Beverages, Chips & Snacks","Beverages & Water","Sparkling Water","Spindrift","Spindrift Sparkling Water & Real Squeezed Fruit Orange Mango","Spindrift Sparkling Water & Real Squeezed Fruit Orange Mango","6.24","0.0","","8 x 12 fl oz","8 x 12 fl oz","bcs0709.jpg",,"11"
"6412","Beverages, Chips & Snacks","Beverages & Water","Sparkling Water","Spindrift","Spindrift Sparkling Water Lime","Spindrift Sparkling Water Lime","6.24","0.0","","8 x 12 fl oz","8 x 12 fl oz","bcs0710.jpg",,"11"
"6413","Beverages, Chips & Snacks","Chips & Snacks","Rice Cake","Lundberg Family Farms","Lundberg Family Farms Brn Rice Rice Cake Lightly Salted Eco Farmed Rice Cakes","Lundberg Family Farms Brn Rice Rice Cake Lightly Salted Eco Farmed Rice Cakes","3.74","0.0","","6 oz","6 oz","15131.jpg",,"6"
"6414","Beverages, Chips & Snacks","Chips & Snacks","Rice Cake","Lundberg Family Farms","Lundberg Family Farms Cinnamon Toast Organic Rice Cakes","Lundberg Family Farms Cinnamon Toast Organic Rice Cakes","3.74","0.0","","9.5 oz","9.5 oz","15178.jpg",,"6"
"6415","Beverages, Chips & Snacks","Chips & Snacks","Rice Cake","Lundberg Family Farms","Lundberg Family Farms EF Honey Nut Rice Cakes Eco Farmed Rice Cakes","Lundberg Family Farms EF Honey Nut Rice Cakes Eco Farmed Rice Cakes","3.74","0.0","","9.6 oz","9.6 oz","15180.jpg",,"6"
"6416","Beverages, Chips & Snacks","Chips & Snacks","Rice Cake","Lundberg Family Farms","Lundberg Family Farms Organic Wild Rice Lightly Salted Whole Grain Rice Cakes","Lundberg Family Farms Organic Wild Rice Lightly Salted Whole Grain Rice Cakes","3.74","0.0","","8.5 oz","8.5 oz","bcs0711.jpg",,"6"
"6417","Beverages, Chips & Snacks","Chips & Snacks","Rice Cake","Mother's","Mother'S Salted Plain Rice Cakes","Mother'S Salted Plain Rice Cakes","3.13","0.0","","4.4 oz","4.4 oz","15163.jpg",,"6"
"6418","Beverages, Chips & Snacks","Chips & Snacks","Rice Cake","Mother's","Mother'S Sodium Free Plain Rice Cakes","Mother'S Sodium Free Plain Rice Cakes","3.13","0.0","","4.4 oz","4.4 oz","15149.jpg",,"6"
"6419","Beverages, Chips & Snacks","Chips & Snacks","Rice Cake","Quaker","Quaker Rice Cakes Apple Cinnamon","Quaker Rice Cakes Apple Cinnamon","1.88","0.0","","3.52 oz","3.52 oz","1197.jpg",,"6"
"6420","Beverages, Chips & Snacks","Chips & Snacks","Rice Cake","Quaker","Quaker Rice Cakes Buttered Popcorn","Quaker Rice Cakes Buttered Popcorn","1.88","0.0","","3.03 oz","3.03 oz","1202.jpg",,"6"
"6421","Beverages, Chips & Snacks","Chips & Snacks","Rice Cake","Quaker","Quaker Apple Cinnamon Rice Cake","Quaker Apple Cinnamon Rice Cake","2.5","0.0","","6.5 oz","6.5 oz","bcs0712.jpg",,"6"
"6422","Beverages, Chips & Snacks","Chips & Snacks","Rice Cake","Quaker","Quaker Rice Cakes Chocolate Crunch","Quaker Rice Cakes Chocolate Crunch","2.5","0.0","","7.23 oz","7.23 oz","1196.jpg",,"6"
"6423","Beverages, Chips & Snacks","Chips & Snacks","Rice Cake","Quaker","Quaker Rice Cakes Salt Free","Quaker Rice Cakes Salt Free","2.5","0.0","","4.47 oz","4.47 oz","1199.jpg",,"6"
"6424","Beverages, Chips & Snacks","Chips & Snacks","Rice Cake","Quaker","Quaker Rice Cakes Butter Popcorn","Quaker Rice Cakes Butter Popcorn","2.5","0.0","","4.47 oz","4.47 oz","1206.jpg",,"6"
"6425","Beverages, Chips & Snacks","Chips & Snacks","Rice Cake","Quaker","Quaker Rice Cakes White Cheddar","Quaker Rice Cakes White Cheddar","2.5","0.0","","5.5 oz","5.5 oz","1198.jpg",,"6"
"6426","Beverages, Chips & Snacks","Chips & Snacks","Nuts, Seeds & Dried Fruit","Ocean Spray","Ocean Spray Craisins Cherry Juice Infused Dried Cranberries","Ocean Spray Craisins Cherry Juice Infused Dried Cranberries","2.49","0.0","","6 oz","6 oz","1416.jpg",,"6"
"6427","Beverages, Chips & Snacks","Chips & Snacks","Nuts, Seeds & Dried Fruit","Ocean Spray","Ocean Spray Dried Cranberries","Ocean Spray Dried Cranberries","2.49","0.0","","5 oz","5 oz","1415.jpg",,"6"
"6428","Beverages, Chips & Snacks","Chips & Snacks","Nuts, Seeds & Dried Fruit","Ocean Spray","Ocean Spray Original Dried Cranberries","Ocean Spray Original Dried Cranberries","4.36","0.0","","12 oz","12 oz","1414.jpg",,"6"
"6429","Beverages, Chips & Snacks","Chips & Snacks","Nuts, Seeds & Dried Fruit","Peeled Snacks","Peeled Snacks Organic Apple 2 The Core","Peeled Snacks Organic Apple 2 The Core","3.75","0.0","","2.8 oz","2.8 oz","15305.jpg",,"6"
"6430","Beverages, Chips & Snacks","Chips & Snacks","Nuts, Seeds & Dried Fruit","Peeled Snacks","Peeled Snacks Paradise Found Gently Dried Organic Banana, Mango & Pineapple","Peeled Snacks Paradise Found Gently Dried Organic Banana, Mango & Pineapple","3.75","0.0","","2.8 oz","2.8 oz","15288.jpg",,"6"
"6431","Beverages, Chips & Snacks","Chips & Snacks","Nuts, Seeds & Dried Fruit","Sunsweet","Sunsweet Amazin Prunes Pitted Plums","Sunsweet Amazin Prunes Pitted Plums","5.99","0.0","","16 oz","16 oz","1391.jpg",,"6"
"6432","Beverages, Chips & Snacks","Chips & Snacks","Nuts, Seeds & Dried Fruit","Sunsweet","Sunsweet D'Noir Prunes Pitted Plums","Sunsweet D'Noir Prunes Pitted Plums","3.49","0.0","","8 oz","8 oz","1387.jpg",,"6"
"6433","Beverages, Chips & Snacks","Chips & Snacks","Nuts, Seeds & Dried Fruit","Sunsweet","Sunsweet Pitted Prunes Orange Essence","Sunsweet Pitted Prunes Orange Essence","2.86","0.0","","6 oz","6 oz","1388.jpg",,"6"
"6434","Beverages, Chips & Snacks","Beverages & Water","Soft Drinks","Market Basket","Market Basket Orange Soda","Market Basket Orange Soda","0.63","0.0","","20 fl oz","20 fl oz","Market Basket.jpg",,"17"
"6435","Beverages, Chips & Snacks","Beverages & Water","Soft Drinks","Market Basket","Market Basket Club Soda","Market Basket Club Soda","2.24","0.0","","6 x 8 fl oz","6 x 8 fl oz","Market Basket.jpg",,"17"
"6436","Beverages, Chips & Snacks","Beverages & Water","Soft Drinks","Market Basket","Market Basket Cola","Market Basket Cola","2.24","0.0","","6 x 8 fl oz","6 x 8 fl oz","Market Basket.jpg",,"17"
"6437","Beverages, Chips & Snacks","Beverages & Water","Soft Drinks","Market Basket","Market Basket Diet Cola","Market Basket Diet Cola","2.24","0.0","","6 x 8 fl oz","6 x 8 fl oz","Market Basket.jpg",,"17"
"6438","Beverages, Chips & Snacks","Beverages & Water","Soft Drinks","Market Basket","Market Basket Diet Orange Soda","Market Basket Diet Orange Soda","2.24","0.0","","6 x 8 fl oz","6 x 8 fl oz","Market Basket.jpg",,"17"
"6439","Beverages, Chips & Snacks","Beverages & Water","Soft Drinks","Market Basket","Market Basket Diet Soda","Market Basket Diet Soda","2.24","0.0","","6 x 8 fl oz","6 x 8 fl oz","Market Basket.jpg",,"17"
"6440","Beverages, Chips & Snacks","Beverages & Water","Ginger Ale","Market Basket","Market Basket Ginger Ale","Market Basket Ginger Ale","2.24","0.0","","6 x 8 fl oz","6 x 8 fl oz","Market Basket.jpg",,"17"
"6441","Beverages, Chips & Snacks","Beverages & Water","Soft Drinks","Market Basket","Market Basket Orange Soda","Market Basket Orange Soda","2.24","0.0","","6 x 8 fl oz","6 x 8 fl oz","Market Basket.jpg",,"17"
"6442","Beverages, Chips & Snacks","Beverages & Water","Soft Drinks","Market Basket","Market Basket Club Soda","Market Basket Club Soda","3.75","0.0","","12 x 12 fl oz","12 x 12 fl oz","Market Basket.jpg",,"17"
"6443","Beverages, Chips & Snacks","Beverages & Water","Soft Drinks","Market Basket","Market Basket Cola","Market Basket Cola","3.75","0.0","","12 x 12 fl oz","12 x 12 fl oz","Market Basket.jpg",,"17"
"6444","Beverages, Chips & Snacks","Beverages & Water","Soft Drinks","Market Basket","Market Basket Diet Cola","Market Basket Diet Cola","3.75","0.0","","12 x 12 fl oz","12 x 12 fl oz","Market Basket.jpg",,"17"
"6445","Beverages, Chips & Snacks","Beverages & Water","Soft Drinks","Market Basket","Market Basket Diet Orange Soda","Market Basket Diet Orange Soda","3.75","0.0","","12 x 12 fl oz","12 x 12 fl oz","Market Basket.jpg",,"17"
"6446","Beverages, Chips & Snacks","Beverages & Water","Soft Drinks","Market Basket","Market Basket Diet Soda","Market Basket Diet Soda","3.75","0.0","","12 x 12 fl oz","12 x 12 fl oz","Market Basket.jpg",,"17"
"6447","Beverages, Chips & Snacks","Beverages & Water","Ginger Ale","Market Basket","Market Basket Ginger Ale","Market Basket Ginger Ale","3.75","0.0","","12 x 12 fl oz","12 x 12 fl oz","Market Basket.jpg",,"17"
"6448","Beverages, Chips & Snacks","Beverages & Water","Soft Drinks","Market Basket","Market Basket Orange Soda","Market Basket Orange Soda","3.75","0.0","","12 x 12 fl oz","12 x 12 fl oz","Market Basket.jpg",,"17"
"6449","Beverages, Chips & Snacks","Chips & Snacks","Jerky","Jack Link's","Jack Link's Teriyaki Beef Jerky","Jack Link's Teriyaki Beef Jerky","4.99","0.0","","2.85 oz","2.85 oz","bcs0713.jpg",,"6"
"6450","Beverages, Chips & Snacks","Chips & Snacks","Jerky","Bridgford","Bridgford Original Beef Jerky","Bridgford Original Beef Jerky","6.24","0.0","","3.25 oz","3.25 oz","bcs0714.jpg",,"6"
"6451","Beverages, Chips & Snacks","Chips & Snacks","Jerky","Bridgford","Bridgford Honey Barbecue Beef Jerky","Bridgford Honey Barbecue Beef Jerky","6.24","0.0","","3.25 oz","3.25 oz","bcs0715.jpg",,"6"
"6452","Beverages, Chips & Snacks","Chips & Snacks","Jerky","Bridgford","Bridgford Sweet 'N Spicy Beef Jerky","Bridgford Sweet 'N Spicy Beef Jerky","6.24","0.0","","3.25 oz","3.25 oz","bcs0716.jpg",,"6"
"6453","Beverages, Chips & Snacks","Chips & Snacks","Jerky","Matador","Matador Original Beef Jerky","Matador Original Beef Jerky","6.86","0.0","","3 oz","3 oz","bcs0717.jpg",,"6"
"6454","Beverages, Chips & Snacks","Chips & Snacks","Jerky","Matador","Matador Teriyaki Beef Jerky","Matador Teriyaki Beef Jerky","6.86","0.0","","3 oz","3 oz","bcs0718.jpg",,"6"
"6455","Beverages, Chips & Snacks","Chips & Snacks","Jerky","Lorissa's Kitchen","Lorissa's Kitchen Ginger Teriyaki Tender Cuts of Chicken Breasts","Lorissa's Kitchen Ginger Teriyaki Tender Cuts of Chicken Breasts","7.49","0.0","","2.25 oz","2.25 oz","bcs0719.jpg",,"6"
"6456","Beverages, Chips & Snacks","Chips & Snacks","Jerky","Lorissa's Kitchen","Lorissa's Kitchen Szechuan Peppercorn Tender Beef Steak Strips","Lorissa's Kitchen Szechuan Peppercorn Tender Beef Steak Strips","7.49","0.0","","2.25 oz","2.25 oz","bcs0720.jpg",,"6"
"6457","Beverages, Chips & Snacks","Chips & Snacks","Jerky","Lorissa's Kitchen","Lorissa's Kitchen Korean Barbecue Tender Beef Steak Strips","Lorissa's Kitchen Korean Barbecue Tender Beef Steak Strips","7.49","0.0","","2.25 oz","2.25 oz","bcs0721.jpg",,"6"
"6458","Beverages, Chips & Snacks","Chips & Snacks","Jerky","Epic","Epic Beef Bar","Epic Beef Bar","3.11","0.0","","1.5 oz","1.5 oz","bcs0722.jpg",,"6"
"6459","Beverages, Chips & Snacks","Chips & Snacks","Jerky","Vermont","Vermont Uncured Pepperoni Turkey Sticks","Vermont Uncured Pepperoni Turkey Sticks","6.24","0.0","","3 oz","3 oz","bcs0723.jpg",,"6"
"6460","Beverages, Chips & Snacks","Chips & Snacks","Jerky","Vermont","Vermont Original Beef & Pork Sticks","Vermont Original Beef & Pork Sticks","6.24","0.0","","3 oz","3 oz","bcs0724.jpg",,"6"
"6461","Beverages, Chips & Snacks","Chips & Snacks","Jerky","Vermont","Vermont BBQ Seasoned Beef Sticks","Vermont BBQ Seasoned Beef Sticks","6.24","0.0","","3 oz","3 oz","bcs0725.jpg",,"6"
"6462","Beverages, Chips & Snacks","Chips & Snacks","Nuts, Seeds & Dried Fruit","Planters","Planters Dry Roasted Peanuts","Planters Dry Roasted Peanuts","3.74","0.0","","16 oz","16 oz","bcs0726.jpg",,"6"
"6463","Beverages, Chips & Snacks","Chips & Snacks","Nuts, Seeds & Dried Fruit","Planters","Planters Honey Roasted Peanuts","Planters Honey Roasted Peanuts","3.74","0.0","","16 oz","16 oz","bcs0727.jpg",,"6"
"6464","Beverages, Chips & Snacks","Chips & Snacks","Nuts, Seeds & Dried Fruit","Planters","Planters Walnuts","Planters Walnuts","8.74","0.0","","7.25 oz","7.25 oz","bcs0728.jpg",,"6"
"6465","Beverages, Chips & Snacks","Chips & Snacks","Nuts, Seeds & Dried Fruit","Planters","Planters Mixed Nuts","Planters Mixed Nuts","6.24","0.0","","10.3 oz","10.3 oz","bcs0729.jpg",,"6"
"6466","Beverages, Chips & Snacks","Chips & Snacks","Nuts, Seeds & Dried Fruit","Planters","Planters Lightly Salted Cocktail Peanuts","Planters Lightly Salted Cocktail Peanuts","3.74","0.0","","16 oz","16 oz","bcs0730.jpg",,"6"
"6467","Beverages, Chips & Snacks","Chips & Snacks","Nuts, Seeds & Dried Fruit","P3 - Portable Protein Pack","P3 Chipotle Peanuts, Sunflower Kernels, Original Beef Jerky","P3 Chipotle Peanuts, Sunflower Kernels, Original Beef Jerky","6.24","0.0","","5.4 oz","5.4 oz","bcs0731.jpg",,"6"
"6468","Beverages, Chips & Snacks","Chips & Snacks","Nuts, Seeds & Dried Fruit","P3 - Portable Protein Pack","P3 Honey Roasted Peanuts, Sunflower Kernels, Sweet & Spicy Teriyaki Beef Jerky","P3 Honey Roasted Peanuts, Sunflower Kernels, Sweet & Spicy Teriyaki Beef Jerky","6.24","0.0","","5.4 oz","5.4 oz","bcs0732.jpg",,"6"
"6469","Beverages, Chips & Snacks","Chips & Snacks","Nuts, Seeds & Dried Fruit","Planters","Planters Wholesome Nut Mix","Planters Wholesome Nut Mix","6.24","0.0","","7.5 oz","7.5 oz","bcs0733.jpg",,"6"
"6470","Beverages, Chips & Snacks","Chips & Snacks","Nuts, Seeds & Dried Fruit","Second Nature","Second Nature Wholesome Medley","Second Nature Wholesome Medley","8.74","0.0","","15 oz","15 oz","bcs0734.jpg",,"6"
"6471","Beverages, Chips & Snacks","Chips & Snacks","Nuts, Seeds & Dried Fruit","Second Nature","Second Nature California Medley","Second Nature California Medley","8.74","0.0","","12.5 oz","12.5 oz","bcs0735.jpg",,"6"
"6472","Beverages, Chips & Snacks","Chips & Snacks","Nuts, Seeds & Dried Fruit","Kars","Kars Sweet 'N Salty Mix","Kars Sweet 'N Salty Mix","3.13","0.0","","10 oz","10 oz","bcs0736.jpg",,"6"
"6473","Beverages, Chips & Snacks","Chips & Snacks","Nuts, Seeds & Dried Fruit","Planters","Planters Wholesome Nut Mix","Planters Wholesome Nut Mix","6.24","0.0","","9.75 oz","9.75 oz","bcs0737.jpg",,"6"
"6474","Beverages, Chips & Snacks","Chips & Snacks","Nuts, Seeds & Dried Fruit","Superior Nut Company","Superior Nut Company Natural Almonds","Superior Nut Company Natural Almonds","7.49","0.0","","15 oz","15 oz","bcs0738.jpg",,"6"
"6475","Beverages, Chips & Snacks","Chips & Snacks","Nuts, Seeds & Dried Fruit","Superior Nut Company","Superior Nut Company Roasted Almonds","Superior Nut Company Roasted Almonds","7.49","0.0","","15 oz","15 oz","bcs0739.jpg",,"6"
"6476","Beverages, Chips & Snacks","Chips & Snacks","Nuts, Seeds & Dried Fruit","Superior Nut Company","Superior Nut Company Honey Roasted Almonds","Superior Nut Company Honey Roasted Almonds","7.49","0.0","","15 oz","15 oz","bcs0740.jpg",,"6"
"6477","Beverages, Chips & Snacks","Chips & Snacks","Nuts, Seeds & Dried Fruit","River Queen","River Queen Salted Fancy Mixed Nuts","River Queen Salted Fancy Mixed Nuts","6.24","0.0","","8 oz","8 oz","bcs0741.jpg",,"6"
"6478","Beverages, Chips & Snacks","Chips & Snacks","Nuts, Seeds & Dried Fruit","River Queen","River Queen Salted Premium Mixed Nuts","River Queen Salted Premium Mixed Nuts","6.24","0.0","","13 oz","13 oz","bcs0742.jpg",,"6"
"6479","Beverages, Chips & Snacks","Chips & Snacks","Nuts, Seeds & Dried Fruit","River Queen","River Queen Honey Roasted Peanuts","River Queen Honey Roasted Peanuts","2.5","0.0","","13 oz","13 oz","bcs0743.jpg",,"6"
"6480","Beverages, Chips & Snacks","Chips & Snacks","Nuts, Seeds & Dried Fruit","River Queen","River Queen Spanish Peanuts","River Queen Spanish Peanuts","2.5","0.0","","13 oz","13 oz","bcs0744.jpg",,"6"
"6481","Beverages, Chips & Snacks","Chips & Snacks","Nuts, Seeds & Dried Fruit","River Queen","River Queen Unsalted Peanuts","River Queen Unsalted Peanuts","2.5","0.0","","13 oz","13 oz","bcs0745.jpg",,"6"
"6482","Beverages, Chips & Snacks","Chips & Snacks","Nuts, Seeds & Dried Fruit","River Queen","River Queen Salted Peanuts","River Queen Salted Peanuts","2.5","0.0","","13 oz","13 oz","bcs0746.jpg",,"6"
"6483","Beverages, Chips & Snacks","Chips & Snacks","Nuts, Seeds & Dried Fruit","Beer Nuts","Beer Nuts Original Peanuts","Beer Nuts Original Peanuts","3.74","0.0","","12 oz","12 oz","bcs0747.jpg",,"6"
"6484","Beverages, Chips & Snacks","Chips & Snacks","Nuts, Seeds & Dried Fruit","Teddie Premium Selection","Teddie Premium Selection Honey Roasted Extra Large Virginia Peanuts","Teddie Premium Selection Honey Roasted Extra Large Virginia Peanuts","3.13","0.0","","9 oz","9 oz","bcs0748.jpg",,"6"
"6485","Beverages, Chips & Snacks","Chips & Snacks","Nuts, Seeds & Dried Fruit","Teddie Premium Selection","Teddie Premium Selection Extra Large Virginia Peanuts","Teddie Premium Selection Extra Large Virginia Peanuts","3.13","0.0","","9 oz","9 oz","bcs0749.jpg",,"6"
"6486","Beverages, Chips & Snacks","Chips & Snacks","Nuts, Seeds & Dried Fruit","Teddie Premium Selection","Teddie Premium Selection Extra Fancy Mixed Nuts","Teddie Premium Selection Extra Fancy Mixed Nuts","6.24","0.0","","8 oz","8 oz","bcs0750.jpg",,"6"
"6487","Beverages, Chips & Snacks","Chips & Snacks","Nuts, Seeds & Dried Fruit","Emerald","Emerald Cocoa Roast Almonds","Emerald Cocoa Roast Almonds","3.75","0.0","","4.34 oz","4.34 oz","bcs0751.jpg",,"6"
"6488","Beverages, Chips & Snacks","Chips & Snacks","Nuts, Seeds & Dried Fruit","Emerald","Emerald Dry Roasted Almonds","Emerald Dry Roasted Almonds","3.75","0.0","","4.34 oz","4.34 oz","bcs0752.jpg",,"6"
"6489","Beverages, Chips & Snacks","Chips & Snacks","Nuts, Seeds & Dried Fruit","Emerald","Emerald Almonds & Walnuts Unsalted","Emerald Almonds & Walnuts Unsalted","3.75","0.0","","3.92 oz","3.92 oz","bcs0753.jpg",,"6"
"6490","Beverages, Chips & Snacks","Chips & Snacks","Nuts, Seeds & Dried Fruit","Emerald","Emerald Whole Almonds","Emerald Whole Almonds","5.0","0.0","","4.34 oz","4.34 oz","bcs0754.jpg",,"6"
"6491","Beverages, Chips & Snacks","Chips & Snacks","Nuts, Seeds & Dried Fruit","River Queen","River Queen Dry Roasted Peanuts","River Queen Dry Roasted Peanuts","2.5","0.0","","16 oz","16 oz","bcs0755.jpg",,"6"
"6492","Beverages, Chips & Snacks","Chips & Snacks","Nuts, Seeds & Dried Fruit","River Queen","River Queen Unsalted Dry Roasted Sunflower Seeds","River Queen Unsalted Dry Roasted Sunflower Seeds","1.88","0.0","","7 oz","7 oz","bcs0756.jpg",,"6"
"6493","Beverages, Chips & Snacks","Chips & Snacks","Nuts, Seeds & Dried Fruit","Bob's Red Mill","Bob's Red Mill Premium Shelled Sunflower Seeds","Bob's Red Mill Premium Shelled Sunflower Seeds","2.5","0.0","","10 oz","10 oz","bcs0757.jpg",,"6"
"6494","Beverages, Chips & Snacks","Chips & Snacks","Nuts, Seeds & Dried Fruit","Bob's Red Mill","Bob's Red Mill Organic Premium Shelled Pepitas Pumpkin Seeds","Bob's Red Mill Organic Premium Shelled Pepitas Pumpkin Seeds","7.49","0.0","","12 oz","12 oz","bcs0758.jpg",,"6"
"6495","Beverages, Chips & Snacks","Chips & Snacks","Nuts, Seeds & Dried Fruit","David","David Original Salted & Roasted Sunflower Seeds","David Original Salted & Roasted Sunflower Seeds","4.99","0.0","","14.5 oz","14.5 oz","bcs0759.jpg",,"6"
"6496","Beverages, Chips & Snacks","Chips & Snacks","Nuts, Seeds & Dried Fruit","David","David Roasted & Salted Pumpkin Seeds","David Roasted & Salted Pumpkin Seeds","3.11","0.0","","5 oz","5 oz","bcs0760.jpg",,"6"
"6497","Beverages, Chips & Snacks","Chips & Snacks","Nuts, Seeds & Dried Fruit","David","David Roasted & Salted Sunflower Kernels","David Roasted & Salted Sunflower Kernels","2.74","0.0","","8.5 oz","8.5 oz","bcs0761.jpg",,"6"
"6498","Beverages, Chips & Snacks","Chips & Snacks","Nuts, Seeds & Dried Fruit","Kars","Kars Peanut Butter 'N Dark Chocolate","Kars Peanut Butter 'N Dark Chocolate","3.75","0.0","","12 oz","12 oz","bcs0762.jpg",,"6"
"6499","Beverages, Chips & Snacks","Chips & Snacks","Nuts, Seeds & Dried Fruit","Kars","Kars Sweet 'N Salty Mix","Kars Sweet 'N Salty Mix","3.75","0.0","","16 oz","16 oz","bcs0763.jpg",,"6"
"6500","Beverages, Chips & Snacks","Chips & Snacks","Nuts, Seeds & Dried Fruit","Planters","Planters Dry Roasted Pistachios","Planters Dry Roasted Pistachios","9.99","0.0","","12.75 oz","12.75 oz","bcs0764.jpg",,"6"
"6501","Beverages, Chips & Snacks","Chips & Snacks","Nuts, Seeds & Dried Fruit","Blue Diamond","Blue Diamond Wasabi & Soy Sauce Flavored Almonds","Blue Diamond Wasabi & Soy Sauce Flavored Almonds","9.99","0.0","","16 oz","16 oz","bcs0765.jpg",,"6"
"6502","Beverages, Chips & Snacks","Chips & Snacks","Nuts, Seeds & Dried Fruit","Blue Diamond","Blue Diamond Toasted Coconut Oven Roasted Almonds","Blue Diamond Toasted Coconut Oven Roasted Almonds","9.99","0.0","","14 oz","14 oz","bcs0766.jpg",,"6"
"6503","Beverages, Chips & Snacks","Chips & Snacks","Nuts, Seeds & Dried Fruit","Blue Diamond","Blue Diamond Roasted Salted Almonds","Blue Diamond Roasted Salted Almonds","9.99","0.0","","16 oz","16 oz","bcs0767.jpg",,"6"
"6504","Beverages, Chips & Snacks","Chips & Snacks","Nuts, Seeds & Dried Fruit","Blue Diamond","Blue Diamond Oven Roasted Almonds","Blue Diamond Oven Roasted Almonds","9.99","0.0","","14 oz","14 oz","bcs0768.jpg",,"6"
"6505","Beverages, Chips & Snacks","Chips & Snacks","Nuts, Seeds & Dried Fruit","Blue Diamond","Blue Diamond Whole Natural Almonds","Blue Diamond Whole Natural Almonds","9.99","0.0","","16 oz","16 oz","bcs0769.jpg",,"6"
"6506","Beverages, Chips & Snacks","Chips & Snacks","Nuts, Seeds & Dried Fruit","Blue Diamond","Blue Diamond Oven Roasted Almonds","Blue Diamond Oven Roasted Almonds","9.99","0.0","","16 oz","16 oz","bcs0770.jpg",,"6"
"6507","Beverages, Chips & Snacks","Chips & Snacks","Nuts, Seeds & Dried Fruit","Blue Diamond","Blue Diamond Lightly Salted Almonds (Sea Salt)","Blue Diamond Lightly Salted Almonds (Sea Salt)","9.99","0.0","","16 oz","16 oz","bcs0771.jpg",,"6"
"6508","Beverages, Chips & Snacks","Chips & Snacks","Nuts, Seeds & Dried Fruit","Emerald","Emerald Honey Glazed Cashews","Emerald Honey Glazed Cashews","6.24","0.0","","5 oz","5 oz","bcs0772.jpg",,"6"
"6509","Beverages, Chips & Snacks","Chips & Snacks","Nuts, Seeds & Dried Fruit","True North","True North Cashew Crunch","True North Cashew Crunch","3.74","0.0","","5 oz","5 oz","bcs0773.jpg",,"6"
"6510","Beverages, Chips & Snacks","Chips & Snacks","Nuts, Seeds & Dried Fruit","True North","True North Almond Pecan Crunch","True North Almond Pecan Crunch","3.74","0.0","","5 oz","5 oz","bcs0774.jpg",,"6"
"6511","Beverages, Chips & Snacks","Chips & Snacks","Nuts, Seeds & Dried Fruit","True North","True North Chocolate Nut Crunch","True North Chocolate Nut Crunch","3.74","0.0","","5 oz","5 oz","bcs0775.jpg",,"6"
"6512","Beverages, Chips & Snacks","Chips & Snacks","Nuts, Seeds & Dried Fruit","Emerald","Salt & Pepper Cashews","Salt & Pepper Cashews","3.49","0.0","","5 oz","5 oz","bcs0776.jpg",,"6"
"6513","Beverages, Chips & Snacks","Chips & Snacks","Nuts, Seeds & Dried Fruit","Emerald","Emerald Deluxe Mixed Nuts","Emerald Deluxe Mixed Nuts","3.49","0.0","","5 oz","5 oz","bcs0777.jpg",,"6"
"6514","Beverages, Chips & Snacks","Chips & Snacks","Nuts, Seeds & Dried Fruit","Emerald","Emerald Dry Roasted Almonds","Emerald Dry Roasted Almonds","3.49","0.0","","5 oz","5 oz","bcs0778.jpg",,"6"
"6515","Beverages, Chips & Snacks","Chips & Snacks","Nuts, Seeds & Dried Fruit","Emerald","Emerald Roasted & Salted Cashews","Emerald Roasted & Salted Cashews","3.49","0.0","","5 oz","5 oz","bcs0779.jpg",,"6"
"6516","Beverages, Chips & Snacks","Chips & Snacks","Nuts, Seeds & Dried Fruit","Second Nature","Second Nature Wholesome Medley","Second Nature Wholesome Medley","6.24","0.0","","14 oz","14 oz","bcs0780.jpg",,"6"
"6517","Beverages, Chips & Snacks","Chips & Snacks","Nuts, Seeds & Dried Fruit","Second Nature","Second Nature Dark Chocolate Medley","Second Nature Dark Chocolate Medley","6.24","0.0","","12 oz","12 oz","bcs0781.jpg",,"6"
"6518","Beverages, Chips & Snacks","Chips & Snacks","Nuts, Seeds & Dried Fruit","Second Nature","Second Nature Simplicity Medley","Second Nature Simplicity Medley","6.24","0.0","","14 oz","14 oz","bcs0782.jpg",,"6"
"6519","Beverages, Chips & Snacks","Chips & Snacks","Nuts, Seeds & Dried Fruit","Second Nature","Second Nature California Medley","Second Nature California Medley","6.24","0.0","","12 oz","12 oz","bcs0783.jpg",,"6"
"6520","Beverages, Chips & Snacks","Chips & Snacks","Nuts, Seeds & Dried Fruit","Sunmaid","Sunmaid Raisins","Sunmaid Raisins","5.36","0.0","","22.58 oz","22.58 oz","bcs0784.jpg",,"6"
"6521","Beverages, Chips & Snacks","Chips & Snacks","Nuts, Seeds & Dried Fruit","Sunmaid","Sunmaid California Golden Raisins","Sunmaid California Golden Raisins","4.36","0.0","","15 oz","15 oz","bcs0785.jpg",,"6"
"6522","Beverages, Chips & Snacks","Chips & Snacks","Nuts, Seeds & Dried Fruit","Sunmaid","Sunmaid California Sun-dried Raisins","Sunmaid California Sun-dried Raisins","3.24","0.0","","10 oz","10 oz","bcs0786.jpg",,"6"
"6523","Beverages, Chips & Snacks","Chips & Snacks","Nuts, Seeds & Dried Fruit","Sunmaid","Sunmaid Zante Currants","Sunmaid Zante Currants","3.74","0.0","","8 oz","8 oz","bcs0787.jpg",,"6"
"6524","Beverages, Chips & Snacks","Chips & Snacks","Nuts, Seeds & Dried Fruit","Sunmaid","Sunmaid Chopped Dates","Sunmaid Chopped Dates","3.36","0.0","","8 oz","8 oz","bcs0788.jpg",,"6"
"6525","Beverages, Chips & Snacks","Chips & Snacks","Nuts, Seeds & Dried Fruit","Sunmaid","Sunmaid Pitted Dates","Sunmaid Pitted Dates","3.36","0.0","","8 oz","8 oz","bcs0789.jpg",,"6"
"6526","Beverages, Chips & Snacks","Chips & Snacks","Nuts, Seeds & Dried Fruit","Sunmaid","Sunmaid Strawberry Yogurt Flavored Raisins","Sunmaid Strawberry Yogurt Flavored Raisins","3.74","0.0","","5 oz","5 oz","bcs0790.jpg",,"6"
"6527","Beverages, Chips & Snacks","Chips & Snacks","Nuts, Seeds & Dried Fruit","Sunmaid","Sunmaid Vanilla Yogurt Flavored Raisins","Sunmaid Vanilla Yogurt Flavored Raisins","3.74","0.0","","5 oz","5 oz","bcs0791.jpg",,"6"
"6528","Beverages, Chips & Snacks","Chips & Snacks","Nuts, Seeds & Dried Fruit","Sunmaid","Sunmaid Dark Chocolate Yogurt Flavored Raisins","Sunmaid Dark Chocolate Yogurt Flavored Raisins","3.74","0.0","","7 oz","7 oz","bcs0792.jpg",,"6"
"6529","Beverages, Chips & Snacks","Chips & Snacks","Nuts, Seeds & Dried Fruit","Sunmaid","Sunmaid Mini Snacks","Sunmaid Mini Snacks","2.49","0.0","","6 oz","6 oz","bcs0793.jpg",,"6"
"6530","Beverages, Chips & Snacks","Chips & Snacks","Nuts, Seeds & Dried Fruit","Sunmaid","Sunmaid California Sun-dried Raisins","Sunmaid California Sun-dried Raisins","2.5","0.0","","6 x 1 oz","6 x 1 oz","bcs0794.jpg",,"6"
"6531","Beverages, Chips & Snacks","Chips & Snacks","Nuts, Seeds & Dried Fruit","Sunmaid","Sunmaid Chocolate Yogurt Covered Raisins","Sunmaid Chocolate Yogurt Covered Raisins","3.13","0.0","","6 box","6 box","bcs0795.jpg",,"6"
"6532","Beverages, Chips & Snacks","Chips & Snacks","Nuts, Seeds & Dried Fruit","Sunmaid","Sunmaid Vanilla Yogurt Covered Raisins","Sunmaid Vanilla Yogurt Covered Raisins","3.13","0.0","","6 box","6 box","bcs0796.jpg",,"6"
"6533","Beverages, Chips & Snacks","Chips & Snacks","Nuts, Seeds & Dried Fruit","Sunmaid","Sunmaid Chocolate Yogurt Covered Raisins","Sunmaid Chocolate Yogurt Covered Raisins","3.0","0.0","","6 x 0.75 oz","6 x 0.75 oz","bcs0797.jpg",,"6"
"6534","Beverages, Chips & Snacks","Chips & Snacks","Nuts, Seeds & Dried Fruit","Sunmaid","Sunmaid Organic Raisins","Sunmaid Organic Raisins","3.49","0.0","","6 x 1 oz","6 x 1 oz","bcs0798.jpg",,"6"
"6535","Beverages, Chips & Snacks","Chips & Snacks","Nuts, Seeds & Dried Fruit","Sunmaid","Sunmaid California Sun-dried Raisins","Sunmaid California Sun-dried Raisins","3.74","0.0","","13 oz","13 oz","bcs0799.jpg",,"6"
"6536","Beverages, Chips & Snacks","Chips & Snacks","Nuts, Seeds & Dried Fruit","Market Basket","Market Basket Sun Dried Raisins","Market Basket Sun Dried Raisins","4.61","0.0","","20 oz","20 oz","Market Basket.jpg",,"6"
"6537","Beverages, Chips & Snacks","Chips & Snacks","Nuts, Seeds & Dried Fruit","Market Basket","Market Basket Seedless Raisins","Market Basket Seedless Raisins","3.11","0.0","","12 oz","12 oz","Market Basket.jpg",,"6"
"6538","Beverages, Chips & Snacks","Chips & Snacks","Nuts, Seeds & Dried Fruit","Market Basket","Market Basket Sun Dried Raisins","Market Basket Sun Dried Raisins","3.11","0.0","","12 oz","12 oz","Market Basket.jpg",,"6"
"6539","Beverages, Chips & Snacks","Chips & Snacks","Nuts, Seeds & Dried Fruit","Market Basket","Market Basket Sun Dried Raisins","Market Basket Sun Dried Raisins","2.24","0.0","","6 x 1 oz","6 x 1 oz","Market Basket.jpg",,"6"
"6540","Beverages, Chips & Snacks","Chips & Snacks","Nuts, Seeds & Dried Fruit","Market Basket","Market Basket Sweetened Dried Cranberries","Market Basket Sweetened Dried Cranberries","2.24","0.0","","5 oz","5 oz","Market Basket.jpg",,"6"
"6541","Beverages, Chips & Snacks","Chips & Snacks","Nuts, Seeds & Dried Fruit","Market Basket","Market Basket Mediterranean Pitted Apricots","Market Basket Mediterranean Pitted Apricots","3.74","0.0","","6 oz","6 oz","Market Basket.jpg",,"6"
"6542","Beverages, Chips & Snacks","Chips & Snacks","Nuts, Seeds & Dried Fruit","Market Basket","Market Basket Pitted Prunes","Market Basket Pitted Prunes","5.24","0.0","","16 oz","16 oz","Market Basket.jpg",,"6"
"6543","Beverages, Chips & Snacks","Chips & Snacks","Nuts, Seeds & Dried Fruit","StoneRidge Orchards","StoneRidge Organic Blueberries","StoneRidge Organic Blueberries","3.13","0.0","","4 oz","4 oz","bcs0800.jpg",,"6"
"6544","Beverages, Chips & Snacks","Chips & Snacks","Nuts, Seeds & Dried Fruit","StoneRidge Orchards","StoneRidge Organic Montmorency Cherries","StoneRidge Organic Montmorency Cherries","3.13","0.0","","4 oz","4 oz","bcs0801.jpg",,"6"
"6545","Beverages, Chips & Snacks","Chips & Snacks","Nuts, Seeds & Dried Fruit","StoneRidge Orchards","StoneRidge Mixed Berries","StoneRidge Mixed Berries","3.13","0.0","","4 oz","4 oz","bcs0802.jpg",,"6"
"6546","Beverages, Chips & Snacks","Chips & Snacks","Nuts, Seeds & Dried Fruit","Dang","Dang Original Coconut Chips","Dang Original Coconut Chips","4.99","0.0","","3.17 oz","3.17 oz","bcs0803.jpg",,"6"
"6547","Beverages, Chips & Snacks","Chips & Snacks","Nuts, Seeds & Dried Fruit","Dang","Dang Caramel Sea Salt Coconut Chips","Dang Caramel Sea Salt Coconut Chips","4.99","0.0","","3.17 oz","3.17 oz","bcs0804.jpg",,"6"
"6548","Beverages, Chips & Snacks","Chips & Snacks","Nuts, Seeds & Dried Fruit","Next Organics","Next Organics Dried Coconuts","Next Organics Dried Coconuts","3.74","0.0","","4 oz","4 oz","bcs0805.jpg",,"6"
"6549","Beverages, Chips & Snacks","Chips & Snacks","Nuts, Seeds & Dried Fruit","Next Organics","Next Organics Dried Mango","Next Organics Dried Mango","5.61","0.0","","4 oz","4 oz","bcs0806.jpg",,"6"
"6550","Beverages, Chips & Snacks","Chips & Snacks","Nuts, Seeds & Dried Fruit","Ocean Spray","Ocean Spray Cranberry Granola Snack Clusters","Ocean Spray Cranberry Granola Snack Clusters","2.49","0.0","","5 oz","5 oz","bcs0807.jpg",,"6"
"6551","Beverages, Chips & Snacks","Chips & Snacks","Nuts, Seeds & Dried Fruit","Ocean Spray","Ocean Spray Greek Yogurt Cranberry Bites","Ocean Spray Greek Yogurt Cranberry Bites","2.49","0.0","","5 oz","5 oz","bcs0808.jpg",,"6"
"6552","Beverages, Chips & Snacks","Chips & Snacks","Nuts, Seeds & Dried Fruit","Ocean Spray","Ocean Spray Milk Chocolate Cranberry Bites","Ocean Spray Milk Chocolate Cranberry Bites","2.49","0.0","","5 oz","5 oz","bcs0809.jpg",,"6"
"6553","Beverages, Chips & Snacks","Chips & Snacks","Nuts, Seeds & Dried Fruit","Ocean Spray","Ocean Spray Craisins Dried Cranberries Infused With Pomegranate Juice","Ocean Spray Craisins Dried Cranberries Infused With Pomegranate Juice","2.49","0.0","","6 oz","6 oz","bcs0810.jpg",,"6"
"6554","Beverages, Chips & Snacks","Chips & Snacks","Nuts, Seeds & Dried Fruit","Ocean Spray","Ocean Spray Craisins Dried Cranberries Infused With Blueberry Juice","Ocean Spray Craisins Dried Cranberries Infused With Blueberry Juice","2.49","0.0","","6 oz","6 oz","bcs0811.jpg",,"6"
"6555","Beverages, Chips & Snacks","Chips & Snacks","Nuts, Seeds & Dried Fruit","Ocean Spray","Ocean Spray Cranberry & Chocolate Trail Mix","Ocean Spray Cranberry & Chocolate Trail Mix","2.49","0.0","","5 oz","5 oz","bcs0812.jpg",,"6"
"6556","Beverages, Chips & Snacks","Chips & Snacks","Nuts, Seeds & Dried Fruit","Sunsweet","Sunsweet Ones Amazing Prunes Plum","Sunsweet Ones Amazing Prunes Plum","5.74","0.0","","12 oz","12 oz","bcs0813.jpg",,"6"
"6557","Beverages, Chips & Snacks","Chips & Snacks","Nuts, Seeds & Dried Fruit","Sunsweet","Sunsweet Mediterranean Apricots","Sunsweet Mediterranean Apricots","6.86","0.0","","16 oz","16 oz","bcs0814.jpg",,"6"
"6558","Beverages, Chips & Snacks","Chips & Snacks","Rice Cake","Suzie's","Suzie's Thin Puffed Cakes Quinoa & Flax","Suzie's Thin Puffed Cakes Quinoa & Flax","3.13","0.0","","4.6 oz","4.6 oz","bcs0815.jpg",,"19"
"6559","Beverages, Chips & Snacks","Chips & Snacks","Rice Cake","Suzie's","Suzie's Thin Puffed Cakes Spelt & Flax","Suzie's Thin Puffed Cakes Spelt & Flax","3.13","0.0","","4.6 oz","4.6 oz","bcs0816.jpg",,"19"
"6560","Beverages, Chips & Snacks","Beverages & Water","Refrigerated Drinks","Bai","Bai Antioxidant Infusion Beverage Kula Watermelon","Bai Antioxidant Infusion Beverage Kula Watermelon","2.49","0.0","","1 oz","1 oz","16530.jpg",,"N/A"
"6561","Beverages, Chips & Snacks","Beverages & Water","Refrigerated Drinks","Blue Diamond Almond Breeze Almondmilk","Blue Diamond Almond Breeze Almondmilk Blue Diamond Almonds Almond Breeze Almondmilk Original Unsweetened","Blue Diamond Almond Breeze Almondmilk Blue Diamond Almonds Almond Breeze Almondmilk Original Unsweetened","4.59","0.0","","96 fl oz","96 fl oz","16518.jpg",,"1"
"6562","Beverages, Chips & Snacks","Beverages & Water","Refrigerated Drinks","Blue Diamond Almond Breeze Almondmilk","Blue Diamond Almond Breeze Almondmilk Blue Diamond Almonds Almond Breeze Almondmilk Vanilla Unsweetened","Blue Diamond Almond Breeze Almondmilk Blue Diamond Almonds Almond Breeze Almondmilk Vanilla Unsweetened","4.89","0.0","","96 fl oz","96 fl oz","16520.jpg",,"1"
"6563","Beverages, Chips & Snacks","Beverages & Water","Refrigerated Drinks","Bolthouse Farms","Bolthouse Farms 100% Fruit Juice Smoothie, Amazing Mango","Bolthouse Farms 100% Fruit Juice Smoothie, Amazing Mango","4.59","0.0","","32 oz","32 oz","16535.jpg",,"20"
"6564","Beverages, Chips & Snacks","Beverages & Water","Refrigerated Drinks","Bolthouse Farms","Bolthouse Farms Smoothie, 100% Fruit Juice, C Boost","Bolthouse Farms Smoothie, 100% Fruit Juice, C Boost","4.59","0.0","","32 fl oz","32 fl oz","16529.jpg",,"N/A"
"6565","Beverages, Chips & Snacks","Beverages & Water","Refrigerated Drinks","Bolthouse Farms","Bolthouse Farms Strawberry Banana","Bolthouse Farms Strawberry Banana","3.09","0.0","","15.21 fl oz","15.21 fl oz","16540.jpg",,"20"
"6566","Beverages, Chips & Snacks","Beverages & Water","Refrigerated Drinks","Bolthouse Farms","Bolthouse Farms Tropical +Carrot","Bolthouse Farms Tropical +Carrot","4.59","0.0","","32 fl oz","32 fl oz","16546.jpg",,"N/A"
"6567","Beverages, Chips & Snacks","Beverages & Water","Refrigerated Drinks","Bolthouse Farms","Bolthouse Farms 100% Carrot","Bolthouse Farms 100% Carrot","4.59","0.0","","32 fl oz","32 fl oz","16532.jpg",,"N/A"
"6568","Beverages, Chips & Snacks","Beverages & Water","Refrigerated Drinks","Bolthouse Farms","Bolthouse Farms 100% Carrot Juice","Bolthouse Farms 100% Carrot Juice","6.09","0.0","","52 fl oz","52 fl oz","3829.jpg",,"N/A"
"6569","Beverages, Chips & Snacks","Beverages & Water","Refrigerated Drinks","Bolthouse Farms","Bolthouse Farms Amazing Mango","Bolthouse Farms Amazing Mango","3.09","0.0","","15.2 fl oz","15.2 fl oz","3824.jpg",,"N/A"
"6570","Beverages, Chips & Snacks","Beverages & Water","Refrigerated Drinks","Bolthouse Farms","Bolthouse Farms Berry Boost","Bolthouse Farms Berry Boost","3.09","0.0","","15.2 fl oz","15.2 fl oz","3832.jpg",,"20"
"6571","Beverages, Chips & Snacks","Beverages & Water","Refrigerated Drinks","Bolthouse Farms","Bolthouse Farms Blue Goodness","Bolthouse Farms Blue Goodness","4.59","0.0","","32 fl oz","32 fl oz","3834.jpg",,"20"
"6572","Beverages, Chips & Snacks","Beverages & Water","Refrigerated Drinks","Bolthouse Farms","Bolthouse Farms Green Goodness","Bolthouse Farms Green Goodness","4.59","0.0","","32 fl oz","32 fl oz","3828.jpg",,"N/A"
"6573","Beverages, Chips & Snacks","Beverages & Water","Refrigerated Drinks","Bolthouse Farms","Bolthouse Farms Green Goodness","Bolthouse Farms Green Goodness","3.09","0.0","","15.21 fl oz","15.21 fl oz","3833.jpg",,"N/A"
"6574","Beverages, Chips & Snacks","Beverages & Water","Refrigerated Drinks","Bolthouse Farms","Bolthouse Farms Mocha Cappuccino","Bolthouse Farms Mocha Cappuccino","4.59","0.0","","32 fl oz","32 fl oz","3827.jpg",,"20"
"6575","Beverages, Chips & Snacks","Beverages & Water","Refrigerated Drinks","Bolthouse Farms","Bolthouse Farms Mocha Cappuccino","Bolthouse Farms Mocha Cappuccino","3.09","0.0","","15.2 fl oz","15.2 fl oz","3831.jpg",,"N/A"
"6576","Beverages, Chips & Snacks","Beverages & Water","Refrigerated Drinks","Bolthouse Farms","Bolthouse Farms Strawberry Banana 100% Fruit Juice Smoothie","Bolthouse Farms Strawberry Banana 100% Fruit Juice Smoothie","4.59","0.0","","32 fl oz","32 fl oz","3830.jpg",,"20"
"6577","Beverages, Chips & Snacks","Beverages & Water","Refrigerated Drinks","Bolthouse Farms","Bolthouse Farms Vanilla Chai","Bolthouse Farms Vanilla Chai","3.09","0.0","","15.21 fl oz","15.21 fl oz","3823.jpg",,"21"
"6578","Beverages, Chips & Snacks","Beverages & Water","Refrigerated Drinks","Bolthouse Farms","Bolthouse Farms Vanilla Chai Tea","Bolthouse Farms Vanilla Chai Tea","6.09","0.0","","52 fl oz","52 fl oz","3826.jpg",,"N/A"
"6579","Beverages, Chips & Snacks","Beverages & Water","Refrigerated Drinks","Bolthouse Farms","Bolthouse Farms Vanilla Chai Tea","Bolthouse Farms Vanilla Chai Tea","4.59","0.0","","32 fl oz","32 fl oz","3835.jpg",,"N/A"
"6580","Beverages, Chips & Snacks","Beverages & Water","Refrigerated Drinks","Currant Affair","Currant Affair Black Currant Blueberry Juice","Currant Affair Black Currant Blueberry Juice","4.69","0.0","","53 fl oz","53 fl oz","16548.jpg",,"N/A"
"6581","Beverages, Chips & Snacks","Beverages & Water","Refrigerated Drinks","Dannon","Oikos Mixed Berry Dannon Oikos Mixed Berry Nonfat Yogurt Drink","Oikos Mixed Berry Dannon Oikos Mixed Berry Nonfat Yogurt Drink","4.29","0.0","","4 x 7 oz","4 x 7 oz","16534.jpg",,"1"
"6582","Beverages, Chips & Snacks","Beverages & Water","Refrigerated Drinks","Dole","Dole Chilled Juice","Dole Chilled Juice","3.59","0.0","","59 fl oz","59 fl oz","3878.jpg",,"1"
"6583","Beverages, Chips & Snacks","Beverages & Water","Refrigerated Drinks","Dole","Dole Chilled Juice","Dole Chilled Juice","3.59","0.0","","59 fl oz","59 fl oz","3879.jpg",,"1"
"6584","Beverages, Chips & Snacks","Beverages & Water","Refrigerated Drinks","Dole","Dole Chilled Juice","Dole Chilled Juice","3.59","0.0","","59 fl oz","59 fl oz","16541.jpg",,"1"
"6585","Beverages, Chips & Snacks","Beverages & Water","Refrigerated Drinks","Dole","Dole Strawberry Kiwi 100% Juice","Dole Strawberry Kiwi 100% Juice","3.59","0.0","","59 fl oz","59 fl oz","3880.jpg",,"1"
"6586","Beverages, Chips & Snacks","Beverages & Water","Refrigerated Drinks","Florida's Natural","Florida's Natural 100% Juice, Calcium, Ruby Red Grapefruit","Florida's Natural 100% Juice, Calcium, Ruby Red Grapefruit","3.69","0.0","","59 oz","59 oz","3843.jpg",,"N/A"
"6587","Beverages, Chips & Snacks","Beverages & Water","Refrigerated Drinks","Florida's Natural","Florida's Natural 100% Juice, Orange, Most Pulp","Florida's Natural 100% Juice, Orange, Most Pulp","3.09","0.0","","59 fl oz","59 fl oz","3838.jpg",,"1"
"6588","Beverages, Chips & Snacks","Beverages & Water","Refrigerated Drinks","Florida's Natural","Florida's Natural 100% Juice, Orange, No Pulp","Florida's Natural 100% Juice, Orange, No Pulp","3.69","0.0","","59 oz","59 oz","3841.jpg",,"N/A"
"6589","Beverages, Chips & Snacks","Beverages & Water","Refrigerated Drinks","Florida's Natural","Florida's Natural 100% Juice, Orange, No Pulp, Calcium & Vitamin D","Florida's Natural 100% Juice, Orange, No Pulp, Calcium & Vitamin D","3.09","0.0","","59 oz","59 oz","3839.jpg",,"1"
"6590","Beverages, Chips & Snacks","Beverages & Water","Refrigerated Drinks","Florida's Natural","Florida's Natural 100% Juice, Orange, Some Pulp","Florida's Natural 100% Juice, Orange, Some Pulp","3.69","0.0","","59 fl oz","59 fl oz","3837.jpg",,"N/A"
"6591","Beverages, Chips & Snacks","Beverages & Water","Refrigerated Drinks","Florida's Natural","Florida's Natural 100% Juice, Orange, Some Pulp, Calcium & Vitamin D","Florida's Natural 100% Juice, Orange, Some Pulp, Calcium & Vitamin D","3.89","0.0","","59 fl oz","59 fl oz","3842.jpg",,"N/A"
"6592","Beverages, Chips & Snacks","Beverages & Water","Refrigerated Drinks","Florida's Natural","Florida's Natural 100% Juice, Ruby Red Grapefruit","Florida's Natural 100% Juice, Ruby Red Grapefruit","3.09","0.0","","59 fl oz","59 fl oz","3840.jpg",,"N/A"
"6593","Beverages, Chips & Snacks","Beverages & Water","Refrigerated Drinks","Florida's Natural","Florida's Natural 100% Premium Florida Orange Juice No Pulp with Calcium & Vitamin D","Florida's Natural 100% Premium Florida Orange Juice No Pulp with Calcium & Vitamin D","6.09","0.0","","89 fl oz","89 fl oz","3836.jpg",,"1"
"6594","Beverages, Chips & Snacks","Beverages & Water","Refrigerated Drinks","Foco","Foco Coconut Milk","Foco Coconut Milk","1.89","0.0","","14 fl oz","14 fl oz","16539.jpg",,"7"
"6595","Beverages, Chips & Snacks","Beverages & Water","Refrigerated Drinks","GoodBelly","GoodBelly Juice Drink, Probiotics, Tropical Green, Organic, Carton","GoodBelly Juice Drink, Probiotics, Tropical Green, Organic, Carton","4.59","0.0","","32 fl oz","32 fl oz","16538.jpg",,"1"
"6596","Beverages, Chips & Snacks","Beverages & Water","Refrigerated Drinks","GT's","GT's Enlightened Organic Raw Kombucha, Multi Green","GT's Enlightened Organic Raw Kombucha, Multi Green","4.29","0.0","","16 fl oz","16 fl oz","16547.jpg",,"20"
"6597","Beverages, Chips & Snacks","Beverages & Water","Refrigerated Drinks","GT's","GT's Enlightened Synergy Organic Trilogy Raw Kombucha","GT's Enlightened Synergy Organic Trilogy Raw Kombucha","4.09","0.0","","16 fl oz","16 fl oz","16537.jpg",,"20"
"6598","Beverages, Chips & Snacks","Beverages & Water","Refrigerated Drinks","GT's","GT's Synergy Organic Kombucha Gingerberry","GT's Synergy Organic Kombucha Gingerberry","3.49","0.0","","16 fl oz","16 fl oz","16527.jpg",,"20"
"6599","Beverages, Chips & Snacks","Beverages & Water","Refrigerated Drinks","Health-Ade","Health Ade Kombucha Bubbly Probiotic Tea Ginger Lemon","Health Ade Kombucha Bubbly Probiotic Tea Ginger Lemon","4.29","0.0","","16 fl oz","16 fl oz","16512.jpg",,"22"
"6600","Beverages, Chips & Snacks","Beverages & Water","Refrigerated Drinks","Honest","Honest Tea Organic Herbal Tea Cranberry Lemon","Honest Tea Organic Herbal Tea Cranberry Lemon","1.59","0.0","","16.9 fl oz","16.9 fl oz","16550.jpg",,"N/A"
"6601","Beverages, Chips & Snacks","Beverages & Water","Refrigerated Drinks","KeVita","Kevita Master Brew Kombucha Ginger Drink","Kevita Master Brew Kombucha Ginger Drink","3.69","0.0","","15.2 oz","15.2 oz","16519.jpg",,"20"
"6602","Beverages, Chips & Snacks","Beverages & Water","Refrigerated Drinks","Market Basket","Market Basket Orange Peach Mango Juice","Market Basket Orange Peach Mango Juice","2.49","0.0","","64 fl oz","64 fl oz","Market Basket.jpg",,"N/A"
"6603","Beverages, Chips & Snacks","Beverages & Water","Refrigerated Drinks","Market Basket","Market Basket Premium Orange Juice With Calcium","Market Basket Premium Orange Juice With Calcium","4.89","0.0","","59 fl oz","59 fl oz","Market Basket.jpg",,"N/A"
"6604","Beverages, Chips & Snacks","Beverages & Water","Refrigerated Drinks","Market Basket","Market Basket Premium Orange Juice With Calcium","Market Basket Premium Orange Juice With Calcium","3.09","0.0","","59 fl oz","59 fl oz","Market Basket.jpg",,"1"
"6605","Beverages, Chips & Snacks","Beverages & Water","Refrigerated Drinks","Market Basket","Market Basket Premium Original Orange Juice","Market Basket Premium Original Orange Juice","4.89","0.0","","89 fl oz","89 fl oz","Market Basket.jpg",,"1"
"6606","Beverages, Chips & Snacks","Beverages & Water","Refrigerated Drinks","Market Basket","Market Basket Premium Original Orange Juice","Market Basket Premium Original Orange Juice","3.09","0.0","","59 fl oz","59 fl oz","Market Basket.jpg",,"1"
"6607","Beverages, Chips & Snacks","Beverages & Water","Refrigerated Drinks","Minute Maid","Minute Maid Fruit Drink, Berry Punch Flavored","Minute Maid Fruit Drink, Berry Punch Flavored","3.69","0.0","","128 fl oz","128 fl oz","3868.jpg",,"N/A"
"6608","Beverages, Chips & Snacks","Beverages & Water","Refrigerated Drinks","Minute Maid","Minute Maid Fruit Punch","Minute Maid Fruit Punch","3.69","0.0","","128 oz","128 oz","3867.jpg",,"1"
"6609","Beverages, Chips & Snacks","Beverages & Water","Refrigerated Drinks","Minute Maid","Minute Maid Light Pink Lemonade","Minute Maid Light Pink Lemonade","3.69","0.0","","59 fl oz","59 fl oz","3870.jpg",,"1"
"6610","Beverages, Chips & Snacks","Beverages & Water","Refrigerated Drinks","Minute Maid","Minute Maid Pure Squeezed Light Calcium & Vitamin D Low Pulp Orange Juice","Minute Maid Pure Squeezed Light Calcium & Vitamin D Low Pulp Orange Juice","4.79","0.0","","59 oz","59 oz","16542.jpg",,"N/A"
"6611","Beverages, Chips & Snacks","Beverages & Water","Refrigerated Drinks","Monster","Odwalla Blueberry Monster 100% Juice Smoothie","Odwalla Blueberry Monster 100% Juice Smoothie","7.39","0.0","","59 fl oz","59 fl oz","3791.jpg",,"N/A"
"6612","Beverages, Chips & Snacks","Beverages & Water","Refrigerated Drinks","Monster","Odwalla Blueberry Monster Blueberry Juice 100 Drink","Odwalla Blueberry Monster Blueberry Juice 100 Drink","3.09","0.0","","15.2 oz","15.2 oz","3793.jpg",,"N/A"
"6613","Beverages, Chips & Snacks","Beverages & Water","Refrigerated Drinks","Monster","Odwalla Strawberry C Monster Strawberry Juice","Odwalla Strawberry C Monster Strawberry Juice","3.59","0.0","","15.2 oz","15.2 oz","3797.jpg",,"N/A"
"6614","Beverages, Chips & Snacks","Beverages & Water","Refrigerated Drinks","Naked","Naked Boosted Blue Machine Juice Smoothie","Naked Boosted Blue Machine Juice Smoothie","9.79","0.0","","64 fl oz","64 fl oz","3846.jpg",,"20"
"6615","Beverages, Chips & Snacks","Beverages & Water","Refrigerated Drinks","Naked","Naked Boosted Blue Machine Juice Smoothie","Naked Boosted Blue Machine Juice Smoothie","3.69","0.0","","15.2 fl oz","15.2 fl oz","3847.jpg",,"20"
"6616","Beverages, Chips & Snacks","Beverages & Water","Refrigerated Drinks","Naked","Naked Boosted Green Machine Juice Smoothie","Naked Boosted Green Machine Juice Smoothie","9.79","0.0","","64 oz","64 oz","3848.jpg",,"20"
"6617","Beverages, Chips & Snacks","Beverages & Water","Refrigerated Drinks","Naked","Naked Boosted Red Machine Juice Smoothie","Naked Boosted Red Machine Juice Smoothie","3.69","0.0","","15.2 fl oz","15.2 fl oz","3852.jpg",,"20"
"6618","Beverages, Chips & Snacks","Beverages & Water","Refrigerated Drinks","Naked","Naked No Sugar Added Protein Juice Smoothie","Naked No Sugar Added Protein Juice Smoothie","3.69","0.0","","15.2 fl oz","15.2 fl oz","3844.jpg",,"N/A"
"6619","Beverages, Chips & Snacks","Beverages & Water","Refrigerated Drinks","Naked","Naked Pure Fruit Berry Blast Juice Smoothie","Naked Pure Fruit Berry Blast Juice Smoothie","3.69","0.0","","15.2 fl oz","15.2 fl oz","3850.jpg",,"20"
"6620","Beverages, Chips & Snacks","Beverages & Water","Refrigerated Drinks","Naked","Naked Pure Fruit Mighty Mango Juice Smoothie","Naked Pure Fruit Mighty Mango Juice Smoothie","3.69","0.0","","15.2 fl oz","15.2 fl oz","3851.jpg",,"20"
"6621","Beverages, Chips & Snacks","Beverages & Water","Refrigerated Drinks","Naked","Naked Pure Fruit Mighty Mango Smoothie","Naked Pure Fruit Mighty Mango Smoothie","9.79","0.0","","64 fl oz","64 fl oz","3845.jpg",,"20"
"6622","Beverages, Chips & Snacks","Beverages & Water","Refrigerated Drinks","Naked","Naked Pure Fruit Strawberry Banana Juice Smoothie","Naked Pure Fruit Strawberry Banana Juice Smoothie","3.69","0.0","","15.2 fl oz","15.2 fl oz","3849.jpg",,"20"
"6623","Beverages, Chips & Snacks","Beverages & Water","Refrigerated Drinks","Newman's Own","Newman's Own Diet Virgin Lemonade","Newman's Own Diet Virgin Lemonade","2.39","0.0","","59 fl oz","59 fl oz","3858.jpg",,"1"
"6624","Beverages, Chips & Snacks","Beverages & Water","Refrigerated Drinks","Newman's Own","Newman's Own Fruit Juice Cocktail Grape","Newman's Own Fruit Juice Cocktail Grape","3.59","0.0","","59 fl oz","59 fl oz","3857.jpg",,"N/A"
"6625","Beverages, Chips & Snacks","Beverages & Water","Refrigerated Drinks","Newman's Own","Newman's Own Fruit Juice Cocktail Orange Mango Tango","Newman's Own Fruit Juice Cocktail Orange Mango Tango","2.39","0.0","","59 fl oz","59 fl oz","3853.jpg",,"1"
"6626","Beverages, Chips & Snacks","Beverages & Water","Refrigerated Drinks","Newman's Own","Newman's Own Lemonade Virgin Pomegranate","Newman's Own Lemonade Virgin Pomegranate","2.39","0.0","","59 fl oz","59 fl oz","3859.jpg",,"1"
"6627","Beverages, Chips & Snacks","Beverages & Water","Refrigerated Drinks","Newman's Own","Newman's Own Limeade Virgin","Newman's Own Limeade Virgin","2.39","0.0","","59 fl oz","59 fl oz","3856.jpg",,"N/A"
"6628","Beverages, Chips & Snacks","Beverages & Water","Refrigerated Drinks","Newman's Own","Newman's Own Virgin Lemonade","Newman's Own Virgin Lemonade","3.69","0.0","","59 oz","59 oz","3855.jpg",,"1"
"6629","Beverages, Chips & Snacks","Beverages & Water","Refrigerated Drinks","Newman's Own","Newman's Own Virgin Lemonade Pink","Newman's Own Virgin Lemonade Pink","2.39","0.0","","59 oz","59 oz","3854.jpg",,"1"
"6630","Beverages, Chips & Snacks","Beverages & Water","Refrigerated Drinks","Oakhurst","Oakhurst Orange Juice","Oakhurst Orange Juice","1.89","0.0","","32 fl oz","32 fl oz","No Image.jpg",,"N/A"
"6631","Beverages, Chips & Snacks","Beverages & Water","Refrigerated Drinks","Oakhurst","Oakhurst Orange Juice, Plus Calcium","Oakhurst Orange Juice, Plus Calcium","2.49","0.0","","64 fl oz","64 fl oz","16544.jpg",,"N/A"
"6632","Beverages, Chips & Snacks","Beverages & Water","Refrigerated Drinks","Odwalla","Odwalla 100% Juice Smoothie Original Superfood","Odwalla 100% Juice Smoothie Original Superfood","8.59","0.0","","59 oz","59 oz","3794.jpg",,"N/A"
"6633","Beverages, Chips & Snacks","Beverages & Water","Refrigerated Drinks","Odwalla","Odwalla Berries Gomega Berry Fruit Juice Drink","Odwalla Berries Gomega Berry Fruit Juice Drink","3.59","0.0","","15.2 oz","15.2 oz","3799.jpg",,"N/A"
"6634","Beverages, Chips & Snacks","Beverages & Water","Refrigerated Drinks","Odwalla","Odwalla Chocolate Protein Shake Drink","Odwalla Chocolate Protein Shake Drink","3.09","0.0","","15.2 oz","15.2 oz","3792.jpg",,"N/A"
"6635","Beverages, Chips & Snacks","Beverages & Water","Refrigerated Drinks","Odwalla","Odwalla Fruit Smooth Blend, Mango Tango","Odwalla Fruit Smooth Blend, Mango Tango","9.79","0.0","","64 oz","64 oz","3804.jpg",,"20"
"6636","Beverages, Chips & Snacks","Beverages & Water","Refrigerated Drinks","Odwalla","Odwalla Fruit Smoothie Citrus C Monster","Odwalla Fruit Smoothie Citrus C Monster","2.99","0.0","","12 fl oz","12 fl oz","3801.jpg",,"N/A"
"6637","Beverages, Chips & Snacks","Beverages & Water","Refrigerated Drinks","Odwalla","Odwalla Fruit Smoothie Mango Tango","Odwalla Fruit Smoothie Mango Tango","2.99","0.0","","12 fl oz","12 fl oz","3805.jpg",,"N/A"
"6638","Beverages, Chips & Snacks","Beverages & Water","Refrigerated Drinks","Odwalla","Odwalla Fruit Smoothie Strawberry Banana","Odwalla Fruit Smoothie Strawberry Banana","2.99","0.0","","12 fl oz","12 fl oz","3798.jpg",,"N/A"
"6639","Beverages, Chips & Snacks","Beverages & Water","Refrigerated Drinks","Odwalla","Odwalla Fruit Smoothie Strawberry C Monster","Odwalla Fruit Smoothie Strawberry C Monster","2.99","0.0","","12 fl oz","12 fl oz","3803.jpg",,"N/A"
"6640","Beverages, Chips & Snacks","Beverages & Water","Refrigerated Drinks","Odwalla","Odwalla Mango Tango Fruit Juice Drink","Odwalla Mango Tango Fruit Juice Drink","8.59","0.0","","59 oz","59 oz","3790.jpg",,"N/A"
"6641","Beverages, Chips & Snacks","Beverages & Water","Refrigerated Drinks","Odwalla","Odwalla Mo Beta Fruit Juice Drink","Odwalla Mo Beta Fruit Juice Drink","3.09","0.0","","15.2 oz","15.2 oz","16551.jpg",,"N/A"
"6642","Beverages, Chips & Snacks","Beverages & Water","Refrigerated Drinks","Odwalla","Odwalla Protein Shake Vanilla Protein Monster","Odwalla Protein Shake Vanilla Protein Monster","2.99","0.0","","12 fl oz","12 fl oz","3800.jpg",,"N/A"
"6643","Beverages, Chips & Snacks","Beverages & Water","Refrigerated Drinks","Odwalla","Odwalla Strawberry Banana Juice Drink","Odwalla Strawberry Banana Juice Drink","3.09","0.0","","15.2 oz","15.2 oz","3796.jpg",,"N/A"
"6644","Beverages, Chips & Snacks","Beverages & Water","Refrigerated Drinks","Odwalla","Odwalla Superfood Fruit Smoothie Berries GoMega","Odwalla Superfood Fruit Smoothie Berries GoMega","2.99","0.0","","12 fl oz","12 fl oz","3806.jpg",,"N/A"
"6645","Beverages, Chips & Snacks","Beverages & Water","Refrigerated Drinks","Odwalla","Odwalla Superfood Fruit Smoothie Original Superfood","Odwalla Superfood Fruit Smoothie Original Superfood","3.69","0.0","","12 fl oz","12 fl oz","3802.jpg",,"N/A"
"6646","Beverages, Chips & Snacks","Beverages & Water","Refrigerated Drinks","Odwalla","Odwalla Vanilla Protein Shake Drink","Odwalla Vanilla Protein Shake Drink","3.59","0.0","","15.2 fl oz","15.2 fl oz","3795.jpg",,"20"
"6647","Beverages, Chips & Snacks","Beverages & Water","Refrigerated Drinks","Polar","Polar Seltzer Ruby Red Grapefruit","Polar Seltzer Ruby Red Grapefruit","4.89","0.0","","12 x fl oz","12 x fl oz","16517.jpg",,"11"
"6648","Beverages, Chips & Snacks","Beverages & Water","Refrigerated Drinks","POM Wonderful","POM Wonderful 100% Juice, Pomegranate Blueberry","POM Wonderful 100% Juice, Pomegranate Blueberry","12.19","0.0","","48 oz","48 oz","16549.jpg",,"N/A"
"6649","Beverages, Chips & Snacks","Beverages & Water","Refrigerated Drinks","POM Wonderful","POM Wonderful 100% Juice, Pomegranate Blueberry","POM Wonderful 100% Juice, Pomegranate Blueberry","4.59","0.0","","16 oz","16 oz","16553.jpg",,"20"
"6650","Beverages, Chips & Snacks","Beverages & Water","Refrigerated Drinks","POM Wonderful","POM Wonderful 100% Pomegranate Juice","POM Wonderful 100% Pomegranate Juice","12.09","0.0","","48 fl oz","48 fl oz","16545.jpg",,"N/A"
"6651","Beverages, Chips & Snacks","Beverages & Water","Refrigerated Drinks","POM Wonderful","POM Wonderful Wonderful 100% Pomegranate Juice","POM Wonderful Wonderful 100% Pomegranate Juice","4.59","0.0","","16 fl oz","16 fl oz","16543.jpg",,"20"
"6652","Beverages, Chips & Snacks","Beverages & Water","Refrigerated Drinks","Pure Leaf","Pure Leaf Raspberry Brewed Tea","Pure Leaf Raspberry Brewed Tea","2.49","0.0","","59 fl oz","59 fl oz","16522.jpg",,"10"
"6653","Beverages, Chips & Snacks","Beverages & Water","Refrigerated Drinks","Pure Leaf","Pure Leaf Real Brewed Tea Lemon","Pure Leaf Real Brewed Tea Lemon","7.39","0.0","","6 x 18.5 fl oz","6 x 18.5 fl oz","16513.jpg",,"10"
"6654","Beverages, Chips & Snacks","Beverages & Water","Refrigerated Drinks","Purity Organic","Purity Organic Purity Organic Coconut Water","Purity Organic Purity Organic Coconut Water","5.49","0.0","","33.8 fl oz","33.8 fl oz","16515.jpg",,"7"
"6655","Beverages, Chips & Snacks","Beverages & Water","Refrigerated Drinks","Sambazon","Sambazon Acai Superfood Juice The Original","Sambazon Acai Superfood Juice The Original","7.39","0.0","","33.8 fl oz","33.8 fl oz","16531.jpg",,"1"
"6656","Beverages, Chips & Snacks","Beverages & Water","Refrigerated Drinks","Sambazon","Sambazon Energy Superfood Juice Blend Acai Berry + Yerba Mate + Guarana","Sambazon Energy Superfood Juice Blend Acai Berry + Yerba Mate + Guarana","7.39","0.0","","33.8 fl oz","33.8 fl oz","16514.jpg",,"N/A"
"6657","Beverages, Chips & Snacks","Beverages & Water","Refrigerated Drinks","Simply","Simply Beverages Simply Apple Apple Juice","Simply Beverages Simply Apple Apple Juice","4.39","0.0","","59 fl oz","59 fl oz","16526.jpg",,"1"
"6658","Beverages, Chips & Snacks","Beverages & Water","Refrigerated Drinks","Simply","Simply Beverages Simply Grapefruit Grapefruit Juice","Simply Beverages Simply Grapefruit Grapefruit Juice","4.39","0.0","","1.75 L","1.75 L","16533.jpg",,"1"
"6659","Beverages, Chips & Snacks","Beverages & Water","Refrigerated Drinks","Simply","Simply Beverages Simply Orange with Mango Juice","Simply Beverages Simply Orange with Mango Juice","4.39","0.0","","59 fl oz","59 fl oz","16528.jpg",,"1"
"6660","Beverages, Chips & Snacks","Beverages & Water","Refrigerated Drinks","Simply","Simply Lemonade with Raspberry All Natural","Simply Lemonade with Raspberry All Natural","3.69","0.0","","59 fl oz","59 fl oz","16524.jpg",,"1"
"6661","Beverages, Chips & Snacks","Beverages & Water","Refrigerated Drinks","Simply","Simply Limeade All Natural","Simply Limeade All Natural","3.09","0.0","","59 fl oz","59 fl oz","16523.jpg",,"1"
"6662","Beverages, Chips & Snacks","Beverages & Water","Refrigerated Drinks","Simply","Simply Orange Orange Juice Pulp Free with Calcium & Vitamin D","Simply Orange Orange Juice Pulp Free with Calcium & Vitamin D","3.69","0.0","","59 fl oz","59 fl oz","16516.jpg",,"1"
"6663","Beverages, Chips & Snacks","Beverages & Water","Refrigerated Drinks","Simply","Simply Orange Simply Lemonade All Natural","Simply Orange Simply Lemonade All Natural","3.09","0.0","","1.75 L","1.75 L","16521.jpg",,"1"
"6664","Beverages, Chips & Snacks","Beverages & Water","Refrigerated Drinks","Suja","Suja Mighty Green Juice","Suja Mighty Green Juice","3.09","0.0","","12 fl oz","12 fl oz","16536.jpg",,"20"
"6665","Beverages, Chips & Snacks","Beverages & Water","Refrigerated Drinks","Sunny","Sunny D Citrus Punch Tangy Original","Sunny D Citrus Punch Tangy Original","1.29","0.0","","16 fl oz","16 fl oz","16552.jpg",,"10"
"6666","Beverages, Chips & Snacks","Beverages & Water","Refrigerated Drinks","Tropicana ","Tropicana Lemonade","Tropicana Lemonade","1.29","0.0","","12 fl oz","12 fl oz","3807.jpg",,"1"
"6667","Beverages, Chips & Snacks","Beverages & Water","Refrigerated Drinks","Tropicana ","Tropicana No Pulp with Calcium & Vitamin D 100% Orange Juice","Tropicana No Pulp with Calcium & Vitamin D 100% Orange Juice","6.39","0.0","","89 fl oz","89 fl oz","3808.jpg",,"1"
"6668","Beverages, Chips & Snacks","Beverages & Water","Refrigerated Drinks","Tropicana ","Tropicana No Pulp with Calcium & Vitamin D 100% Orange Juice","Tropicana No Pulp with Calcium & Vitamin D 100% Orange Juice","4.79","0.0","","48 fl oz","48 fl oz","3813.jpg",,"1"
"6669","Beverages, Chips & Snacks","Beverages & Water","Refrigerated Drinks","Tropicana ","Tropicana Pure Orange Juice","Tropicana Pure Orange Juice","4.79","0.0","","6 x 8 fl oz","6 x 8 fl oz","3812.jpg",,"1"
"6670","Beverages, Chips & Snacks","Beverages & Water","Refrigerated Drinks","Tropicana ","Tropicana Pure Premium Low Acid No Pulp","Tropicana Pure Premium Low Acid No Pulp","4.19","0.0","","59 oz","59 oz","3817.jpg",,"1"
"6671","Beverages, Chips & Snacks","Beverages & Water","Refrigerated Drinks","Tropicana ","Tropicana Pure Premium Original No Pulp Orange Juice","Tropicana Pure Premium Original No Pulp Orange Juice","4.29","0.0","","59 fl oz","59 fl oz","3815.jpg",,"1"
"6672","Beverages, Chips & Snacks","Beverages & Water","Refrigerated Drinks","Tropicana ","Tropicana Pure Premium Original Orange Juice No Pulp","Tropicana Pure Premium Original Orange Juice No Pulp","6.39","0.0","","89 fl oz","89 fl oz","3809.jpg",,"1"
"6673","Beverages, Chips & Snacks","Beverages & Water","Refrigerated Drinks","Tropicana ","Tropicana Trop","Tropicana Trop","3.69","0.0","","59 fl oz","59 fl oz","3810.jpg",,"1"
"6674","Beverages, Chips & Snacks","Beverages & Water","Refrigerated Drinks","Tropicana ","Tropicana Trop","Tropicana Trop","4.19","0.0","","59 fl oz","59 fl oz","3820.jpg",,"N/A"
"6675","Beverages, Chips & Snacks","Beverages & Water","Refrigerated Drinks","Tropicana ","Tropicana Trop50","Tropicana Trop50","4.19","0.0","","59 fl oz","59 fl oz","3819.jpg",,"1"
"6676","Beverages, Chips & Snacks","Beverages & Water","Refrigerated Drinks","Tropicana ","Tropicana Twister Fruit Punch Flavored Drink","Tropicana Twister Fruit Punch Flavored Drink","1.89","0.0","","59 fl oz","59 fl oz","3811.jpg",,"1"
"6677","Beverages, Chips & Snacks","Beverages & Water","Refrigerated Drinks","Tropicana ","Tropicana Twister Lemonade","Tropicana Twister Lemonade","1.69","0.0","","59 fl oz","59 fl oz","3814.jpg",,"1"
"6678","Beverages, Chips & Snacks","Beverages & Water","Refrigerated Drinks","Tropicana ","Tropicana Twister Peach Orchard Punch Flavored Drink","Tropicana Twister Peach Orchard Punch Flavored Drink","2.69","0.0","","59 fl oz","59 fl oz","3816.jpg",,"1"
"6679","Beverages, Chips & Snacks","Beverages & Water","Refrigerated Drinks","Tropicana ","Tropicana Twister Tropical Punch Flavored Drink","Tropicana Twister Tropical Punch Flavored Drink","1.29","0.0","","59 fl oz","59 fl oz","3821.jpg",,"1"
"6680","Beverages, Chips & Snacks","Beverages & Water","Refrigerated Drinks","Turkey Hill","Turkey Hill Diet Decaf Tea Lemon","Turkey Hill Diet Decaf Tea Lemon","1.89","0.0","","64 fl oz","64 fl oz","3875.jpg",,"N/A"
"6681","Beverages, Chips & Snacks","Beverages & Water","Refrigerated Drinks","Turkey Hill","Turkey Hill Diet Iced Tea Lemon","Turkey Hill Diet Iced Tea Lemon","1.89","0.0","","64 fl oz","64 fl oz","3877.jpg",,"N/A"
"6682","Beverages, Chips & Snacks","Beverages & Water","Refrigerated Drinks","Turkey Hill","Turkey Hill Diet with Ginseng & Honey Mango Green Tea","Turkey Hill Diet with Ginseng & Honey Mango Green Tea","1.89","0.0","","0.5 gal","0.5 gal","3876.jpg",,"1"
"6683","Beverages, Chips & Snacks","Beverages & Water","Refrigerated Drinks","Turkey Hill","Turkey Hill Iced Tea","Turkey Hill Iced Tea","1.89","0.0","","64 fl oz","64 fl oz","3874.jpg",,"1"
"6684","Beverages, Chips & Snacks","Beverages & Water","Refrigerated Drinks","Turkey Hill","Turkey Hill Raspberry Tea","Turkey Hill Raspberry Tea","1.89","0.0","","0.5 gal","0.5 gal","3873.jpg",,"1"
"6685","Beverages, Chips & Snacks","Beverages & Water","Refrigerated Drinks","Turkey Hill","Turkey Hill with Ginseng & Honey Green Tea","Turkey Hill with Ginseng & Honey Green Tea","1.89","0.0","","0.5 gal","0.5 gal","3872.jpg",,"N/A"
"6686","Beverages, Chips & Snacks","Beverages & Water","Refrigerated Drinks","Vita","Vita Coco Cafe Latte Mocha","Vita Coco Cafe Latte Mocha","3.09","0.0","","11.1 oz","11.1 oz","16555.jpg",,"N/A"
"6687","Beverages, Chips & Snacks","Beverages & Water","Refrigerated Drinks","Welch's","Welch's Berry Pineapple Passion Fruit Juice Cocktail","Welch's Berry Pineapple Passion Fruit Juice Cocktail","2.99","0.0","","59 fl oz","59 fl oz","3861.jpg",,"1"
"6688","Beverages, Chips & Snacks","Beverages & Water","Refrigerated Drinks","Welch's","Welch's Dragon Fruit Mango Flavored Fruit Juice Cocktail Blend","Welch's Dragon Fruit Mango Flavored Fruit Juice Cocktail Blend","2.99","0.0","","59 fl oz","59 fl oz","3863.jpg",,"1"
"6689","Beverages, Chips & Snacks","Beverages & Water","Refrigerated Drinks","Welch's","Welch's Fruit Juice Cocktail Blend Passion Fruit","Welch's Fruit Juice Cocktail Blend Passion Fruit","2.99","0.0","","59 fl oz","59 fl oz","3860.jpg",,"N/A"
"6690","Beverages, Chips & Snacks","Beverages & Water","Refrigerated Drinks","Welch's","Welch's Fruit Juice Cocktail Concord Grape","Welch's Fruit Juice Cocktail Concord Grape","2.99","0.0","","59 fl oz","59 fl oz","3865.jpg",,"1"
"6691","Beverages, Chips & Snacks","Beverages & Water","Refrigerated Drinks","Welch's","Welch's Mango Twist Flavored Fruit Juice Cocktail Blend","Welch's Mango Twist Flavored Fruit Juice Cocktail Blend","2.99","0.0","","59 fl oz","59 fl oz","3862.jpg",,"1"
"6692","Beverages, Chips & Snacks","Beverages & Water","Refrigerated Drinks","Welch's","Welch's Mountain Berry Juice Cocktail","Welch's Mountain Berry Juice Cocktail","2.99","0.0","","59 fl oz","59 fl oz","3864.jpg",,"1"
"6693","Beverages, Chips & Snacks","Beverages & Water","Refrigerated Drinks","Welch's","Welch's Strawberry Breeze Juice Cocktail","Welch's Strawberry Breeze Juice Cocktail","2.49","0.0","","59 fl oz","59 fl oz","3866.jpg",,"1"
"6694","Beverages, Chips & Snacks","Breakfast Bars & Pastries","Breakfast Bars","Atkins","Atkins Protein Rich Meal Bar Chocolate Chip Cookie Dough","Atkins Protein Rich Meal Bar Chocolate Chip Cookie Dough","7.39","0.0","","5 x 2.12 oz","5 x 2.12 oz","17653.jpg",,"13"
"6695","Beverages, Chips & Snacks","Breakfast Bars & Pastries","Breakfast Bars","Atkins","Atkins Protein Rich Meal Bar Peanut Butter Granola","Atkins Protein Rich Meal Bar Peanut Butter Granola","9.19","0.0","","8.5 oz","8.5 oz","17654.jpg",,"5"
"6696","Beverages, Chips & Snacks","Breakfast Bars & Pastries","Breakfast Bars","Atkins","Atkins Snack Bar Cranberry Almond","Atkins Snack Bar Cranberry Almond","7.39","0.0","","5 x 1.23 oz","5 x 1.23 oz","17672.jpg",,"5"
"6697","Beverages, Chips & Snacks","Breakfast Bars & Pastries","Breakfast Bars","Enjoy Life","Enjoy Life Soft Baked Chewy Bars Cocoa Loco","Enjoy Life Soft Baked Chewy Bars Cocoa Loco","4.29","0.0","","5 x 1.1oz","5 x 1.1oz","17655.jpg",,"5"
"6698","Beverages, Chips & Snacks","Breakfast Bars & Pastries","Twists","Entenmann's","Entenmann's Cheese Danish Twist","Entenmann's Cheese Danish Twist","8.74","0.0","","15 oz","15 oz","6224.jpg",,"14"
"6699","Beverages, Chips & Snacks","Breakfast Bars & Pastries","Donuts","Entenmann's","Entenmann's Cinnamon Bagged Donuts","Entenmann's Cinnamon Bagged Donuts","3.69","0.0","","10 oz","10 oz","6221.jpg",,"14"
"6700","Beverages, Chips & Snacks","Breakfast Bars & Pastries","Twists","Entenmann's","Entenmann's Cinnamon Swirl Buns","Entenmann's Cinnamon Swirl Buns","3.69","0.0","","18 oz","18 oz","6218.jpg",,"14"
"6701","Beverages, Chips & Snacks","Breakfast Bars & Pastries","Muffins","Entenmann's","Entenmann's Little Bites Blueberry Mini Muffins made with Real Blueberries","Entenmann's Little Bites Blueberry Mini Muffins made with Real Blueberries","3.69","0.0","","20 x 0.41 oz","20 x 0.41 oz","6219.jpg",,"14"
"6702","Beverages, Chips & Snacks","Breakfast Bars & Pastries","Donuts","Entenmann's","Entenmann's Powdered Bagged Donuts","Entenmann's Powdered Bagged Donuts","3.69","0.0","","10 oz","10 oz","6225.jpg",,"14"
"6703","Beverages, Chips & Snacks","Breakfast Bars & Pastries","Donuts","Entenmann's","Entenmann's Powdered Donuts Pop'ettes","Entenmann's Powdered Donuts Pop'ettes","3.69","0.0","","14 oz","14 oz","6220.jpg",,"14"
"6704","Beverages, Chips & Snacks","Breakfast Bars & Pastries","Twists","Entenmann's","Entenmann's Raspberry Danish Twist","Entenmann's Raspberry Danish Twist","8.69","0.0","","15 oz","15 oz","6223.jpg",,"N/A"
"6705","Beverages, Chips & Snacks","Breakfast Bars & Pastries","Donuts","Entenmann's","Entenmann's Soft'ees Assorted With Frosted Donuts","Entenmann's Soft'ees Assorted With Frosted Donuts","3.69","0.0","","21 oz","21 oz","6222.jpg",,"N/A"
"6706","Beverages, Chips & Snacks","Breakfast Bars & Pastries","Brownies","Fiber One","Fiber One Brownies","Fiber One Brownies","3.69","0.0","","6 x 0.89 oz","6 x 0.89 oz","6228.jpg",,"5"
"6707","Beverages, Chips & Snacks","Breakfast Bars & Pastries","Breakfast Bars","Fiber One","Fiber One Chewy Bars, Oats & Chocolate","Fiber One Chewy Bars, Oats & Chocolate","3.69","0.0","","5 x 1.4 oz","5 x 1.4 oz","6229.jpg",,"5"
"6708","Beverages, Chips & Snacks","Breakfast Bars & Pastries","Breakfast Bars","Fiber One","Fiber One Chocolate Chewy Bars","Fiber One Chocolate Chewy Bars","3.69","0.0","","5 x 0.82 oz","5 x 0.82 oz","6230.jpg",,"5"
"6709","Beverages, Chips & Snacks","Breakfast Bars & Pastries","Breakfast Bars","Fiber One","Fiber One Protein Bar, Caramel Nut Chewy Bars","Fiber One Protein Bar, Caramel Nut Chewy Bars","3.09","0.0","","5 x 1.17 oz","5 x 1.17 oz","6226.jpg",,"5"
"6710","Beverages, Chips & Snacks","Breakfast Bars & Pastries","Breakfast Bars","Fiber One","Fiber One Protein Bar, Peanut Butter Chewy Bars","Fiber One Protein Bar, Peanut Butter Chewy Bars","3.69","0.0","","5 x 1.17 oz","5 x 1.17 oz","6227.jpg",,"5"
"6711","Beverages, Chips & Snacks","Breakfast Bars & Pastries","Breakfast Bars","Glutino","Glutino Apple Cinnamon Gluten Free Oven Baked Bars","Glutino Apple Cinnamon Gluten Free Oven Baked Bars","6.09","0.0","","5 x 1.41 oz","5 x 1.41 oz","18108.jpg",,"5"
"6712","Beverages, Chips & Snacks","Breakfast Bars & Pastries","Breakfast Bars","Kashi","Kashi Bars Mixed Berry","Kashi Bars Mixed Berry","3.69","0.0","","1.1 oz","1.1 oz","6247.jpg",,"5"
"6713","Beverages, Chips & Snacks","Breakfast Bars & Pastries","Breakfast Bars","Kashi","Kashi Granola Bars Chocolate Chip Chia","Kashi Granola Bars Chocolate Chip Chia","3.09","0.0","","5 x 7 oz","5 x 7 oz","6248.jpg",,"5"
"6714","Beverages, Chips & Snacks","Breakfast Bars & Pastries","Breakfast Bars","Kashi","Kashi Granola Bars Dark Mocha Almond","Kashi Granola Bars Dark Mocha Almond","3.69","0.0","","1.2 oz","1.2 oz","6249.jpg",,"5"
"6715","Beverages, Chips & Snacks","Breakfast Bars & Pastries","Breakfast Bars","Kashi","Kashi Soft Baked Breakfast Bars Ripe Strawberry","Kashi Soft Baked Breakfast Bars Ripe Strawberry","3.69","0.0","","6 x 1.2 oz","6 x 1.2 oz","6246.jpg",,"5"
"6716","Beverages, Chips & Snacks","Breakfast Bars & Pastries","Biscuits","Kellogg's","Kellogg's Nutri Grain Apple Cinnamon Breakfast Biscuits","Kellogg's Nutri Grain Apple Cinnamon Breakfast Biscuits","4.89","0.0","","5 x 1.4 oz","5 x 1.4 oz","6195.jpg",,"N/A"
"6717","Beverages, Chips & Snacks","Breakfast Bars & Pastries","Breakfast Bars","Kellogg's","Kellogg's Nutri Grain Soft Baked Breakfast Bars Apple Cinnamon","Kellogg's Nutri Grain Soft Baked Breakfast Bars Apple Cinnamon","3.69","0.0","","10.4 oz","10.4 oz","6232.jpg",,"5"
"6718","Beverages, Chips & Snacks","Breakfast Bars & Pastries","Breakfast Bars","Kellogg's","Kellogg's Nutri Grain Soft Baked Breakfast Bars Apple Cinnamon","Kellogg's Nutri Grain Soft Baked Breakfast Bars Apple Cinnamon","4.89","0.0","","16 x 20.8 oz","16 x 20.8 oz","6234.jpg",,"5"
"6719","Beverages, Chips & Snacks","Breakfast Bars & Pastries","Breakfast Bars","Kellogg's","Kellogg's Nutri Grain Soft Baked Breakfast Bars Blueberry","Kellogg's Nutri Grain Soft Baked Breakfast Bars Blueberry","3.69","0.0","","10.4 oz","10.4 oz","6235.jpg",,"5"
"6720","Beverages, Chips & Snacks","Breakfast Bars & Pastries","Breakfast Bars","Kellogg's","Kellogg's Nutri Grain Soft Baked Breakfast Bars Mixed Berry","Kellogg's Nutri Grain Soft Baked Breakfast Bars Mixed Berry","3.69","0.0","","8 ct","8 ct","6233.jpg",,"5"
"6721","Beverages, Chips & Snacks","Breakfast Bars & Pastries","Breakfast Bars","Kellogg's","Kellogg's Nutri Grain Soft Baked Breakfast Bars Raspberry","Kellogg's Nutri Grain Soft Baked Breakfast Bars Raspberry","3.69","0.0","","8 x 10.4 oz","8 x 10.4 oz","6237.jpg",,"5"
"6722","Beverages, Chips & Snacks","Breakfast Bars & Pastries","Breakfast Bars","Kellogg's","Kellogg's Nutri Grain Soft Baked Breakfast Bars Strawberry","Kellogg's Nutri Grain Soft Baked Breakfast Bars Strawberry","4.89","0.0","","16 x 1.3 oz","16 x 1.3 oz","6231.jpg",,"5"
"6723","Beverages, Chips & Snacks","Breakfast Bars & Pastries","Breakfast Bars","Kellogg's","Kellogg's Nutri Grain Soft Baked Breakfast Bars Strawberry","Kellogg's Nutri Grain Soft Baked Breakfast Bars Strawberry","3.69","0.0","","8 x 1.3 oz","8 x 1.3 oz","6236.jpg",,"5"
"6724","Beverages, Chips & Snacks","Breakfast Bars & Pastries","Breakfast Bars","Kellogg's","Kellogg's Nutri Grain Soft Baked Strawberry Greek Yogurt Breakfast Bars","Kellogg's Nutri Grain Soft Baked Strawberry Greek Yogurt Breakfast Bars","3.69","0.0","","8 x 1.3 oz","8 x 1.3 oz","18110.jpg",,"5"
"6725","Beverages, Chips & Snacks","Breakfast Bars & Pastries","Pastries","Kellogg's","Kellogg's Pop Tarts Breakfast Toaster Pastries Frosted Blueberry","Kellogg's Pop Tarts Breakfast Toaster Pastries Frosted Blueberry","2.49","0.0","","8 x 14.7 oz","8 x 14.7 oz","6213.jpg",,"5"
"6726","Beverages, Chips & Snacks","Breakfast Bars & Pastries","Pastries","Kellogg's","Kellogg's Pop Tarts Breakfast Toaster Pastries Frosted Blueberry","Kellogg's Pop Tarts Breakfast Toaster Pastries Frosted Blueberry","4.29","0.0","","16 x 29.3 oz","16 x 29.3 oz","6215.jpg",,"5"
"6727","Beverages, Chips & Snacks","Canned Food","Pastries","Kellogg's","Kellogg's Pop Tarts Breakfast Toaster Pastries Frosted Brown Sugar Cinnamon","Kellogg's Pop Tarts Breakfast Toaster Pastries Frosted Brown Sugar Cinnamon","4.74","0.0","","16 x 28.2 oz","16 x 28.2 oz","6203.jpg",,"5"
"6728","Beverages, Chips & Snacks","Breakfast Bars & Pastries","Pastries","Kellogg's","Kellogg's Pop Tarts Breakfast Toaster Pastries Frosted Brown Sugar Cinnamon","Kellogg's Pop Tarts Breakfast Toaster Pastries Frosted Brown Sugar Cinnamon","2.49","0.0","","8 ct","8 ct","6212.jpg",,"5"
"6729","Beverages, Chips & Snacks","Breakfast Bars & Pastries","Pastries","Kellogg's","Kellogg's Pop Tarts Breakfast Toaster Pastries Frosted Chocolate Chip","Kellogg's Pop Tarts Breakfast Toaster Pastries Frosted Chocolate Chip","4.29","0.0","","16 x 29.3 oz","16 x 29.3 oz","6210.jpg",,"5"
"6730","Beverages, Chips & Snacks","Breakfast Bars & Pastries","Pastries","Kellogg's","Kellogg's Pop Tarts Breakfast Toaster Pastries Frosted Chocolate Chip Cookie Dough","Kellogg's Pop Tarts Breakfast Toaster Pastries Frosted Chocolate Chip Cookie Dough","4.29","0.0","","16 x 28.2 oz","16 x 28.2 oz","6216.jpg",,"5"
"6731","Beverages, Chips & Snacks","Breakfast Bars & Pastries","Pastries","Kellogg's","Kellogg's Pop Tarts Breakfast Toaster Pastries Frosted Chocolate Fudge","Kellogg's Pop Tarts Breakfast Toaster Pastries Frosted Chocolate Fudge","4.29","0.0","","16 x 29.3 oz","16 x 29.3 oz","6211.jpg",,"5"
"6732","Beverages, Chips & Snacks","Breakfast Bars & Pastries","Pastries","Kellogg's","Kellogg's Pop Tarts Breakfast Toaster Pastries Frosted Cinnamon Roll","Kellogg's Pop Tarts Breakfast Toaster Pastries Frosted Cinnamon Roll","2.49","0.0","","14.1 oz","14.1 oz","6209.jpg",,"5"
"6733","Beverages, Chips & Snacks","Breakfast Bars & Pastries","Pastries","Kellogg's","Kellogg's Pop Tarts Breakfast Toaster Pastries Frosted Hot Fudge Sundae","Kellogg's Pop Tarts Breakfast Toaster Pastries Frosted Hot Fudge Sundae","4.29","0.0","","16 x 27.1 oz","16 x 27.1 oz","6206.jpg",,"5"
"6734","Beverages, Chips & Snacks","Breakfast Bars & Pastries","Pastries","Kellogg's","Kellogg's Pop Tarts Breakfast Toaster Pastries Frosted Raspberry","Kellogg's Pop Tarts Breakfast Toaster Pastries Frosted Raspberry","2.49","0.0","","8 ct","8 ct","6207.jpg",,"5"
"6735","Beverages, Chips & Snacks","Breakfast Bars & Pastries","Pastries","Kellogg's","Kellogg's Pop Tarts Breakfast Toaster Pastries Frosted S'mores","Kellogg's Pop Tarts Breakfast Toaster Pastries Frosted S'mores","2.49","0.0","","8 ct","8 ct","6205.jpg",,"5"
"6736","Beverages, Chips & Snacks","Breakfast Bars & Pastries","Pastries","Kellogg's","Kellogg's Pop Tarts Breakfast Toaster Pastries Frosted Strawberry","Kellogg's Pop Tarts Breakfast Toaster Pastries Frosted Strawberry","4.29","0.0","","16 x 29.3 oz","16 x 29.3 oz","6202.jpg",,"5"
"6737","Beverages, Chips & Snacks","Breakfast Bars & Pastries","Pastries","Kellogg's","Kellogg's Pop Tarts Breakfast Toaster Pastries Frosted Strawberry","Kellogg's Pop Tarts Breakfast Toaster Pastries Frosted Strawberry","2.49","0.0","","1 fl oz","1 fl oz","6208.jpg",,"5"
"6738","Beverages, Chips & Snacks","Breakfast Bars & Pastries","Pastries","Kellogg's","Kellogg's Pop Tarts Breakfast Toaster Pastries Frosted Wild! Berry","Kellogg's Pop Tarts Breakfast Toaster Pastries Frosted Wild! Berry","2.49","0.0","","8 x 15.2 oz","8 x 15.2 oz","6204.jpg",,"5"
"6739","Beverages, Chips & Snacks","Breakfast Bars & Pastries","Pastries","Kellogg's","Kellogg's Pop Tarts Breakfast Toaster Pastries Unfrosted Blueberry","Kellogg's Pop Tarts Breakfast Toaster Pastries Unfrosted Blueberry","2.49","0.0","","8 x 14.7 oz","8 x 14.7 oz","6217.jpg",,"5"
"6740","Beverages, Chips & Snacks","Breakfast Bars & Pastries","Pastries","Kellogg's","Kellogg's Pop Tarts Breakfast Toaster Pastries Unfrosted Strawberry","Kellogg's Pop Tarts Breakfast Toaster Pastries Unfrosted Strawberry","2.49","0.0","","8 x 14.7 oz","8 x 14.7 oz","6214.jpg",,"5"
"6741","Beverages, Chips & Snacks","Breakfast Bars & Pastries","Pastries","Kellogg's","Kellogg's Pop Tarts Frosted Brown Sugar Cinnamon Toaster Pastries","Kellogg's Pop Tarts Frosted Brown Sugar Cinnamon Toaster Pastries","2.49","0.0","","21 oz","21 oz","6194.jpg",,"5"
"6742","Beverages, Chips & Snacks","Breakfast Bars & Pastries","Pastries","Kellogg's","Kellogg's Pop Tarts Frosted Confetti Cupcake Toaster Pastries","Kellogg's Pop Tarts Frosted Confetti Cupcake Toaster Pastries","2.49","0.0","","14.1 oz","14.1 oz","6193.jpg",,"5"
"6743","Beverages, Chips & Snacks","Breakfast Bars & Pastries","Pastries","Kellogg's","Kellogg's Pop Tarts Gone Nutty! Breakfast Toaster Pastries Frosted Chocolate Peanut Butter","Kellogg's Pop Tarts Gone Nutty! Breakfast Toaster Pastries Frosted Chocolate Peanut Butter","2.49","0.0","","10.5 oz","10.5 oz","17667.jpg",,"5"
"6744","Beverages, Chips & Snacks","Breakfast Bars & Pastries","Pastries","Kellogg's","Kellogg's Pop Tarts Whole Grain Frosted Brown Sugar Cinnamon Toaster Pastries","Kellogg's Pop Tarts Whole Grain Frosted Brown Sugar Cinnamon Toaster Pastries","2.49","0.0","","14.1 oz","14.1 oz","6197.jpg",,"5"
"6745","Beverages, Chips & Snacks","Breakfast Bars & Pastries","Other Pastries","Kellogg's","Kellogg's Special K Brown Sugar Cinnamon Pastry Crisps","Kellogg's Special K Brown Sugar Cinnamon Pastry Crisps","3.09","0.0","","4.4 oz","4.4 oz","6196.jpg",,"N/A"
"6746","Beverages, Chips & Snacks","Breakfast Bars & Pastries","Breakfast Bars","Kellogg's","Kellogg's Special K Chewy Snack Bars Red Berries","Kellogg's Special K Chewy Snack Bars Red Berries","3.09","0.0","","6 x 0.88 oz","6 x 0.88 oz","17666.jpg",,"5"
"6747","Beverages, Chips & Snacks","Breakfast Bars & Pastries","Other Pastries","Kellogg's","Kellogg's Special K Chocolate Delight Protein Breakfast Shakes","Kellogg's Special K Chocolate Delight Protein Breakfast Shakes","7.39","0.0","","4 x 10 fl oz","4 x 10 fl oz","6200.jpg",,"5"
"6748","Beverages, Chips & Snacks","Breakfast Bars & Pastries","Breakfast Bars","Kellogg's","Kellogg's Special K Chocolatey Pretzel Cereal Bars","Kellogg's Special K Chocolatey Pretzel Cereal Bars","3.09","0.0","","4.6 oz","4.6 oz","6201.jpg",,"5"
"6749","Beverages, Chips & Snacks","Breakfast Bars & Pastries","Other Pastries","Kellogg's","Kellogg's Special K French Vanilla Protein Breakfast Shakes","Kellogg's Special K French Vanilla Protein Breakfast Shakes","6.09","0.0","","4 x 10 fl oz","4 x 10 fl oz","6199.jpg",,"N/A"
"6750","Beverages, Chips & Snacks","Breakfast Bars & Pastries","Breakfast Bars","Kellogg's","Kellogg's Special K Red Berries Cereal Bars","Kellogg's Special K Red Berries Cereal Bars","3.09","0.0","","6 ct","6 ct","6192.jpg",,"5"
"6751","Beverages, Chips & Snacks","Breakfast Bars & Pastries","Breakfast Bars","Kellogg's","Kellogg's Special K Red Berries Cereal Bars","Kellogg's Special K Red Berries Cereal Bars","4.89","0.0","","9.72 oz","9.72 oz","6198.jpg",,"5"
"6752","Beverages, Chips & Snacks","Breakfast Bars & Pastries","Pastries","Market Basket","Market Basket Blueberry Toaster Pastries","Market Basket Blueberry Toaster Pastries","1.49","0.0","","6 ct","6 ct","Market Basket.jpg",,"5"
"6753","Beverages, Chips & Snacks","Breakfast Bars & Pastries","Breakfast Bars","Market Basket","Market Basket Fruit And Grain Apple Cinnamon Cereal Bars","Market Basket Fruit And Grain Apple Cinnamon Cereal Bars","3.09","0.0","","10.4 oz","10.4 oz","Market Basket.jpg",,"5"
"6754","Beverages, Chips & Snacks","Breakfast Bars & Pastries","Breakfast Bars","Market Basket","Market Basket Fruit And Grain Cereal Bars Strawberry","Market Basket Fruit And Grain Cereal Bars Strawberry","3.09","0.0","","10.4 oz","10.4 oz","Market Basket.jpg",,"5"
"6755","Beverages, Chips & Snacks","Breakfast Bars & Pastries","Pastries","Market Basket","Market Basket Strawberry Toaster Pastries","Market Basket Strawberry Toaster Pastries","1.49","0.0","","6 ct","6 ct","Market Basket.jpg",,"5"
"6756","Beverages, Chips & Snacks","Breakfast Bars & Pastries","Biscuits","Nabisco","Nabisco Belvita Soft Baked Mixed Berry Breakfast Biscuits","Nabisco Belvita Soft Baked Mixed Berry Breakfast Biscuits","3.69","0.0","","5 ct","5 ct","17661.jpg",,"N/A"
"6757","Beverages, Chips & Snacks","Canned Food","Breakfast Bars","Nature Valley ","Nature Valley Granola Bars, Sweet and Salty Nut, Peanut","Nature Valley Granola Bars, Sweet and Salty Nut, Peanut","3.75","0.0","","6 x 1.2 oz","6 x 1.2 oz","17660.jpg",,"5"
"6758","Beverages, Chips & Snacks","Breakfast Bars & Pastries","Other Pastries","Nature Valley ","Nature Valley Soft Baked Oatmeal Squares Cinnamon Brown Sugar","Nature Valley Soft Baked Oatmeal Squares Cinnamon Brown Sugar","3.69","0.0","","1.24 oz","1.24 oz","17662.jpg",,"5"
"6759","Beverages, Chips & Snacks","Breakfast Bars & Pastries","Pastries","Nature's Path","Nature's Path Frosted Cherry Pomegranate Toaster Pastries","Nature's Path Frosted Cherry Pomegranate Toaster Pastries","4.29","0.0","","11 oz","11 oz","6240.jpg",,"5"
"6760","Beverages, Chips & Snacks","Breakfast Bars & Pastries","Pastries","Nature's Path","Nature's Path Frosted Granny Apple Pie Toaster Pastries","Nature's Path Frosted Granny Apple Pie Toaster Pastries","4.29","0.0","","6 x 11 oz","6 x 11 oz","6238.jpg",,"5"
"6761","Beverages, Chips & Snacks","Breakfast Bars & Pastries","Breakfast Bars","Nature's Path","Nature's Path NP EK Chocolate Rice Bars","Nature's Path NP EK Chocolate Rice Bars","4.89","0.0","","6 oz","6 oz","17673.jpg",,"5"
"6762","Beverages, Chips & Snacks","Breakfast Bars & Pastries","Breakfast Bars","Nature's Path","Nature's Path NP EK Peanut Rice Bars","Nature's Path NP EK Peanut Rice Bars","4.99","0.0","","6 oz","6 oz","6239.jpg",,"5"
"6763","Beverages, Chips & Snacks","Breakfast Bars & Pastries","Pastries","Nature's Path","Nature's Path NP Strawberry Unfrosted Pastries","Nature's Path NP Strawberry Unfrosted Pastries","4.29","0.0","","6 x 11 oz","6 x 11 oz","6241.jpg",,"5"
"6764","Beverages, Chips & Snacks","Breakfast Bars & Pastries","Breakfast Bars","Perfect Bar","Perfect Bar Protein Bar Dark Chocolate Chip Peanut Butter","Perfect Bar Protein Bar Dark Chocolate Chip Peanut Butter","2.49","0.0","","2.3 oz","2.3 oz","17657.jpg",,"5"
"6765","Beverages, Chips & Snacks","Breakfast Bars & Pastries","Breakfast Bars","Post ","Post Treats Marshmallow Cereal Bars","Post Treats Marshmallow Cereal Bars","3.09","0.0","","8 x 0.7oz","8 x 0.7oz","17671.jpg",,"5"
"6766","Beverages, Chips & Snacks","Breakfast Bars & Pastries","Breakfast Bars","Quaker","Quaker Chewy Chewy Variety Pack Granola Bars","Quaker Chewy Chewy Variety Pack Granola Bars","4.59","0.0","","18 x 0.84 oz","18 x 0.84 oz","17656.jpg",,"5"
"6767","Beverages, Chips & Snacks","Breakfast Bars & Pastries","Breakfast Bars","Quaker","Quaker Chewy Dark Chocolate Chunk Granola Bars","Quaker Chewy Dark Chocolate Chunk Granola Bars","2.49","0.0","","8 x 0.83oz","8 x 0.83oz","17663.jpg",,"5"
"6768","Beverages, Chips & Snacks","Breakfast Bars & Pastries","Breakfast Bars","Quaker","Quaker Real Medleys Peach Almond Multigrain Fruit & Nut Bars","Quaker Real Medleys Peach Almond Multigrain Fruit & Nut Bars","4.29","0.0","","5 x 1.34 oz","5 x 1.34 oz","17675.jpg",,"5"
"6769","Beverages, Chips & Snacks","Breakfast Bars & Pastries","Other Pastries","Rice Krispies","Rice Krispies Treats Crispy Marshmallow Squares Original","Rice Krispies Treats Crispy Marshmallow Squares Original","4.89","0.0","","16 x 0.78 oz","16 x 0.78 oz","17658.jpg",,"5"
"6770","Beverages, Chips & Snacks","Breakfast Bars & Pastries","Other Pastries","Rice Krispies","Rice Krispies Treats Crispy Marshmallow Squares Original","Rice Krispies Treats Crispy Marshmallow Squares Original","9.79","0.0","","40 Ct","40 Ct","17669.jpg",,"5"
"6771","Beverages, Chips & Snacks","Breakfast Bars & Pastries","Breakfast Bars","Special K","Special K 90 Calories Blueberry Cereal Bars","Special K 90 Calories Blueberry Cereal Bars","3.09","0.0","","6 ct","6 ct","17670.jpg",,"5"
"6772","Beverages, Chips & Snacks","Breakfast Bars & Pastries","Breakfast Bars","Special K","Special K 90 Calories Vanilla Crisp Cereal Bars","Special K 90 Calories Vanilla Crisp Cereal Bars","3.09","0.0","","6 ct","6 ct","17665.jpg",,"5"
"6773","Cooking Needs","Baking & Cooking","Baking Ingredients","Argo","Argo 100% Pure Corn Starch","Argo 100% Pure Corn Starch","1.89","0.0","","16 oz","16 oz","15694.jpg",,"8"
"6774","Cooking Needs","Baking & Cooking","Baking Ingredients","Arm & Hammer","Arm & Hammer Pure Baking Soda","Arm & Hammer Pure Baking Soda","0.99","0.0","","16 oz","16 oz","15674.jpg",,"8"
"6775","Cooking Needs","Baking & Cooking","Baking Ingredients","Armour","Armour Lard","Armour Lard","2.09","0.0","","16 oz","16 oz","15730.jpg",,"8"
"6776","Cooking Needs","Baking & Cooking","Baking Ingredients","Baker's","Baker's Angel Flake Sweetened Coconut","Baker's Angel Flake Sweetened Coconut","2.49","0.0","","7 oz","7 oz","15713.jpg",,"8"
"6777","Cooking Needs","Baking & Cooking","Baking Ingredients","Baker's","Baker's Premium Baking Chocolate Bar, Semi Sweet 56% Cacao","Baker's Premium Baking Chocolate Bar, Semi Sweet 56% Cacao","2.49","0.0","","4 oz","4 oz","15708.jpg",,"8"
"6778","Cooking Needs","Baking & Cooking","Baking Ingredients","Baker's","Baker's Sweetened German's Chocolate Baking Bar","Baker's Sweetened German's Chocolate Baking Bar","2.79","0.0","","4 oz","4 oz","15721.jpg",,"8"
"6779","Cooking Needs","Baking & Cooking","Baking Ingredients","Baker's","Baker's Unsweetened 100% Cacao Baking Chocolate Bar","Baker's Unsweetened 100% Cacao Baking Chocolate Bar","2.49","0.0","","8 oz","8 oz","15725.jpg",,"8"
"6780","Cooking Needs","Baking & Cooking","Baking Ingredients","Bob's Red Mill","Bob's Red Mill 'Sweet' White Sorghum Flour","Bob's Red Mill 'Sweet' White Sorghum Flour","4.89","0.0","","22 oz","22 oz","2298.jpg",,"8"
"6781","Cooking Needs","Baking & Cooking","Baking Ingredients","Bob's Red Mill","Bob's Red Mill 1 to 1 Baking Flour, Gluten/Wheat/Dairy Free","Bob's Red Mill 1 to 1 Baking Flour, Gluten/Wheat/Dairy Free","10.99","0.0","","44 oz","44 oz","2315.jpg",,"8"
"6782","Cooking Needs","Baking & Cooking","Baking Ingredients","Bob's Red Mill","Bob's Red Mill Bobs Red Mill Nutritional Yeast, Large Flake, Pouch","Bob's Red Mill Bobs Red Mill Nutritional Yeast, Large Flake, Pouch","6.09","0.0","","5 oz","5 oz","2301.jpg",,"8"
"6783","Cooking Needs","Baking & Cooking","Baking Ingredients","Bob's Red Mill","Bob's Red Mill Brown Rice Flour","Bob's Red Mill Brown Rice Flour","4.29","0.0","","24 oz","24 oz","2308.jpg",,"8"
"6784","Cooking Needs","Baking & Cooking","Baking Ingredients","Bob's Red Mill","Bob's Red Mill Coarse Grain Cornmeal","Bob's Red Mill Coarse Grain Cornmeal","3.29","0.0","","24 oz","24 oz","2312.jpg",,"8"
"6785","Cooking Needs","Baking & Cooking","Baking Ingredients","Bob's Red Mill","Bob's Red Mill Coconut Shredded Unsweetened","Bob's Red Mill Coconut Shredded Unsweetened","4.69","0.0","","12 oz","12 oz","2300.jpg",,"8"
"6786","Cooking Needs","Baking & Cooking","Baking Ingredients","Bob's Red Mill","Bob's Red Mill Finely Ground Almond Flour","Bob's Red Mill Finely Ground Almond Flour","10.99","0.0","","16 oz","16 oz","2309.jpg",,"8"
"6787","Cooking Needs","Baking & Cooking","Baking Ingredients","Bob's Red Mill","Bob's Red Mill Gluten Free All Purpose Baking Flour","Bob's Red Mill Gluten Free All Purpose Baking Flour","12.19","0.0","","44 oz","44 oz","2293.jpg",,"8"
"6788","Cooking Needs","Baking & Cooking","Baking Ingredients","Bob's Red Mill","Bob's Red Mill Gluten Free All Purpose Baking Flour","Bob's Red Mill Gluten Free All Purpose Baking Flour","4.89","0.0","","22 oz","22 oz","2318.jpg",,"8"
"6789","Cooking Needs","Baking & Cooking","Baking Ingredients","Bob's Red Mill","Bob's Red Mill Gluten Free Biscuit & Baking Mix","Bob's Red Mill Gluten Free Biscuit & Baking Mix","5.49","0.0","","24 oz","24 oz","2294.jpg",,"8"
"6790","Cooking Needs","Baking & Cooking","Baking Ingredients","Bob's Red Mill","Bob's Red Mill Gluten Free Tapioca Flour","Bob's Red Mill Gluten Free Tapioca Flour","4.89","0.0","","20 oz","20 oz","2304.jpg",,"8"
"6791","Cooking Needs","Baking & Cooking","Baking Ingredients","Bob's Red Mill","Bob's Red Mill Organic Golden Flaxseed Meal","Bob's Red Mill Organic Golden Flaxseed Meal","3.69","0.0","","16 oz","16 oz","2306.jpg",,"8"
"6792","Cooking Needs","Baking & Cooking","Baking Ingredients","Bob's Red Mill","Bob's Red Mill Organic High Fiber Coconut Flour","Bob's Red Mill Organic High Fiber Coconut Flour","7.39","0.0","","16 oz","16 oz","2302.jpg",,"8"
"6793","Cooking Needs","Baking & Cooking","Baking Ingredients","Bob's Red Mill","Bob's Red Mill Pie Crust Gluten Free","Bob's Red Mill Pie Crust Gluten Free","4.29","0.0","","16 oz","16 oz","2296.jpg",,"8"
"6794","Cooking Needs","Baking & Cooking","Baking Ingredients","Bob's Red Mill","Bob's Red Mill Potato Starch Unmodified","Bob's Red Mill Potato Starch Unmodified","4.89","0.0","","24 oz","24 oz","2295.jpg",,"8"
"6795","Cooking Needs","Baking & Cooking","Baking Ingredients","Bob's Red Mill","Bob's Red Mill Premium Golden Flaxseed Meal","Bob's Red Mill Premium Golden Flaxseed Meal","3.69","0.0","","16 oz","16 oz","2314.jpg",,"8"
"6796","Cooking Needs","Baking & Cooking","Baking Ingredients","Bob's Red Mill","Bob's Red Mill Premium Quality Egg Replacer","Bob's Red Mill Premium Quality Egg Replacer","10.99","0.0","","16 oz","16 oz","2299.jpg",,"8"
"6797","Cooking Needs","Baking & Cooking","Baking Ingredients","Bob's Red Mill","Bob's Red Mill Premium Raw Whole Flaxseed","Bob's Red Mill Premium Raw Whole Flaxseed","3.69","0.0","","24 oz","24 oz","2303.jpg",,"8"
"6798","Cooking Needs","Baking & Cooking","Baking Ingredients","Bob's Red Mill","Bob's Red Mill Premium Xanthan Gum","Bob's Red Mill Premium Xanthan Gum","14.69","0.0","","8 oz","8 oz","2316.jpg",,"8"
"6799","Cooking Needs","Baking & Cooking","Baking Ingredients","Bob's Red Mill","Bob's Red Mill Stone Ground Cornbread Mix","Bob's Red Mill Stone Ground Cornbread Mix","4.69","0.0","","24 oz","24 oz","2317.jpg",,"8"
"6800","Cooking Needs","Baking & Cooking","Baking Ingredients","Bob's Red Mill","Bob's Red Mill Super Fine Almond Flour","Bob's Red Mill Super Fine Almond Flour","9.79","0.0","","16 oz","16 oz","2310.jpg",,"8"
"6801","Cooking Needs","Baking & Cooking","Baking Ingredients","Bob's Red Mill","Bob's Red Mill Unsweetened Flaked Coconut Unsulfured","Bob's Red Mill Unsweetened Flaked Coconut Unsulfured","4.89","0.0","","12 oz","12 oz","2307.jpg",,"8"
"6802","Cooking Needs","Baking & Cooking","Baking Ingredients","Bob's Red Mill","Bob's Red Mill Wheat Germ","Bob's Red Mill Wheat Germ","3.09","0.0","","12 oz","12 oz","15677.jpg",,"8"
"6803","Cooking Needs","Baking & Cooking","Baking Ingredients","Bob's Red Mill","Bob's Red Mill Whole Ground Gluten Free Flaxseed Meal","Bob's Red Mill Whole Ground Gluten Free Flaxseed Meal","3.09","0.0","","16 oz","16 oz","2305.jpg",,"8"
"6804","Cooking Needs","Baking & Cooking","Baking Ingredients","Bob's Red Mill","Bobs Red Mill Carob Powder, Toasted, Premium Quality","Bobs Red Mill Carob Powder, Toasted, Premium Quality","6.09","0.0","","18 oz","18 oz","15726.jpg",,"8"
"6805","Cooking Needs","Baking & Cooking","Baking Ingredients","Bob's Red Mill","Bobs Red Mill Corn Flour","Bobs Red Mill Corn Flour","4.89","0.0","","24 oz","24 oz","15682.jpg",,"8"
"6806","Cooking Needs","Baking & Cooking","Baking Ingredients","Brer Rabbit","Brer Rabbit Blackstrap Unsulphured Molasses","Brer Rabbit Blackstrap Unsulphured Molasses","4.89","0.0","","12 fl oz","12 fl oz","15705.jpg",,"8"
"6807","Cooking Needs","Baking & Cooking","Baking Ingredients","Carnation ","Carnation Evaporated Lowfat Milk","Carnation Evaporated Lowfat Milk","2.79","0.0","","12 fl oz","12 fl oz","2370.jpg",,"8"
"6808","Cooking Needs","Baking & Cooking","Baking Ingredients","Carnation ","Carnation Evaporated Milk Vitamin D","Carnation Evaporated Milk Vitamin D","1.59","0.0","","12 fl oz","12 fl oz","2366.jpg",,"8"
"6809","Cooking Needs","Baking & Cooking","Baking Ingredients","Carnation ","Carnation Fat Free Evaporated Milk","Carnation Fat Free Evaporated Milk","1.69","0.0","","12 fl oz","12 fl oz","2368.jpg",,"8"
"6810","Cooking Needs","Baking & Cooking","Baking Ingredients","Carnation ","Carnation Sweetened Condensed Milk","Carnation Sweetened Condensed Milk","3.09","0.0","","14 oz","14 oz","2367.jpg",,"8"
"6811","Cooking Needs","Baking & Cooking","Baking Ingredients","Carnation ","Carnation Vitamin D Added Evaporated Milk","Carnation Vitamin D Added Evaporated Milk","0.79","0.0","","5 fl oz","5 fl oz","2369.jpg",,"8"
"6812","Cooking Needs","Baking & Cooking","Baking Ingredients","Comstock","Comstock Original Lite Cherry Pie Filling & Topping","Comstock Original Lite Cherry Pie Filling & Topping","5.19","0.0","","20 oz","20 oz","15715.jpg",,"8"
"6813","Cooking Needs","Baking & Cooking","Baking Ingredients","Crisco","Crisco All Vegetable Shortening","Crisco All Vegetable Shortening","6.09","0.0","","48 oz","48 oz","15719.jpg",,"8"
"6814","Cooking Needs","Baking & Cooking","Baking Ingredients","Crisco","Crisco All Vegetable Shortening Baking Sticks","Crisco All Vegetable Shortening Baking Sticks","4.29","0.0","","20 oz","20 oz","15712.jpg",,"8"
"6815","Cooking Needs","Baking & Cooking","Baking Ingredients","Crisco","Crisco Butter Flavor AllVegetable Shortening","Crisco Butter Flavor AllVegetable Shortening","3.69","0.0","","20 oz","20 oz","15740.jpg",,"8"
"6816","Cooking Needs","Baking & Cooking","Baking Ingredients","Davis","Davis Baking Soda","Davis Baking Soda","0.99","0.0","","12 oz","12 oz","15697.jpg",,"8"
"6817","Cooking Needs","Baking & Cooking","Baking Ingredients","Diamond","Diamond Of California Chopped Walnuts","Diamond Of California Chopped Walnuts","5.49","0.0","","8 oz","8 oz","15710.jpg",,"8"
"6818","Cooking Needs","Baking & Cooking","Baking Ingredients","Diamond","Diamond Of California Finely Diced Walnuts","Diamond Of California Finely Diced Walnuts","6.69","0.0","","10 oz","10 oz","15731.jpg",,"8"
"6819","Cooking Needs","Baking & Cooking","Baking Ingredients","Diamond","Diamond Of California Shelled Walnuts","Diamond Of California Shelled Walnuts","9.19","0.0","","1 lb","1 lb","15690.jpg",,"8"
"6820","Cooking Needs","Baking & Cooking","Baking Ingredients","Domino","Domino Brownulated Pure Cane Light Brown Granulated Sugar","Domino Brownulated Pure Cane Light Brown Granulated Sugar","1.49","0.0","","14 oz","14 oz","2335.jpg",,"8"
"6821","Cooking Needs","Baking & Cooking","Baking Ingredients","Domino","Domino Confectioners Sugar Pure Cane","Domino Confectioners Sugar Pure Cane","1.29","0.0","","16 oz","16 oz","2331.jpg",,"8"
"6822","Cooking Needs","Baking & Cooking","Baking Ingredients","Domino","Domino Dark Brown Sugar Pure Cane Sugar","Domino Dark Brown Sugar Pure Cane Sugar","1.29","0.0","","16 oz","16 oz","2329.jpg",,"8"
"6823","Cooking Needs","Baking & Cooking","Baking Ingredients","Domino","Domino Light Brown Sugar Pure Cane Sugar","Domino Light Brown Sugar Pure Cane Sugar","1.29","0.0","","16 oz","16 oz","2330.jpg",,"8"
"6824","Cooking Needs","Baking & Cooking","Baking Ingredients","Domino","Domino Light Brown Sugar Pure Cane Sugar","Domino Light Brown Sugar Pure Cane Sugar","2.79","0.0","","32 oz","32 oz","2333.jpg",,"8"
"6825","Cooking Needs","Baking & Cooking","Baking Ingredients","Domino","Domino Organic Raw Cane Sugar","Domino Organic Raw Cane Sugar","2.79","0.0","","24 oz","24 oz","2337.jpg",,"8"
"6826","Cooking Needs","Baking & Cooking","Baking Ingredients","Domino","Domino Sugar Pourable Brown Light Brown","Domino Sugar Pourable Brown Light Brown","3.09","0.0","","10 oz","10 oz","2338.jpg",,"8"
"6827","Cooking Needs","Baking & Cooking","Baking Ingredients","Domino","Domino Sugar Pure Cane Granulated","Domino Sugar Pure Cane Granulated","2.79","0.0","","4 lb","4 lb","2328.jpg",,"8"
"6828","Cooking Needs","Baking & Cooking","Baking Ingredients","Domino","Domino Sugar Pure Cane Granulated","Domino Sugar Pure Cane Granulated","4.09","0.0","","4 lb","4 lb","2332.jpg",,"8"
"6829","Cooking Needs","Baking & Cooking","Baking Ingredients","Domino","Domino Sugar Quick Dissolve Superfine","Domino Sugar Quick Dissolve Superfine","3.09","0.0","","12 oz","12 oz","2336.jpg",,"8"
"6830","Cooking Needs","Baking & Cooking","Baking Ingredients","Duncan Hines","Duncan Hines Pie Filling & Topping, Apple","Duncan Hines Pie Filling & Topping, Apple","3.09","0.0","","21 oz","21 oz","15739.jpg",,"8"
"6831","Cooking Needs","Baking & Cooking","Baking Ingredients","Eagle Brand","Eagle Brand Borden Condensed Milk, Sweetened, Can","Eagle Brand Borden Condensed Milk, Sweetened, Can","3.09","0.0","","14 oz","14 oz","15696.jpg",,"8"
"6832","Cooking Needs","Baking & Cooking","Baking Ingredients","Emeril's","Emeril's Creamery Butter Flavor Cooking Spray","Emeril's Creamery Butter Flavor Cooking Spray","3.69","0.0","","6 oz","6 oz","15747.jpg",,"8"
"6833","Cooking Needs","Baking & Cooking","Baking Ingredients","Emeril's","Emeril's Original Canola Oil Cooking Spray","Emeril's Original Canola Oil Cooking Spray","3.69","0.0","","6 oz","6 oz","15678.jpg",,"8"
"6834","Cooking Needs","Baking & Cooking","Baking Ingredients","Equal","Equal Original 0 Calorie Sweetener Packets","Equal Original 0 Calorie Sweetener Packets","4.89","0.0","","115 count","115 count","15738.jpg",,"8"
"6835","Cooking Needs","Baking & Cooking","Baking Ingredients","Goya","Goya Extra Fine Yellow Corn Meal","Goya Extra Fine Yellow Corn Meal","1.89","0.0","","24 oz","24 oz","2351.jpg",,"8"
"6836","Cooking Needs","Baking & Cooking","Baking Ingredients","Fisher","Fisher Walnut Halves & Pieces","Fisher Walnut Halves & Pieces","7.99","0.0","","16 oz","16 oz","15695.jpg",,"8"
"6837","Cooking Needs","Baking & Cooking","Baking Ingredients","Fisher","Fisher Walnuts Halves & Pieces","Fisher Walnuts Halves & Pieces","5.49","0.0","","10 oz","10 oz","15701.jpg",,"8"
"6838","Cooking Needs","Baking & Cooking","Baking Ingredients","Florida Crystals","Florida Crystals Organic Sugar Pure Florida Cane Sugar","Florida Crystals Organic Sugar Pure Florida Cane Sugar","3.09","0.0","","32 oz","32 oz","15702.jpg",,"8"
"6839","Cooking Needs","Baking & Cooking","Baking Ingredients","Florida Crystals","Florida Crystals Raw Cane Sugar","Florida Crystals Raw Cane Sugar","3.09","0.0","","2 lb","2 lb","15716.jpg",,"8"
"6840","Cooking Needs","Baking & Cooking","Baking Ingredients","Ghirardelli Chocolate","Ghirardelli Chocolate 60% Cacao Bittersweet Chocolate Premium Baking Bar","Ghirardelli Chocolate 60% Cacao Bittersweet Chocolate Premium Baking Bar","2.79","0.0","","4 oz","4 oz","2346.jpg",,"8"
"6841","Cooking Needs","Baking & Cooking","Baking Ingredients","Ghirardelli Chocolate","Ghirardelli Chocolate Baking Chips 60% Cacao Bittersweet","Ghirardelli Chocolate Baking Chips 60% Cacao Bittersweet","4.19","0.0","","10 oz","10 oz","2342.jpg",,"8"
"6842","Cooking Needs","Baking & Cooking","Baking Ingredients","Ghirardelli Chocolate","Ghirardelli Chocolate Baking Chips Classic White","Ghirardelli Chocolate Baking Chips Classic White","3.69","0.0","","11 oz","11 oz","2340.jpg",,"8"
"6843","Cooking Needs","Baking & Cooking","Baking Ingredients","Ghirardelli Chocolate","Ghirardelli Chocolate Baking Chips Semi Sweet Chocolate","Ghirardelli Chocolate Baking Chips Semi Sweet Chocolate","3.69","0.0","","12 oz","12 oz","2341.jpg",,"8"
"6844","Cooking Needs","Baking & Cooking","Baking Ingredients","Ghirardelli Chocolate","Ghirardelli Chocolate Chocolate Premium Baking Bar 100% Cacao Unsweetened Chocolate","Ghirardelli Chocolate Chocolate Premium Baking Bar 100% Cacao Unsweetened Chocolate","2.79","0.0","","4 oz","4 oz","2345.jpg",,"3"
"6845","Cooking Needs","Baking & Cooking","Baking Ingredients","Ghirardelli Chocolate","Ghirardelli Chocolate Chocolate Premium Baking Bar Semi Sweet Chocolate","Ghirardelli Chocolate Chocolate Premium Baking Bar Semi Sweet Chocolate","2.79","0.0","","4 oz","4 oz","2339.jpg",,"8"
"6846","Cooking Needs","Baking & Cooking","Baking Ingredients","Ghirardelli Chocolate","Ghirardelli Chocolate Mini Baking Chips Semi Sweet Chocolate","Ghirardelli Chocolate Mini Baking Chips Semi Sweet Chocolate","3.69","0.0","","10 oz","10 oz","2343.jpg",,"8"
"6847","Cooking Needs","Baking & Cooking","Baking Ingredients","Gold Medal","Gold Medal Self Rising Flour","Gold Medal Self Rising Flour","4.29","0.0","","5 lb","5 lb","17971.jpg",,"8"
"6848","Cooking Needs","Baking & Cooking","Baking Ingredients","Gold Medal","Gold Medal Unbleached All Purpose Flour","Gold Medal Unbleached All Purpose Flour","3.09","0.0","","5 lb","5 lb","2363.jpg",,"8"
"6849","Cooking Needs","Baking & Cooking","Baking Ingredients","Gold Medal","Gold Medal Wondra Quick Mixing Flour","Gold Medal Wondra Quick Mixing Flour","2.99","0.0","","13.5 oz","13.5 oz","2364.jpg",,"8"
"6850","Cooking Needs","Baking & Cooking","Baking Ingredients","Goya","Goya Bulgur Wheat","Goya Bulgur Wheat","2.69","0.0","","24 oz","24 oz","2352.jpg",,"8"
"6851","Cooking Needs","Baking & Cooking","Baking Ingredients","Goya","Goya Coarse Yellow Corn Meal","Goya Coarse Yellow Corn Meal","1.99","0.0","","24 oz","24 oz","2353.jpg",,"8"
"6852","Cooking Needs","Baking & Cooking","Baking Ingredients","Goya","Goya Corn Meal Fine Yellow","Goya Corn Meal Fine Yellow","1.99","0.0","","24 oz","24 oz","2350.jpg",,"8"
"6853","Cooking Needs","Baking & Cooking","Baking Ingredients","Goya","Goya Enriched Flour Rice","Goya Enriched Flour Rice","3.09","0.0","","24 oz","24 oz","2348.jpg",,"7"
"6854","Cooking Needs","Baking & Cooking","Baking Ingredients","Goya","Goya Manioc Starch, Tapioca","Goya Manioc Starch, Tapioca","4.59","0.0","","24 oz","24 oz","2347.jpg",,"8"
"6855","Cooking Needs","Baking & Cooking","Baking Ingredients","Goya","Goya White Corn Meal Masarepa","Goya White Corn Meal Masarepa","3.09","0.0","","24 oz","24 oz","2349.jpg",,"8"
"6856","Cooking Needs","Baking & Cooking","Baking Ingredients","Grandma's","Grandma's Molasses Original","Grandma's Molasses Original","3.29","0.0","","12 fl oz","12 fl oz","15698.jpg",,"8"
"6857","Cooking Needs","Baking & Cooking","Baking Ingredients","Heath Milk Chocolate","Heath Milk Chocolate Toffee Bits","Heath Milk Chocolate Toffee Bits","4.09","0.0","","8 oz","8 oz","15703.jpg",,"8"
"6858","Cooking Needs","Baking & Cooking","Baking Ingredients","Hershey's","Hershey's Chocolate Syrup","Hershey's Chocolate Syrup","2.09","0.0","","16 oz","16 oz","15675.jpg",,"8"
"6859","Cooking Needs","Baking & Cooking","Baking Ingredients","Hershey's","Hershey's Cocoa Special Dark","Hershey's Cocoa Special Dark","4.09","0.0","","8 oz","8 oz","2373.jpg",,"8"
"6860","Cooking Needs","Baking & Cooking","Baking Ingredients","Hershey's","Hershey's Milk Chocolate Chips","Hershey's Milk Chocolate Chips","2.49","0.0","","11.5 oz","11.5 oz","2372.jpg",,"8"
"6861","Cooking Needs","Baking & Cooking","Baking Ingredients","Hershey's","Hershey's Semi Sweet Chocolate Chips","Hershey's Semi Sweet Chocolate Chips","3.49","0.0","","12 oz","12 oz","2374.jpg",,"8"
"6862","Cooking Needs","Baking & Cooking","Baking Ingredients","Hershey's","Hershey's Special Dark Mildly Sweet Chocolate Chips","Hershey's Special Dark Mildly Sweet Chocolate Chips","2.79","0.0","","12 oz","12 oz","2371.jpg",,"8"
"6863","Cooking Needs","Baking & Cooking","Baking Ingredients","Hershey's","Hershey's. Natural Unsweetened Cocoa","Hershey's. Natural Unsweetened Cocoa","4.09","0.0","","8 oz","8 oz","15692.jpg",,"8"
"6864","Cooking Needs","Baking & Cooking","Baking Ingredients","Hodgson Mill","Hodgson Mill Corn Starch","Hodgson Mill Corn Starch","1.89","0.0","","16 oz","16 oz","15673.jpg",,"8"
"6865","Cooking Needs","Baking & Cooking","Baking Ingredients","Indian Head","Indian Head Stone Ground Yellow Corn Meal","Indian Head Stone Ground Yellow Corn Meal","1.49","0.0","","32 oz","32 oz","15742.jpg",,"8"
"6866","Cooking Needs","Baking & Cooking","Baking Ingredients","Joy","Baker's Joy The Original No Stick W/Flour Baking Spray","Baker's Joy The Original No Stick W/Flour Baking Spray","3.09","0.0","","5 oz","5 oz","15732.jpg",,"2"
"6867","Cooking Needs","Baking & Cooking","Baking Ingredients","Karo","Karo Dark Corn Syrup","Karo Dark Corn Syrup","3.09","0.0","","16 oz","16 oz","15743.jpg",,"3"
"6868","Cooking Needs","Baking & Cooking","Baking Ingredients","Keebler","Keebler Graham Cracker Crumbs Original","Keebler Graham Cracker Crumbs Original","3.29","0.0","","13.5 oz","13.5 oz","15724.jpg",,"8"
"6869","Cooking Needs","Baking & Cooking","Baking Ingredients","King Arthur Flour","King Arthur Flour All Purpose Flour Gluten Free","King Arthur Flour All Purpose Flour Gluten Free","5.29","0.0","","24 oz","24 oz","2327.jpg",,"8"
"6870","Cooking Needs","Baking & Cooking","Baking Ingredients","Libby's","Libby's 100% Pure Pumpkin","Libby's 100% Pure Pumpkin","2.19","0.0","","15 oz","15 oz","15689.jpg",,"8"
"6871","Cooking Needs","Baking & Cooking","Baking Ingredients","Libby's","Libby's Easy Pumpkin Pie Mix Pumpkin Pie Mix","Libby's Easy Pumpkin Pie Mix Pumpkin Pie Mix","3.69","0.0","","30 oz","30 oz","15707.jpg",,"8"
"6872","Cooking Needs","Baking & Cooking","Baking Ingredients","Market Basket","Market Basket Baking Cocoa","Market Basket Baking Cocoa","2.79","0.0","","8 oz","8 oz","Market Basket.jpg",,"8"
"6873","Cooking Needs","Baking & Cooking","Baking Ingredients","Market Basket","Market Basket Baking Soda","Market Basket Baking Soda","0.69","0.0","","16 oz","16 oz","Market Basket.jpg",,"8"
"6874","Cooking Needs","Baking & Cooking","Baking Ingredients","Market Basket","Market Basket Baking Soda","Market Basket Baking Soda","2.49","0.0","","64 oz","64 oz","Market Basket.jpg",,"8"
"6875","Cooking Needs","Baking & Cooking","Baking Ingredients","Market Basket","Market Basket Brand Equal Sweetener","Market Basket Brand Equal Sweetener","1.89","0.0","","3.52 oz","3.52 oz","Market Basket.jpg",,"8"
"6876","Cooking Needs","Baking & Cooking","Baking Ingredients","Market Basket","Market Basket Butter Flavor Cooking Spray","Market Basket Butter Flavor Cooking Spray","2.09","0.0","","6 oz","6 oz","Market Basket.jpg",,"8"
"6877","Cooking Needs","Baking & Cooking","Baking Ingredients","Market Basket","Market Basket Cooking Spray","Market Basket Cooking Spray","2.09","0.0","","6 oz","6 oz","Market Basket.jpg",,"2"
"6878","Cooking Needs","Baking & Cooking","Baking Ingredients","Market Basket","Market Basket Corn Starch","Market Basket Corn Starch","1.29","0.0","","16 oz","16 oz","Market Basket.jpg",,"8"
"6879","Cooking Needs","Baking & Cooking","Baking Ingredients","Market Basket","Market Basket Cotton Swabs","Market Basket Cotton Swabs","2.49","0.0","","375 count","375 count","Market Basket.jpg",,"8"
"6880","Cooking Needs","Baking & Cooking","Baking Ingredients","Market Basket","Market Basket Dark Brown Sugar","Market Basket Dark Brown Sugar","1.89","0.0","","32 oz","32 oz","Market Basket.jpg",,"8"
"6881","Cooking Needs","Baking & Cooking","Baking Ingredients","Market Basket","Market Basket Golden Breadcrumbs","Market Basket Golden Breadcrumbs","1.59","0.0","","24 oz","24 oz","Market Basket.jpg",,"1"
"6882","Cooking Needs","Baking & Cooking","Baking Ingredients","Market Basket","Market Basket Light Brown Sugar","Market Basket Light Brown Sugar","2.19","0.0","","32 oz","32 oz","Market Basket.jpg",,"8"
"6883","Cooking Needs","Baking & Cooking","Baking Ingredients","Market Basket","Market Basket Marshmallows","Market Basket Marshmallows","1.29","0.0","","10 oz","10 oz","Market Basket.jpg",,"3"
"6884","Cooking Needs","Baking & Cooking","Baking Ingredients","Market Basket","Market Basket Milk Chocolate Chips","Market Basket Milk Chocolate Chips","2.79","0.0","","12 oz","12 oz","2292.jpg",,"8"
"6885","Cooking Needs","Baking & Cooking","Baking Ingredients","Market Basket","Market Basket Powdered Sugar","Market Basket Powdered Sugar","1.89","0.0","","32 oz","32 oz","Market Basket.jpg",,"8"
"6886","Cooking Needs","Baking & Cooking","Baking Ingredients","Market Basket","Market Basket Pumpkin Pie","Market Basket Pumpkin Pie","6.69","0.0","","8 oz","8 oz","Market Basket.jpg",,"8"
"6887","Cooking Needs","Baking & Cooking","Baking Ingredients","Market Basket","Market Basket Pure Cane Granulated Sugar","Market Basket Pure Cane Granulated Sugar","2.19","0.0","","32 oz","32 oz","Market Basket.jpg",,"8"
"6888","Cooking Needs","Baking & Cooking","Baking Ingredients","Market Basket","Market Basket Pure Granulated Sugar","Market Basket Pure Granulated Sugar","2.49","0.0","","5 lb","5 lb","Market Basket.jpg",,"8"
"6889","Cooking Needs","Baking & Cooking","Baking Ingredients","Market Basket","Market Basket Semi Sweet Chocolate Chips","Market Basket Semi Sweet Chocolate Chips","2.79","0.0","","12 oz","12 oz","Market Basket.jpg",,"8"
"6890","Cooking Needs","Baking & Cooking","Baking Ingredients","Market Basket","Market Basket Shredded Coconut","Market Basket Shredded Coconut","1.29","0.0","","7 oz","7 oz","Market Basket.jpg",,"8"
"6891","Cooking Needs","Baking & Cooking","Baking Ingredients","Market Basket","Market Basket Shredded Coconut","Market Basket Shredded Coconut","2.39","0.0","","14 oz","14 oz","Market Basket.jpg",,"8"
"6892","Cooking Needs","Baking & Cooking","Baking Ingredients","Market Basket","Market Basket Sugar","Market Basket Sugar","2.49","0.0","","4 lb","4 lb","Market Basket.jpg",,"8"
"6893","Cooking Needs","Baking & Cooking","Baking Ingredients","Market Basket","Market Basket Sweetened Condensed Milk","Market Basket Sweetened Condensed Milk","2.19","0.0","","14 oz","14 oz","Market Basket.jpg",,"8"
"6894","Cooking Needs","Baking & Cooking","Baking Ingredients","Maseca","Maseca Instant Corn Masa Flour","Maseca Instant Corn Masa Flour","3.69","0.0","","4.4 lb","4.4 lb","15723.jpg",,"8"
"6895","Cooking Needs","Baking & Cooking","Baking Ingredients","McCormick","McCormick Pure Lemon Extract","McCormick Pure Lemon Extract","3.69","0.0","","2 fl oz","2 fl oz","15734.jpg",,"8"
"6896","Cooking Needs","Baking & Cooking","Baking Ingredients","Nielsen Massey","Nielsen Massey Pure Vanilla Extract","Nielsen Massey Pure Vanilla Extract","18.29","0.0","","8 oz","8 oz","No Image.jpg",,"8"
"6897","Cooking Needs","Baking & Cooking","Baking Ingredients","Onofrio's","Onofrio's Harvest Medley","Onofrio's Harvest Medley","4.89","0.0","","16 oz","16 oz","No Image.jpg",,"8"
"6898","Cooking Needs","Baking & Cooking","Baking Ingredients","Oreo","Nabisco Oreo Pie Crust","Nabisco Oreo Pie Crust","2.49","0.0","","6 oz","6 oz","15709.jpg",,"8"
"6899","Cooking Needs","Baking & Cooking","Baking Ingredients","Pam","Pam Organic Canola Cooking Spray","Pam Organic Canola Cooking Spray","4.39","0.0","","5 oz","5 oz","15676.jpg",,"8"
"6900","Cooking Needs","Baking & Cooking","Baking Ingredients","Pam","Pam Original Cooking Spray","Pam Original Cooking Spray","3.89","0.0","","8 oz","8 oz","15683.jpg",,"2"
"6901","Cooking Needs","Baking & Cooking","Baking Ingredients","Pam","Pam Vegetable Cooking Spray","Pam Vegetable Cooking Spray","3.69","0.0","","6 oz","6 oz","15704.jpg",,"2"
"6902","Cooking Needs","Baking & Cooking","Baking Ingredients","PAN","P.a.n. 100% White Corn Instant Dough Pre Cooked White Maize Meal","P.a.n. 100% White Corn Instant Dough Pre Cooked White Maize Meal","2.99","0.0","","35.27 oz","35.27 oz","15720.jpg",,"8"
"6903","Cooking Needs","Baking & Cooking","Baking Ingredients","Pillsbury","Pillsbury Softasilk Cake Flour","Pillsbury Softasilk Cake Flour","3.29","0.0","","32 oz","32 oz","15722.jpg",,"8"
"6904","Cooking Needs","Baking & Cooking","Baking Ingredients","Pure Via","Pure Via Stevia Zero Calorie Sweetener","Pure Via Stevia Zero Calorie Sweetener","2.49","0.0","","40 count","40 count","15699.jpg",,"8"
"6905","Cooking Needs","Baking & Cooking","Baking Ingredients","Quaker","Quaker Corn Meal White","Quaker Corn Meal White","2.09","0.0","","24 oz","24 oz","15733.jpg",,"8"
"6906","Cooking Needs","Baking & Cooking","Baking Ingredients","Quaker","Quaker Yellow Cornmeal","Quaker Yellow Cornmeal","2.49","0.0","","24 oz","24 oz","15714.jpg",,"8"
"6907","Cooking Needs","Baking & Cooking","Baking Ingredients","Saco Pantry","Saco Pantry Cultured Buttermilk Blend","Saco Pantry Cultured Buttermilk Blend","4.59","0.0","","12 oz","12 oz","15729.jpg",,"8"
"6908","Cooking Needs","Baking & Cooking","Baking Ingredients","South Georgia Pecan Co.","South Georgia Pecan Co. Pecan Pieces","South Georgia Pecan Co. Pecan Pieces","5.49","0.0","","8 oz","8 oz","No Image.jpg",,"8"
"6909","Cooking Needs","Baking & Cooking","Baking Ingredients","South Georgia Pecan Co.","South Georgia Pecan Halves, Bag","South Georgia Pecan Halves, Bag","5.49","0.0","","8 oz","8 oz","No Image.jpg",,"8"
"6910","Cooking Needs","Baking & Cooking","Baking Ingredients","Spectrum","Spectrum Organic All Vegetable Shortening Non Hydrogenated","Spectrum Organic All Vegetable Shortening Non Hydrogenated","7.39","0.0","","24 oz","24 oz","15728.jpg",,"8"
"6911","Cooking Needs","Baking & Cooking","Baking Ingredients","Splenda","Splenda Brown Sugar Blend","Splenda Brown Sugar Blend","5.29","0.0","","16 oz","16 oz","15686.jpg",,"8"
"6912","Cooking Needs","Baking & Cooking","Baking Ingredients","Splenda","Splenda Granulated No Calorie Sweetener","Splenda Granulated No Calorie Sweetener","8.29","0.0","","9.7 oz","9.7 oz","15671.jpg",,"8"
"6913","Cooking Needs","Baking & Cooking","Baking Ingredients","Splenda","Splenda No Calorie Sweetener Individual Packets","Splenda No Calorie Sweetener Individual Packets","8.59","0.0","","200 count","200 count","15684.jpg",,"8"
"6914","Cooking Needs","Baking & Cooking","Baking Ingredients","Splenda","Splenda No Calorie Sweetener Individual Packets","Splenda No Calorie Sweetener Individual Packets","4.29","0.0","","50 count","50 count","15680.jpg",,"8"
"6915","Cooking Needs","Baking & Cooking","Baking Ingredients","Stevia in the Raw","Stevia in the Raw Zero Calorie Sweetener","Stevia in the Raw Zero Calorie Sweetener","6.09","0.0","","50 count","50 count","15727.jpg",,"8"
"6916","Cooking Needs","Baking & Cooking","Baking Ingredients","Stevia in the Raw","Stevia In The Raw Zero Calorie Sweetener","Stevia In The Raw Zero Calorie Sweetener","8.09","0.0","","9.7 oz","9.7 oz","15737.jpg",,"8"
"6917","Cooking Needs","Baking & Cooking","Baking Ingredients","Sugar In The Raw","Sugar In The Raw Turbinado Cane Sugar","Sugar In The Raw Turbinado Cane Sugar","4.29","0.0","","32 oz","32 oz","15693.jpg",,"8"
"6918","Cooking Needs","Baking & Cooking","Baking Ingredients","Sugar In The Raw","Sugar In The Raw Turbinado Cane Sugar","Sugar In The Raw Turbinado Cane Sugar","4.89","0.0","","100 count","100 count","15744.jpg",,"8"
"6919","Cooking Needs","Baking & Cooking","Baking Ingredients","Sweet 'N Low","Sweet 'N Low Zero Calorie Sweetener","Sweet 'N Low Zero Calorie Sweetener","4.29","0.0","","10.5 oz","10.5 oz","15717.jpg",,"8"
"6920","Cooking Needs","Baking & Cooking","Baking Ingredients","Sweet 'N Low","Sweet'N Low Zero Calorie Sweetener","Sweet'N Low Zero Calorie Sweetener","1.89","0.0","","100 count","100 count","15688.jpg",,"8"
"6921","Cooking Needs","Baking & Cooking","Baking Ingredients","Sweet 'N Low","Sweet'N Low Zero Calorie Sweetener","Sweet'N Low Zero Calorie Sweetener","4.29","0.0","","250 count","250 count","15706.jpg",,"8"
"6922","Cooking Needs","Baking & Cooking","Baking Ingredients","Toll House","Toll House Butterscotch Morsels","Toll House Butterscotch Morsels","3.69","0.0","","11 oz","11 oz","2356.jpg",,"8"
"6923","Cooking Needs","Baking & Cooking","Baking Ingredients","Toll House","Toll House Milk Chocolate Morsels","Toll House Milk Chocolate Morsels","2.49","0.0","","11.5 oz","11.5 oz","2354.jpg",,"8"
"6924","Cooking Needs","Baking & Cooking","Baking Ingredients","Toll House","Toll House Premier White Morsels","Toll House Premier White Morsels","3.09","0.0","","12 oz","12 oz","2359.jpg",,"8"
"6925","Cooking Needs","Baking & Cooking","Baking Ingredients","Toll House","Toll House Real Semi Sweet Chocolate Morsels","Toll House Real Semi Sweet Chocolate Morsels","3.69","0.0","","12 oz","12 oz","2358.jpg",,"8"
"6926","Cooking Needs","Baking & Cooking","Baking Ingredients","Toll House","Toll House Semi Sweet Chocolate Chunks","Toll House Semi Sweet Chocolate Chunks","3.69","0.0","","11.5 oz","11.5 oz","2357.jpg",,"8"
"6927","Cooking Needs","Baking & Cooking","Baking Ingredients","Toll House","Toll House Semi Sweet Chocolate Mini Morsels","Toll House Semi Sweet Chocolate Mini Morsels","3.69","0.0","","12 oz","12 oz","2355.jpg",,"8"
"6928","Cooking Needs","Baking & Cooking","Baking Ingredients","Toll House","Toll House Semi Sweet Morsels","Toll House Semi Sweet Morsels","7.09","0.0","","24 oz","24 oz","2360.jpg",,"8"
"6929","Cooking Needs","Baking & Cooking","Baking Ingredients","Truvia","Truvia Natural Sweetener","Truvia Natural Sweetener","7.39","0.0","","9.8 oz","9.8 oz","15679.jpg",,"8"
"6930","Cooking Needs","Baking & Cooking","Baking Ingredients","Truvia","Truvia Naturally Sweet Sweetener","Truvia Naturally Sweet Sweetener","7.39","0.0","","80 x 0.105 oz","80 x 0.105 oz","15685.jpg",,"8"
"6931","Cooking Needs","Baking & Cooking","Baking Ingredients","Truvia","Truvia Naturally Sweet Sweetener","Truvia Naturally Sweet Sweetener","13.49","0.0","","140 x 3 g","140 x 3 g","15672.jpg",,"8"
"6932","Cooking Needs","Baking & Cooking","Baking Ingredients","Whole Earth","Whole Earth Sweetener Co. Nature Sweet Packets","Whole Earth Sweetener Co. Nature Sweet Packets","3.49","0.0","","40 count","40 count","15741.jpg",,"8"
"6933","Cooking Needs","Baking & Cooking","Doughs, Gelatins & Bake Mixes","Bell's Stuffing","Bell's Stuffing, Traditional, Box","Bell's Stuffing, Traditional, Box","2.49","0.0","","14 oz","14 oz","15619.jpg",,"8"
"6934","Cooking Needs","Baking & Cooking","Doughs, Gelatins & Bake Mixes","Betty Crocker","Betty Crocker Chocolate Chip Cookie Mix","Betty Crocker Chocolate Chip Cookie Mix","2.49","0.0","","17.5 oz","17.5 oz","2080.jpg",,"8"
"6935","Cooking Needs","Baking & Cooking","Doughs, Gelatins & Bake Mixes","Betty Crocker","Betty Crocker Cornbread and Muffin Mix","Betty Crocker Cornbread and Muffin Mix","0.69","0.0","","6.5 oz","6.5 oz","2087.jpg",,"8"
"6936","Cooking Needs","Baking & Cooking","Doughs, Gelatins & Bake Mixes","Betty Crocker","Betty Crocker Dark Chocolate Brownie Mix Family Size","Betty Crocker Dark Chocolate Brownie Mix Family Size","1.99","0.0","","19.9 oz","19.9 oz","2081.jpg",,"8"
"6937","Cooking Needs","Baking & Cooking","Doughs, Gelatins & Bake Mixes","Betty Crocker","Betty Crocker Fudge Brownie Mix, Family Size","Betty Crocker Fudge Brownie Mix, Family Size","1.99","0.0","","18.3 oz","18.3 oz","2075.jpg",,"8"
"6938","Cooking Needs","Baking & Cooking","Doughs, Gelatins & Bake Mixes","Betty Crocker","Betty Crocker Gingerbread Cake and Cookie Mix","Betty Crocker Gingerbread Cake and Cookie Mix","3.09","0.0","","14.5 oz","14.5 oz","2084.jpg",,"8"
"6939","Cooking Needs","Baking & Cooking","Doughs, Gelatins & Bake Mixes","Betty Crocker","Betty Crocker Milk Chocolate Brownie Mix Family Size","Betty Crocker Milk Chocolate Brownie Mix Family Size","1.29","0.0","","18.4 oz","18.4 oz","2074.jpg",,"8"
"6940","Cooking Needs","Baking & Cooking","Doughs, Gelatins & Bake Mixes","Betty Crocker","Betty Crocker Peanut Butter Cookie Mix","Betty Crocker Peanut Butter Cookie Mix","2.49","0.0","","17.5 oz","17.5 oz","2079.jpg",,"8"
"6941","Cooking Needs","Baking & Cooking","Doughs, Gelatins & Bake Mixes","Betty Crocker","Betty Crocker Super Moist Angel Food Cake Mix","Betty Crocker Super Moist Angel Food Cake Mix","2.99","0.0","","16 oz","16 oz","2083.jpg",,"8"
"6942","Cooking Needs","Baking & Cooking","Doughs, Gelatins & Bake Mixes","Betty Crocker","Betty Crocker Super Moist Butter Recipe Yellow Cake Mix","Betty Crocker Super Moist Butter Recipe Yellow Cake Mix","1.89","0.0","","15.25 oz","15.25 oz","2086.jpg",,"8"
"6943","Cooking Needs","Baking & Cooking","Doughs, Gelatins & Bake Mixes","Betty Crocker","Betty Crocker Super Moist Carrot Cake Mix","Betty Crocker Super Moist Carrot Cake Mix","1.89","0.0","","15.25 oz","15.25 oz","2082.jpg",,"8"
"6944","Cooking Needs","Baking & Cooking","Doughs, Gelatins & Bake Mixes","Betty Crocker","Betty Crocker Super Moist Devil's Food Cake Mix","Betty Crocker Super Moist Devil's Food Cake Mix","1.49","0.0","","15.25 oz","15.25 oz","2077.jpg",,"8"
"6945","Cooking Needs","Baking & Cooking","Doughs, Gelatins & Bake Mixes","Betty Crocker","Betty Crocker Super Moist Yellow Cake Mix","Betty Crocker Super Moist Yellow Cake Mix","1.89","0.0","","15.25 oz","15.25 oz","2078.jpg",,"8"
"6946","Cooking Needs","Baking & Cooking","Doughs, Gelatins & Bake Mixes","Betty Crocker","Betty Crocker Wild Blueberry Muffin and Quick Bread Mix","Betty Crocker Wild Blueberry Muffin and Quick Bread Mix","4.89","0.0","","16.9 oz","16.9 oz","2085.jpg",,"8"
"6947","Cooking Needs","Baking & Cooking","Doughs, Gelatins & Bake Mixes","Bob's Red Mill","Bob's Red Mill Organic Coconut Sugar","Bob's Red Mill Organic Coconut Sugar","5.49","0.0","","16 oz","16 oz","15615.jpg",,"8"
"6948","Cooking Needs","Baking & Cooking","Doughs, Gelatins & Bake Mixes","Concord Foods","Concord Foods Apple Crisp","Concord Foods Apple Crisp","1.49","0.0","","8.5 oz","8.5 oz","15618.jpg",,"22"
"6949","Cooking Needs","Baking & Cooking","Doughs, Gelatins & Bake Mixes","Duncan Hines","Duncan Hines Chewy Fudge Brownies Mix","Duncan Hines Chewy Fudge Brownies Mix","1.89","0.0","","18.3 oz","18.3 oz","2088.jpg",,"8"
"6950","Cooking Needs","Baking & Cooking","Doughs, Gelatins & Bake Mixes","Duncan Hines","Duncan Hines Classic Butter Golden Deliciously Moist Cake Mix","Duncan Hines Classic Butter Golden Deliciously Moist Cake Mix","1.89","0.0","","16.5 oz","16.5 oz","2096.jpg",,"8"
"6951","Cooking Needs","Baking & Cooking","Doughs, Gelatins & Bake Mixes","Duncan Hines","Duncan Hines Classic Dark Chocolate Fudge Cake Mix","Duncan Hines Classic Dark Chocolate Fudge Cake Mix","1.89","0.0","","15.25 oz","15.25 oz","2091.jpg",,"8"
"6952","Cooking Needs","Baking & Cooking","Doughs, Gelatins & Bake Mixes","Duncan Hines","Duncan Hines Classic Devil's Food Cake Mix","Duncan Hines Classic Devil's Food Cake Mix","1.29","0.0","","15.25 oz","15.25 oz","2094.jpg",,"8"
"6953","Cooking Needs","Baking & Cooking","Doughs, Gelatins & Bake Mixes","Duncan Hines","Duncan Hines Classic White Cake Mix","Duncan Hines Classic White Cake Mix","1.89","0.0","","15.25 oz","15.25 oz","2093.jpg",,"8"
"6954","Cooking Needs","Baking & Cooking","Doughs, Gelatins & Bake Mixes","Duncan Hines","Duncan Hines Classic Yellow Cake Mix","Duncan Hines Classic Yellow Cake Mix","1.89","0.0","","16.5 oz","16.5 oz","2098.jpg",,"8"
"6955","Cooking Needs","Baking & Cooking","Doughs, Gelatins & Bake Mixes","Duncan Hines","Duncan Hines Dark Chocolate Fudge Brownies Mix","Duncan Hines Dark Chocolate Fudge Brownies Mix","2.19","0.0","","18.2 oz","18.2 oz","2090.jpg",,"8"
"6956","Cooking Needs","Baking & Cooking","Doughs, Gelatins & Bake Mixes","Duncan Hines","Duncan Hines Perfect Size For 1 Chocolate Lover's Cake","Duncan Hines Perfect Size For 1 Chocolate Lover's Cake","3.09","0.0","","4 x 2.5oz","4 x 2.5oz","2089.jpg",,"8"
"6957","Cooking Needs","Baking & Cooking","Doughs, Gelatins & Bake Mixes","Duncan Hines","Duncan Hines Pie Filling & Topping, Blueberry","Duncan Hines Pie Filling & Topping, Blueberry","3.09","0.0","","21 oz","21 oz","2092.jpg",,"8"
"6958","Cooking Needs","Baking & Cooking","Doughs, Gelatins & Bake Mixes","Duncan Hines","Duncan Hines Signature Fudge Marble Cake Mix","Duncan Hines Signature Fudge Marble Cake Mix","2.09","0.0","","16.5 oz","16.5 oz","2097.jpg",,"8"
"6959","Cooking Needs","Baking & Cooking","Doughs, Gelatins & Bake Mixes","Duncan Hines","Duncan Hines Signature Spice Cake Cake Mix","Duncan Hines Signature Spice Cake Cake Mix","1.89","0.0","","16.5 oz","16.5 oz","2095.jpg",,"8"
"6960","Cooking Needs","Baking & Cooking","Doughs, Gelatins & Bake Mixes","Shake 'N Bake","Shake 'N Bake Extra Crispy Seasoned Coating Mix","Shake 'N Bake Extra Crispy Seasoned Coating Mix","2.49","0.0","","5 oz","5 oz","15612.jpg",,"1"
"6961","Cooking Needs","Baking & Cooking","Doughs, Gelatins & Bake Mixes","Ghirardelli Chocolate","Ghirardelli Chocolate Chocolate Dark Chocolate Premium Brownie Mix","Ghirardelli Chocolate Chocolate Dark Chocolate Premium Brownie Mix","2.79","0.0","","20 oz","20 oz","15614.jpg",,"8"
"6962","Cooking Needs","Baking & Cooking","Doughs, Gelatins & Bake Mixes","Golden Cannoli","Golden Cannoli Powdered Chips","Golden Cannoli Powdered Chips","3.69","0.0","","9.24 oz","9.24 oz","15621.jpg",,"8"
"6963","Cooking Needs","Baking & Cooking","Doughs, Gelatins & Bake Mixes","Hodgson Mill","Hodgson Mill Muffin Mix Stone Ground Cornbread","Hodgson Mill Muffin Mix Stone Ground Cornbread","2.09","0.0","","7.5 oz","7.5 oz","15616.jpg",,"8"
"6964","Cooking Needs","Baking & Cooking","Doughs, Gelatins & Bake Mixes","Honey Maid","Honey Maid Graham Cracker Crust","Honey Maid Graham Cracker Crust","2.49","0.0","","6 oz","6 oz","15620.jpg",,"8"
"6965","Cooking Needs","Baking & Cooking","Doughs, Gelatins & Bake Mixes","Immaculate","Immaculate Bakery Baking Chocolate Chunk Cookie Dough, Gluten Free Cookies, Non GMO, Bakes 12 Cookies","Immaculate Bakery Baking Chocolate Chunk Cookie Dough, Gluten Free Cookies, Non GMO, Bakes 12 Cookies","4.29","0.0","","14 oz","14 oz","15617.jpg",,"8"
"6966","Cooking Needs","Baking & Cooking","Doughs, Gelatins & Bake Mixes","Jell-O","Jell O Banana Cream Instant Pudding Mix Mix","Jell O Banana Cream Instant Pudding Mix Mix","1.09","0.0","","3.4 oz","3.4 oz","2062.jpg",,"8"
"6967","Cooking Needs","Baking & Cooking","Doughs, Gelatins & Bake Mixes","Jell-O","Jell O Berry Blue Gelatin Mix","Jell O Berry Blue Gelatin Mix","1.09","0.0","","3 oz","3 oz","2055.jpg",,"8"
"6968","Cooking Needs","Baking & Cooking","Doughs, Gelatins & Bake Mixes","Jell-O","Jell O Cherry Sugar Free Low Calorie Gelatin Dessert Mix","Jell O Cherry Sugar Free Low Calorie Gelatin Dessert Mix","0.99","0.0","","0.3 oz","0.3 oz","2070.jpg",,"8"
"6969","Cooking Needs","Baking & Cooking","Doughs, Gelatins & Bake Mixes","Jell-O","Jell o Chocolate Fudge Instant Pudding & Pie Filling Mix","Jell o Chocolate Fudge Instant Pudding & Pie Filling Mix","0.79","0.0","","3.9 oz","3.9 oz","2069.jpg",,"8"
"6970","Cooking Needs","Baking & Cooking","Doughs, Gelatins & Bake Mixes","Jell-O","Jell O Chocolate Instant Pudding Mix","Jell O Chocolate Instant Pudding Mix","1.09","0.0","","3.9 oz","3.9 oz","2050.jpg",,"8"
"6971","Cooking Needs","Baking & Cooking","Doughs, Gelatins & Bake Mixes","Jell-O","Jell O Cook & Serve Chocolate Pudding & Pie Filling Mix","Jell O Cook & Serve Chocolate Pudding & Pie Filling Mix","1.09","0.0","","3.4 oz","3.4 oz","2046.jpg",,"8"
"6972","Cooking Needs","Baking & Cooking","Doughs, Gelatins & Bake Mixes","Jell-O","Jell o Cook & Serve Fat Free Tapioca Pudding & Pie Filling Mix","Jell o Cook & Serve Fat Free Tapioca Pudding & Pie Filling Mix","1.59","0.0","","3 oz","3 oz","2053.jpg",,"8"
"6973","Cooking Needs","Baking & Cooking","Doughs, Gelatins & Bake Mixes","Jell-O","Jell o Instant Devil's Food Pudding & Pie Filling Mix","Jell o Instant Devil's Food Pudding & Pie Filling Mix","1.09","0.0","","3.8 oz","3.8 oz","2048.jpg",,"8"
"6974","Cooking Needs","Baking & Cooking","Doughs, Gelatins & Bake Mixes","Jell-O","Jell O Lemon Instant Gelatin Mix","Jell O Lemon Instant Gelatin Mix","1.59","0.0","","3 oz","3 oz","2049.jpg",,"8"
"6975","Cooking Needs","Baking & Cooking","Doughs, Gelatins & Bake Mixes","Jell-O","Jell O Lemon Instant Pudding & Pie Filling Mix","Jell O Lemon Instant Pudding & Pie Filling Mix","1.09","0.0","","3.4 oz","3.4 oz","2061.jpg",,"8"
"6976","Cooking Needs","Baking & Cooking","Doughs, Gelatins & Bake Mixes","Jell-O","Jell O Lime Gelatin Dessert Mix","Jell O Lime Gelatin Dessert Mix","1.09","0.0","","3 oz","3 oz","2051.jpg",,"8"
"6977","Cooking Needs","Baking & Cooking","Doughs, Gelatins & Bake Mixes","Jell-O","Jell O Orange Gelatin Mix","Jell O Orange Gelatin Mix","1.09","0.0","","3 oz","3 oz","2057.jpg",,"8"
"6978","Cooking Needs","Baking & Cooking","Doughs, Gelatins & Bake Mixes","Jell-O","Jell O Pistachio Instant Pudding Mix","Jell O Pistachio Instant Pudding Mix","1.09","0.0","","3.4 oz","3.4 oz","2052.jpg",,"8"
"6979","Cooking Needs","Baking & Cooking","Doughs, Gelatins & Bake Mixes","Jell-O","Jell O Pistachio Instant Reduced Calorie Pudding & Pie Filling Mix","Jell O Pistachio Instant Reduced Calorie Pudding & Pie Filling Mix","1.09","0.0","","1 oz","1 oz","2058.jpg",,"8"
"6980","Cooking Needs","Baking & Cooking","Doughs, Gelatins & Bake Mixes","Jell-O","Jell o Raspberry Instant Gelatin Mix","Jell o Raspberry Instant Gelatin Mix","1.09","0.0","","3 oz","3 oz","2060.jpg",,"8"
"6981","Cooking Needs","Baking & Cooking","Doughs, Gelatins & Bake Mixes","Jell-O","Jell O Strawberry Gelatin Mix","Jell O Strawberry Gelatin Mix","1.39","0.0","","3 oz","3 oz","2056.jpg",,"8"
"6982","Cooking Needs","Baking & Cooking","Doughs, Gelatins & Bake Mixes","Jell-O","Jell O Sugar Free Black Cherry Low Calorie Gelatin Dessert Mix","Jell O Sugar Free Black Cherry Low Calorie Gelatin Dessert Mix","1.09","0.0","","0.3 oz","0.3 oz","2073.jpg",,"8"
"6983","Cooking Needs","Baking & Cooking","Doughs, Gelatins & Bake Mixes","Jell-O","Jell O Sugar Free Chocolate Instant Pudding Mix","Jell O Sugar Free Chocolate Instant Pudding Mix","1.09","0.0","","1.4 oz","1.4 oz","2068.jpg",,"8"
"6984","Cooking Needs","Baking & Cooking","Doughs, Gelatins & Bake Mixes","Jell-O","Jell o Sugar Free Fat Free Butterscotch Instant Pudding Mix","Jell o Sugar Free Fat Free Butterscotch Instant Pudding Mix","1.09","0.0","","1 oz","1 oz","2054.jpg",,"8"
"6985","Cooking Needs","Baking & Cooking","Doughs, Gelatins & Bake Mixes","Jell-O","Jell O Sugar Free Fat Free Cheesecake Instant Reduced Calorie Pudding & Pie Filling Mix","Jell O Sugar Free Fat Free Cheesecake Instant Reduced Calorie Pudding & Pie Filling Mix","1.09","0.0","","1 oz","1 oz","2064.jpg",,"8"
"6986","Cooking Needs","Baking & Cooking","Doughs, Gelatins & Bake Mixes","Jell-O","Jell O Sugar Free Fat Free Chocolate Cook & Serve Reduced Calorie Pudding & Pie Filling Mix","Jell O Sugar Free Fat Free Chocolate Cook & Serve Reduced Calorie Pudding & Pie Filling Mix","1.09","0.0","","1.3 oz","1.3 oz","2071.jpg",,"8"
"6987","Cooking Needs","Baking & Cooking","Doughs, Gelatins & Bake Mixes","Jell-O","Jell O Sugar Free Fat Free Vanilla Instant Pudding & Pie Filling Mix","Jell O Sugar Free Fat Free Vanilla Instant Pudding & Pie Filling Mix","1.09","0.0","","1 oz","1 oz","2066.jpg",,"8"
"6988","Cooking Needs","Baking & Cooking","Doughs, Gelatins & Bake Mixes","Jell-O","Jell O Sugar Free Lemon Low Calorie Gelatin Mix","Jell O Sugar Free Lemon Low Calorie Gelatin Mix","1.09","0.0","","0.3 oz","0.3 oz","2063.jpg",,"8"
"6989","Cooking Needs","Baking & Cooking","Doughs, Gelatins & Bake Mixes","Jell-O","Jell O Sugar Free Raspberry Low Calorie Gelatin Mix","Jell O Sugar Free Raspberry Low Calorie Gelatin Mix","1.09","0.0","","0.3 oz","0.3 oz","2065.jpg",,"8"
"6990","Cooking Needs","Baking & Cooking","Doughs, Gelatins & Bake Mixes","Jell-O","Jell O Sugar Free Strawberry Instant Gelatin Mix","Jell O Sugar Free Strawberry Instant Gelatin Mix","1.09","0.0","","0.3 oz","0.3 oz","2047.jpg",,"8"
"6991","Cooking Needs","Baking & Cooking","Doughs, Gelatins & Bake Mixes","Jell-O","Jell O Vanilla Cook & Serve Pudding & Pie Filling Mix","Jell O Vanilla Cook & Serve Pudding & Pie Filling Mix","1.09","0.0","","3 oz","3 oz","2072.jpg",,"8"
"6992","Cooking Needs","Baking & Cooking","Doughs, Gelatins & Bake Mixes","Jell-O","Jell O Vanilla Instant Pudding Mix","Jell O Vanilla Instant Pudding Mix","1.09","0.0","","3.4 oz","3.4 oz","2059.jpg",,"8"
"6993","Cooking Needs","Baking & Cooking","Doughs, Gelatins & Bake Mixes","Jell-O","Jell o White Chocolate Sugar Free Fat Free Instant Pudding & Pie Filling Mix","Jell o White Chocolate Sugar Free Fat Free Instant Pudding & Pie Filling Mix","1.09","0.0","","1 oz","1 oz","2067.jpg",,"8"
"6994","Cooking Needs","Baking & Cooking","Doughs, Gelatins & Bake Mixes","Jiffy","Jiffy Apple Cinnamon Muffin Mix","Jiffy Apple Cinnamon Muffin Mix","0.89","0.0","","7 oz","7 oz","2114.jpg",,"8"
"6995","Cooking Needs","Baking & Cooking","Doughs, Gelatins & Bake Mixes","Jiffy","Jiffy Corn Muffin Mix","Jiffy Corn Muffin Mix","0.79","0.0","","8.5 oz","8.5 oz","2112.jpg",,"8"
"6996","Cooking Needs","Baking & Cooking","Doughs, Gelatins & Bake Mixes","Jiffy","Jiffy Muffin Mix Blueberry","Jiffy Muffin Mix Blueberry","0.89","0.0","","7 oz","7 oz","2113.jpg",,"8"
"6997","Cooking Needs","Baking & Cooking","Doughs, Gelatins & Bake Mixes","Krusteaz","Krusteaz Gluten Free Double Chocolate Brownie Mix","Krusteaz Gluten Free Double Chocolate Brownie Mix","3.69","0.0","","1.25 lb","1.25 lb","2117.jpg",,"8"
"6998","Cooking Needs","Baking & Cooking","Doughs, Gelatins & Bake Mixes","Krusteaz","Krusteaz Honey Cornbread & Muffin Mix","Krusteaz Honey Cornbread & Muffin Mix","2.49","0.0","","15 oz","15 oz","2116.jpg",,"8"
"6999","Cooking Needs","Baking & Cooking","Doughs, Gelatins & Bake Mixes","Krusteaz","Krusteaz Wild Blueberry Muffin Mix","Krusteaz Wild Blueberry Muffin Mix","2.79","0.0","","17.1 oz","17.1 oz","2115.jpg",,"8"
"7000","Cooking Needs","Baking & Cooking","Doughs, Gelatins & Bake Mixes","Market Basket","Market Basket Garlic & Herb Pizza Dough","Market Basket Garlic & Herb Pizza Dough","1.59","0.0","","18.5 oz","18.5 oz","Market Basket.jpg",,"8"
"7001","Cooking Needs","Baking & Cooking","Doughs, Gelatins & Bake Mixes","Market Basket","Market Basket Mini Croissants","Market Basket Mini Croissants","4.39","0.0","","10 count","10 count","Market Basket.jpg",,"8"
"7002","Cooking Needs","Baking & Cooking","Doughs, Gelatins & Bake Mixes","Market Basket","Market Basket Pizza Dough","Market Basket Pizza Dough","1.59","0.0","","18.5 oz","18.5 oz","Market Basket.jpg",,"8"
"7003","Cooking Needs","Baking & Cooking","Doughs, Gelatins & Bake Mixes","Market Basket","Market Basket Pizza Dough","Market Basket Pizza Dough","1.59","0.0","","18.5 oz","18.5 oz","Market Basket.jpg",,"8"
"7004","Cooking Needs","Baking & Cooking","Doughs, Gelatins & Bake Mixes","Market Basket","Market Basket Sugar Cookie Dough","Market Basket Sugar Cookie Dough","3.29","0.0","","16 oz","16 oz","Market Basket.jpg",,"8"
"7005","Cooking Needs","Baking & Cooking","Doughs, Gelatins & Bake Mixes","McCormick","McCormick Gluten Free Turkey Gravy Mix","McCormick Gluten Free Turkey Gravy Mix","0.99","0.0","","0.88 oz","0.88 oz","15613.jpg",,"9"
"7006","Cooking Needs","Baking & Cooking","Doughs, Gelatins & Bake Mixes","Pillsbury","Pillsbury Brownie Mix Chocolate Fudge","Pillsbury Brownie Mix Chocolate Fudge","1.89","0.0","","18.4 oz","18.4 oz","2028.jpg",,"8"
"7007","Cooking Needs","Baking & Cooking","Doughs, Gelatins & Bake Mixes","Pillsbury","Pillsbury Brownie Mix Milk Chocolate","Pillsbury Brownie Mix Milk Chocolate","1.89","0.0","","18.4 oz","18.4 oz","2039.jpg",,"8"
"7008","Cooking Needs","Baking & Cooking","Doughs, Gelatins & Bake Mixes","Pillsbury","Pillsbury Chocolate Chip Cookie Dough, Value Size","Pillsbury Chocolate Chip Cookie Dough, Value Size","4.89","0.0","","30 oz","30 oz","2033.jpg",,"1"
"7009","Cooking Needs","Baking & Cooking","Doughs, Gelatins & Bake Mixes","Pillsbury","Pillsbury Chocolate Chip Muffin Mix","Pillsbury Chocolate Chip Muffin Mix","2.09","0.0","","8.2 oz","8.2 oz","2034.jpg",,"8"
"7010","Cooking Needs","Baking & Cooking","Doughs, Gelatins & Bake Mixes","Pillsbury","Pillsbury Cinnamon Rolls","Pillsbury Cinnamon Rolls","4.89","0.0","","2 x 12.4 oz","2 x 12.4 oz","2024.jpg",,"1"
"7011","Cooking Needs","Baking & Cooking","Doughs, Gelatins & Bake Mixes","Pillsbury","Pillsbury Cinnamon Rolls, Original Icing","Pillsbury Cinnamon Rolls, Original Icing","2.69","0.0","","8 x 12.4 oz","8 x 12.4 oz","2018.jpg",,"1"
"7012","Cooking Needs","Baking & Cooking","Doughs, Gelatins & Bake Mixes","Pillsbury","Pillsbury Crescents, Original","Pillsbury Crescents, Original","2.69","0.0","","8 oz","8 oz","2021.jpg",,"1"
"7013","Cooking Needs","Baking & Cooking","Doughs, Gelatins & Bake Mixes","Pillsbury","Pillsbury Crescents, Reduced Fat","Pillsbury Crescents, Reduced Fat","2.69","0.0","","8 oz","8 oz","2036.jpg",,"1"
"7014","Cooking Needs","Baking & Cooking","Doughs, Gelatins & Bake Mixes","Pillsbury","Pillsbury Funfetti Premium Cake Mix With Candy Bits","Pillsbury Funfetti Premium Cake Mix With Candy Bits","1.74","0.0","","15.25 oz","15.25 oz","2019.jpg",,"8"
"7015","Cooking Needs","Baking & Cooking","Doughs, Gelatins & Bake Mixes","Pillsbury","Pillsbury Grands! Cinnamon Rolls, Cinnabon Cinnamon & Icing","Pillsbury Grands! Cinnamon Rolls, Cinnabon Cinnamon & Icing","4.36","0.0","","5 x 17.oz","5 x 17.oz","2027.jpg",,"1"
"7016","Cooking Needs","Baking & Cooking","Doughs, Gelatins & Bake Mixes","Pillsbury","Pillsbury Grands! Flaky Layers, Original","Pillsbury Grands! Flaky Layers, Original","2.49","0.0","","8 x 16.3 oz","8 x 16.3 oz","2020.jpg",,"8"
"7017","Cooking Needs","Baking & Cooking","Doughs, Gelatins & Bake Mixes","Pillsbury","Pillsbury Grands!, Southern Homestyle, Buttermilk","Pillsbury Grands!, Southern Homestyle, Buttermilk","2.09","0.0","","8 x 16.3 oz","8 x 16.3 oz","2026.jpg",,"1"
"7018","Cooking Needs","Baking & Cooking","Doughs, Gelatins & Bake Mixes","Pillsbury","Pillsbury Moist Supreme Premium Cake Mix Yellow","Pillsbury Moist Supreme Premium Cake Mix Yellow","1.49","0.0","","15.25 oz","15.25 oz","2038.jpg",,"8"
"7019","Cooking Needs","Baking & Cooking","Doughs, Gelatins & Bake Mixes","Pillsbury","Pillsbury Moist Supreme Sugar Free Premium Cake Mix Classic Yellow","Pillsbury Moist Supreme Sugar Free Premium Cake Mix Classic Yellow","1.49","0.0","","16 oz","16 oz","2043.jpg",,"8"
"7020","Cooking Needs","Baking & Cooking","Doughs, Gelatins & Bake Mixes","Pillsbury","Pillsbury Pie Crusts","Pillsbury Pie Crusts","3.59","0.0","","14.1 oz","14.1 oz","2025.jpg",,"1"
"7021","Cooking Needs","Baking & Cooking","Doughs, Gelatins & Bake Mixes","Pillsbury","Pillsbury Pizza Crust Thin Crust","Pillsbury Pizza Crust Thin Crust","2.49","0.0","","11 oz","11 oz","2029.jpg",,"1"
"7022","Cooking Needs","Baking & Cooking","Doughs, Gelatins & Bake Mixes","Pillsbury","Pillsbury Premium Cake Mix Strawberry","Pillsbury Premium Cake Mix Strawberry","1.49","0.0","","15.25 oz","15.25 oz","2035.jpg",,"8"
"7023","Cooking Needs","Baking & Cooking","Doughs, Gelatins & Bake Mixes","Pillsbury","Pillsbury Quick Bread & Muffin Mix Too Pumpkin","Pillsbury Quick Bread & Muffin Mix Too Pumpkin","2.49","0.0","","14 oz","14 oz","2022.jpg",,"8"
"7024","Cooking Needs","Baking & Cooking","Doughs, Gelatins & Bake Mixes","Pillsbury","Pillsbury Quick Bread Banana","Pillsbury Quick Bread Banana","2.49","0.0","","14 oz","14 oz","2040.jpg",,"8"
"7025","Cooking Needs","Baking & Cooking","Doughs, Gelatins & Bake Mixes","Pillsbury","Pillsbury Ready To Bake Chocolate Chip Cookies","Pillsbury Ready To Bake Chocolate Chip Cookies","3.09","0.0","","12 x 16 oz","12 x 16 oz","2037.jpg",,"1"
"7026","Cooking Needs","Baking & Cooking","Doughs, Gelatins & Bake Mixes","Pillsbury","Pillsbury Ready To Bake Chocolate Chip Cookies","Pillsbury Ready To Bake Chocolate Chip Cookies","3.59","0.0","","16 oz","16 oz","2041.jpg",,"1"
"7027","Cooking Needs","Baking & Cooking","Doughs, Gelatins & Bake Mixes","Pillsbury","Pillsbury Ready To Bake Chocolate Chunk and Chip Cookies","Pillsbury Ready To Bake Chocolate Chunk and Chip Cookies","3.09","0.0","","24 x 16 oz","24 x 16 oz","2030.jpg",,"1"
"7028","Cooking Needs","Baking & Cooking","Doughs, Gelatins & Bake Mixes","Pillsbury","Pillsbury Ready to Bake! Chocolate Chip with Red Morsels Cookies","Pillsbury Ready to Bake! Chocolate Chip with Red Morsels Cookies","3.09","0.0","","16 oz","16 oz","2044.jpg",,"8"
"7029","Cooking Needs","Baking & Cooking","Doughs, Gelatins & Bake Mixes","Royal","Royal Gelatin","Royal Gelatin","0.89","0.0","","1.4 oz","1.4 oz","2101.jpg",,"8"
"7030","Cooking Needs","Baking & Cooking","Doughs, Gelatins & Bake Mixes","Royal","Royal Gelatin, Cherry","Royal Gelatin, Cherry","0.49","0.0","","1.4 oz","1.4 oz","2099.jpg",,"8"
"7031","Cooking Needs","Baking & Cooking","Doughs, Gelatins & Bake Mixes","Royal","Royal Gelatin, Cherry, Sugar Free, Box","Royal Gelatin, Cherry, Sugar Free, Box","0.49","0.0","","0.32 oz","0.32 oz","2107.jpg",,"8"
"7032","Cooking Needs","Baking & Cooking","Doughs, Gelatins & Bake Mixes","Royal","Royal Gelatin, Lime","Royal Gelatin, Lime","0.49","0.0","","1.4 oz","1.4 oz","2103.jpg",,"8"
"7033","Cooking Needs","Baking & Cooking","Doughs, Gelatins & Bake Mixes","Royal","Royal Gelatin, Lime, Sugar Free, Box","Royal Gelatin, Lime, Sugar Free, Box","0.49","0.0","","0.32 oz","0.32 oz","2102.jpg",,"8"
"7034","Cooking Needs","Baking & Cooking","Doughs, Gelatins & Bake Mixes","Royal","Royal Gelatin, Reduced Calorie, Sugar Free, Raspberry","Royal Gelatin, Reduced Calorie, Sugar Free, Raspberry","0.49","0.0","","0.32 oz","0.32 oz","2100.jpg",,"8"
"7035","Cooking Needs","Baking & Cooking","Doughs, Gelatins & Bake Mixes","Royal","Royal Gelatin, Strawberry","Royal Gelatin, Strawberry","0.49","0.0","","1.4 oz","1.4 oz","2105.jpg",,"8"
"7036","Cooking Needs","Baking & Cooking","Doughs, Gelatins & Bake Mixes","Royal","Royal Instant Pudding & Pie Filling","Royal Instant Pudding & Pie Filling","0.49","0.0","","1.85 oz","1.85 oz","No Image.jpg",,"8"
"7037","Cooking Needs","Baking & Cooking","Doughs, Gelatins & Bake Mixes","Royal","Royal Pudding & Pie Filling, Chocolate, Instant","Royal Pudding & Pie Filling, Chocolate, Instant","0.49","0.0","","2.03 oz","2.03 oz","2104.jpg",,"8"
"7038","Cooking Needs","Baking & Cooking","Doughs, Gelatins & Bake Mixes","Royal","Royal Pudding & Pie Filling, Instant, Banana Cream","Royal Pudding & Pie Filling, Instant, Banana Cream","0.89","0.0","","1.85 oz","1.85 oz","2108.jpg",,"8"
"7039","Cooking Needs","Baking & Cooking","Doughs, Gelatins & Bake Mixes","Royal","Royal Vanilla Pudding","Royal Vanilla Pudding","1.09","0.0","","2.75 oz","2.75 oz","2106.jpg",,"8"
"7040","Cooking Needs","Baking & Cooking","Doughs, Gelatins & Bake Mixes","Toll House","Toll House Chocolate Chip Cookie Dough","Toll House Chocolate Chip Cookie Dough","3.59","0.0","","24 count","24 count","2109.jpg",,"1"
"7041","Cooking Needs","Baking & Cooking","Doughs, Gelatins & Bake Mixes","Toll House","Toll House Pumpkin Spice Cookie Dough","Toll House Pumpkin Spice Cookie Dough","3.59","0.0","","16 oz","16 oz","2110.jpg",,"1"
"7042","Cooking Needs","Baking & Cooking","Oils & Vinegars","Alessi","Alessi Balsamic Vinegar, White","Alessi Balsamic Vinegar, White","4.29","0.0","","12.75 oz","12.75 oz","15501.jpg",,"2"
"7043","Cooking Needs","Baking & Cooking","Oils & Vinegars","Alessi","Alessi Vinegar, White Balsamic, Orange Blossom Honey","Alessi Vinegar, White Balsamic, Orange Blossom Honey","3.09","0.0","","8.5 oz","8.5 oz","15502.jpg",,"2"
"7044","Cooking Needs","Baking & Cooking","Oils & Vinegars","Bragg","Bragg Organic Raw Unfiltered Apple Cider Vinegar","Bragg Organic Raw Unfiltered Apple Cider Vinegar","4.29","0.0","","16 oz","16 oz","15481.jpg",,"2"
"7045","Cooking Needs","Baking & Cooking","Oils & Vinegars","Capatriti","Capatriti 100% Pure Olive Oil","Capatriti 100% Pure Olive Oil","14.69","0.0","","68 fl oz","68 fl oz","1819.jpg",,"2"
"7046","Cooking Needs","Baking & Cooking","Oils & Vinegars","Capatriti","Capatriti Olive Oil","Capatriti Olive Oil","3.89","0.0","","17 oz","17 oz","No Image.jpg",,"2"
"7047","Cooking Needs","Baking & Cooking","Oils & Vinegars","Capatriti","Capatriti Pure Olive Oil","Capatriti Pure Olive Oil","3.89","0.0","","17 fl oz","17 fl oz","No Image.jpg",,"2"
"7048","Cooking Needs","Baking & Cooking","Oils & Vinegars","Capatriti","Capatriti Pure Olive Oil","Capatriti Pure Olive Oil","9.79","0.0","","51 fl oz","51 fl oz","No Image.jpg",,"2"
"7049","Cooking Needs","Baking & Cooking","Oils & Vinegars","Carrington Farms","Carrington Farms Organic Coconut Oil","Carrington Farms Organic Coconut Oil","7.39","0.0","","12 fl oz","12 fl oz","15519.jpg",,"2"
"7050","Cooking Needs","Baking & Cooking","Oils & Vinegars","Colavita","Colavita Balsamic Vinegar of Modena","Colavita Balsamic Vinegar of Modena","3.69","0.0","","16.9 oz","16.9 oz","1829.jpg",,"2"
"7051","Cooking Needs","Baking & Cooking","Oils & Vinegars","Colavita","Colavita Raspberry Wine Vinegar","Colavita Raspberry Wine Vinegar","4.89","0.0","","16.9 oz","16.9 oz","1830.jpg",,"2"
"7052","Cooking Needs","Baking & Cooking","Oils & Vinegars","Columela","Columela Vinegar Sherry","Columela Vinegar Sherry","10.99","0.0","","12.7 fl oz","12.7 fl oz","15525.jpg",,"2"
"7053","Cooking Needs","Baking & Cooking","Oils & Vinegars","Crisco","Crisco Oil Pure Canola","Crisco Oil Pure Canola","4.89","0.0","","48 fl oz","48 fl oz","1842.jpg",,"2"
"7054","Cooking Needs","Baking & Cooking","Oils & Vinegars","Crisco","Crisco Oil Pure Vegetable","Crisco Oil Pure Vegetable","4.09","0.0","","48 fl oz","48 fl oz","1841.jpg",,"2"
"7055","Cooking Needs","Baking & Cooking","Oils & Vinegars","Crisco","Crisco Professional Saute Expert No Stiick Saute Spray","Crisco Professional Saute Expert No Stiick Saute Spray","2.69","0.0","","12 oz","12 oz","15529.jpg",,"2"
"7056","Cooking Needs","Baking & Cooking","Oils & Vinegars","Crisco","Crisco Pure Vegetable Oil","Crisco Pure Vegetable Oil","4.89","0.0","","48 fl oz","48 fl oz","1843.jpg",,"2"
"7057","Cooking Needs","Baking & Cooking","Oils & Vinegars","Bertolli","Bertolli Cold Extracted Original Extra Virgin Olive Oil","Bertolli Cold Extracted Original Extra Virgin Olive Oil","7.39","0.0","","17 fl oz","17 fl oz","1838.jpg",,"2"
"7058","Cooking Needs","Baking & Cooking","Oils & Vinegars","Bertolli","Bertolli Cold Extracted Original Extra Virgin Olive Oil","Bertolli Cold Extracted Original Extra Virgin Olive Oil","9.79","0.0","","25.5 oz","25.5 oz","1840.jpg",,"2"
"7059","Cooking Needs","Baking & Cooking","Oils & Vinegars","Bertolli","Bertolli Extra Light Tasting Olive Oil","Bertolli Extra Light Tasting Olive Oil","15.89","0.0","","51 fl oz","51 fl oz","1837.jpg",,"2"
"7060","Cooking Needs","Baking & Cooking","Oils & Vinegars","Bertolli","Bertolli Original Extra Virgin Olive Oil","Bertolli Original Extra Virgin Olive Oil","15.29","0.0","","51 fl oz","51 fl oz","1839.jpg",,"2"
"7061","Cooking Needs","Baking & Cooking","Oils & Vinegars","Calfornia Olive Ranch","California Olive Ranch Destination Series Everyday Extra Virgin Olive Oil","California Olive Ranch Destination Series Everyday Extra Virgin Olive Oil","12.19","0.0","","25.4 fl oz","25.4 fl oz","15486.jpg",,"2"
"7062","Cooking Needs","Baking & Cooking","Oils & Vinegars","Calfornia Olive Ranch","California Olive Ranch Destination Series Everyday Extra Virgin Olive Oil","California Olive Ranch Destination Series Everyday Extra Virgin Olive Oil","9.79","0.0","","16.9 fl oz","16.9 fl oz","15514.jpg",,"2"
"7063","Cooking Needs","Baking & Cooking","Oils & Vinegars","Calfornia Olive Ranch","California Olive Ranch Olive Oil, Extra Virgin, Bottle","California Olive Ranch Olive Oil, Extra Virgin, Bottle","12.19","0.0","","32.9 oz","32.9 oz","15489.jpg",,"2"
"7064","Cooking Needs","Baking & Cooking","Oils & Vinegars","Capatriti","Caparriti Extra Virgin Olive Oil","Caparriti Extra Virgin Olive Oil","12.19","0.0","","51 oz","51 oz","No Image.jpg",,"2"
"7065","Cooking Needs","Baking & Cooking","Oils & Vinegars","Capatriti","Capatriti Extra Virgin Olive Oil","Capatriti Extra Virgin Olive Oil","16.49","0.0","","68 fl oz","68 fl oz","1820.jpg",,"2"
"7066","Cooking Needs","Baking & Cooking","Oils & Vinegars","Carapelli","Carapelli Extra Virgin Olive Oil","Carapelli Extra Virgin Olive Oil","7.39","0.0","","17 fl oz","17 fl oz","15512.jpg",,"2"
"7067","Cooking Needs","Baking & Cooking","Oils & Vinegars","Colavita","Colavita Col Premium Selection Extra Virgin Olive Oil 6X1/2Lt (17Oz) Timeless","Colavita Col Premium Selection Extra Virgin Olive Oil 6X1/2Lt (17Oz) Timeless","9.79","0.0","","17 fl oz","17 fl oz","1828.jpg",,"2"
"7068","Cooking Needs","Baking & Cooking","Oils & Vinegars","Colavita","Colavita Olive Oil Extra Virgin, Bottle","Colavita Olive Oil Extra Virgin, Bottle","13.49","0.0","","17 fl oz","17 fl oz","1831.jpg",,"2"
"7069","Cooking Needs","Baking & Cooking","Oils & Vinegars","Colavita","Colavita Premium Selection Extra Virgin Olive Oil","Colavita Premium Selection Extra Virgin Olive Oil","13.49","0.0","","1 L","1 L","1827.jpg",,"2"
"7070","Cooking Needs","Baking & Cooking","Oils & Vinegars","Filippo Berio","Filippo Berio Extra Light Tasting Olive Oil","Filippo Berio Extra Light Tasting Olive Oil","6.09","0.0","","16.9 fl oz","16.9 fl oz","1805.jpg",,"2"
"7071","Cooking Needs","Baking & Cooking","Oils & Vinegars","Filippo Berio","Filippo Berio Extra Light Tasting Olive Oil","Filippo Berio Extra Light Tasting Olive Oil","13.49","0.0","","50.7 fl oz","50.7 fl oz","1806.jpg",,"2"
"7072","Cooking Needs","Baking & Cooking","Oils & Vinegars","Filippo Berio","Filippo Berio Extra Virgin Olive Oil","Filippo Berio Extra Virgin Olive Oil","6.09","0.0","","16.9 fl oz","16.9 fl oz","1799.jpg",,"2"
"7073","Cooking Needs","Baking & Cooking","Oils & Vinegars","Filippo Berio","Filippo Berio Extra Virgin Olive Oil","Filippo Berio Extra Virgin Olive Oil","8.59","0.0","","25.3 fl oz","25.3 fl oz","1801.jpg",,"2"
"7074","Cooking Needs","Baking & Cooking","Oils & Vinegars","Filippo Berio","Filippo Berio Extra Virgin Olive Oil","Filippo Berio Extra Virgin Olive Oil","10.99","0.0","","50.7 fl oz","50.7 fl oz","1803.jpg",,"2"
"7075","Cooking Needs","Baking & Cooking","Oils & Vinegars","Filippo Berio","Filippo Berio Extra Virgin Olive Oil","Filippo Berio Extra Virgin Olive Oil","25.69","0.0","","101.4 fl oz","101.4 fl oz","1809.jpg",,"2"
"7076","Cooking Needs","Baking & Cooking","Oils & Vinegars","Filippo Berio","Filippo Berio Organic Extra Virgin Olive Oil","Filippo Berio Organic Extra Virgin Olive Oil","8.59","0.0","","16.9 fl oz","16.9 fl oz","1804.jpg",,"2"
"7077","Cooking Needs","Baking & Cooking","Oils & Vinegars","Filippo Berio","Fillippo Extra Virgin Olive Oil","Fillippo Extra Virgin Olive Oil","6.09","0.0","","16.9 oz","16.9 oz","No Image.jpg",,"2"
"7078","Cooking Needs","Baking & Cooking","Oils & Vinegars","Goya","Goya Extra Virgin Olive Oil","Goya Extra Virgin Olive Oil","7.79","0.0","","17 fl oz","17 fl oz","1844.jpg",,"7"
"7079","Cooking Needs","Baking & Cooking","Oils & Vinegars","Goya","Goya Extra Virgin Olive Oil","Goya Extra Virgin Olive Oil","4.39","0.0","","8.5 fl oz","8.5 fl oz","1845.jpg",,"7"
"7080","Cooking Needs","Baking & Cooking","Oils & Vinegars","Goya","Goya Olive Oil Extra Virgin","Goya Olive Oil Extra Virgin","14.09","0.0","","34 fl oz","34 fl oz","1847.jpg",,"2"
"7081","Cooking Needs","Baking & Cooking","Oils & Vinegars","Loriva","Loriva Pure Extra Virgin Sesame Oil","Loriva Pure Extra Virgin Sesame Oil","8.59","0.0","","12.7 fl oz","12.7 fl oz","15509.jpg",,"2"
"7082","Cooking Needs","Baking & Cooking","Oils & Vinegars","Marconi","Marconi Extra Virgin Olive Oil","Marconi Extra Virgin Olive Oil","6.09","0.0","","25.5 fl oz","25.5 fl oz","No Image.jpg",,"2"
"7083","Cooking Needs","Baking & Cooking","Oils & Vinegars","Olivari","Olivari Mediterranean Olive Oil Extra Virgin","Olivari Mediterranean Olive Oil Extra Virgin","3.69","0.0","","17 fl oz","17 fl oz","15490.jpg",,"2"
"7084","Cooking Needs","Baking & Cooking","Oils & Vinegars","Olympiana","Olympiana Early Harvest Extra Virgin Olive Oil","Olympiana Early Harvest Extra Virgin Olive Oil","7.39","0.0","","16.9 fl oz","16.9 fl oz","No Image.jpg",,"2"
"7085","Cooking Needs","Baking & Cooking","Oils & Vinegars","Palermo's","Palermo's Extra Virgin Olive Oil","Palermo's Extra Virgin Olive Oil","12.19","0.0","","48 fl oz","48 fl oz","15528.jpg",,"2"
"7086","Cooking Needs","Baking & Cooking","Oils & Vinegars","Pompeian","Pompeian Imported Extra Virgin Olive Oil","Pompeian Imported Extra Virgin Olive Oil","13.49","0.0","","48 fl oz","48 fl oz","15480.jpg",,"2"
"7087","Cooking Needs","Baking & Cooking","Oils & Vinegars","Filippo Berio","Filippo Berio Olive Oil","Filippo Berio Olive Oil","6.09","0.0","","16.9 fl oz","16.9 fl oz","1800.jpg",,"2"
"7088","Cooking Needs","Baking & Cooking","Oils & Vinegars","Filippo Berio","Filippo Berio Olive Oil","Filippo Berio Olive Oil","13.49","0.0","","50.7 fl oz","50.7 fl oz","1802.jpg",,"2"
"7089","Cooking Needs","Baking & Cooking","Oils & Vinegars","Filippo Berio","Filippo Berio Olive Oil","Filippo Berio Olive Oil","24.39","0.0","","101.4 oz","101.4 oz","1807.jpg",,"2"
"7090","Cooking Needs","Baking & Cooking","Oils & Vinegars","Filippo Berio","Filippo Berio Olive Oil","Filippo Berio Olive Oil","11.39","0.0","","25.3 fl oz","25.3 fl oz","1808.jpg",,"2"
"7091","Cooking Needs","Baking & Cooking","Oils & Vinegars","Golchin","Golchin Grape Seed Oil","Golchin Grape Seed Oil","4.89","0.0","","1 L","1 L","15527.jpg",,"2"
"7092","Cooking Needs","Baking & Cooking","Oils & Vinegars","Goya","Goya Puro Olive Oil","Goya Puro Olive Oil","4.39","0.0","","8.5 fl oz","8.5 fl oz","1846.jpg",,"2"
"7093","Cooking Needs","Baking & Cooking","Oils & Vinegars","GrapeOla","GrapeOla Grape Seed Oil","GrapeOla Grape Seed Oil","8.59","0.0","","33.8 fl oz","33.8 fl oz","15513.jpg",,"2"
"7094","Cooking Needs","Baking & Cooking","Oils & Vinegars","Heinz","Heinz All Natural Apple Cider Vinegar","Heinz All Natural Apple Cider Vinegar","2.49","0.0","","32 oz","32 oz","15491.jpg",,"2"
"7095","Cooking Needs","Baking & Cooking","Oils & Vinegars","Heinz","Heinz Distilled White Vinegar","Heinz Distilled White Vinegar","1.49","0.0","","16 oz","16 oz","15483.jpg",,"2"
"7096","Cooking Needs","Baking & Cooking","Oils & Vinegars","Heinz","Heinz Distilled White Vinegar","Heinz Distilled White Vinegar","2.09","0.0","","32 oz","32 oz","15496.jpg",,"2"
"7097","Cooking Needs","Baking & Cooking","Oils & Vinegars","Holland House","Holland House Cooking Wine Marsala","Holland House Cooking Wine Marsala","4.29","0.0","","16 fl oz","16 fl oz","1810.jpg",,"2"
"7098","Cooking Needs","Baking & Cooking","Oils & Vinegars","Holland House","Holland House Cooking Wine Red","Holland House Cooking Wine Red","4.29","0.0","","16 fl oz","16 fl oz","1812.jpg",,"2"
"7099","Cooking Needs","Baking & Cooking","Oils & Vinegars","Holland House","Holland House Cooking Wine Sherry","Holland House Cooking Wine Sherry","4.29","0.0","","16 fl oz","16 fl oz","1815.jpg",,"2"
"7100","Cooking Needs","Baking & Cooking","Oils & Vinegars","Holland House","Holland House Cooking Wine White","Holland House Cooking Wine White","4.29","0.0","","16 fl oz","16 fl oz","1811.jpg",,"2"
"7101","Cooking Needs","Baking & Cooking","Oils & Vinegars","Holland House","Holland House Cooking Wine White with Lemon Flavor","Holland House Cooking Wine White with Lemon Flavor","4.29","0.0","","16 fl oz","16 fl oz","1816.jpg",,"2"
"7102","Cooking Needs","Baking & Cooking","Oils & Vinegars","Holland House","Holland House Malt Vinegar","Holland House Malt Vinegar","3.09","0.0","","12 fl oz","12 fl oz","1814.jpg",,"2"
"7103","Cooking Needs","Baking & Cooking","Oils & Vinegars","Holland House","Holland House Red Wine Vinegar","Holland House Red Wine Vinegar","3.09","0.0","","12 fl oz","12 fl oz","1813.jpg",,"2"
"7104","Cooking Needs","Baking & Cooking","Oils & Vinegars","Holland House","Holland House White Wine Vinegar","Holland House White Wine Vinegar","3.09","0.0","","12 fl oz","12 fl oz","1817.jpg",,"2"
"7105","Cooking Needs","Baking & Cooking","Oils & Vinegars","Hollywood","Hollywood Enriched Gold Peanut Oil","Hollywood Enriched Gold Peanut Oil","4.89","0.0","","24 fl oz","24 fl oz","15507.jpg",,"2"
"7106","Cooking Needs","Baking & Cooking","Oils & Vinegars","International Collection","International Collection Olive Oil, White Truffle","International Collection Olive Oil, White Truffle","9.79","0.0","","8.45 fl oz","8.45 fl oz","17966.jpg",,"2"
"7107","Cooking Needs","Baking & Cooking","Oils & Vinegars","Kernel Season's","Kernel Season's Movie Theater Butter","Kernel Season's Movie Theater Butter","4.29","0.0","","13.75 fl oz","13.75 fl oz","15497.jpg",,"2"
"7108","Cooking Needs","Baking & Cooking","Oils & Vinegars","La Spagnola","La Spagnola Safflower Oil","La Spagnola Safflower Oil","3.69","0.0","","1 L","1 L","No Image.jpg",,"2"
"7109","Cooking Needs","Baking & Cooking","Oils & Vinegars","La Spagnola","La Spagnola Saut Oil","La Spagnola Saut Oil","3.69","0.0","","48 fl oz","48 fl oz","No Image.jpg",,"2"
"7110","Cooking Needs","Baking & Cooking","Oils & Vinegars","La Spagnola","La Spagnola Vegetable And Olive Oil","La Spagnola Vegetable And Olive Oil","7.99","0.0","","101.4 fl oz","101.4 fl oz","No Image.jpg",,"2"
"7111","Cooking Needs","Baking & Cooking","Oils & Vinegars","La Tourangelle","La Tourangelle Artisan Oils Delicate Avocado","La Tourangelle Artisan Oils Delicate Avocado","7.39","0.0","","8.45 fl oz","8.45 fl oz","15521.jpg",,"2"
"7112","Cooking Needs","Baking & Cooking","Oils & Vinegars","London Pub","London Pub Original Malt Vinegar","London Pub Original Malt Vinegar","3.49","0.0","","12.7 fl oz","12.7 fl oz","15523.jpg",,"2"
"7113","Cooking Needs","Baking & Cooking","Oils & Vinegars","Loriva","Loriva Pure Toasted Sesame Oil","Loriva Pure Toasted Sesame Oil","6.09","0.0","","8 fl oz","8 fl oz","15506.jpg",,"2"
"7114","Cooking Needs","Baking & Cooking","Oils & Vinegars","LouAna","LouAna Organic Coconut Oil","LouAna Organic Coconut Oil","7.39","0.0","","14 fl oz","14 fl oz","15516.jpg",,"2"
"7115","Cooking Needs","Baking & Cooking","Oils & Vinegars","LouAna","LouAna Pure Coconut Oil","LouAna Pure Coconut Oil","4.29","0.0","","14 fl oz","14 fl oz","15518.jpg",,"2"
"7116","Cooking Needs","Baking & Cooking","Oils & Vinegars","Market Basket","Balsamic Vinegar","Balsamic Vinegar","4.89","0.0","","16 fl oz","16 fl oz","Market Basket.jpg",,"2"
"7117","Cooking Needs","Baking & Cooking","Oils & Vinegars","Market Basket","Coconut Cream","Coconut Cream","2.49","0.0","","13.5 fl oz","13.5 fl oz","Market Basket.jpg",,"2"
"7118","Cooking Needs","Baking & Cooking","Oils & Vinegars","Market Basket","Market Basket Apple Cider Vinegar","Market Basket Apple Cider Vinegar","0.79","0.0","","16 fl oz","16 fl oz","Market Basket.jpg",,"2"
"7119","Cooking Needs","Baking & Cooking","Oils & Vinegars","Market Basket","Market Basket Apple Cider Vinegar","Market Basket Apple Cider Vinegar","1.09","0.0","","32 fl oz","32 fl oz","Market Basket.jpg",,"2"
"7120","Cooking Needs","Baking & Cooking","Oils & Vinegars","Market Basket","Market Basket Apple Cider Vinegar","Market Basket Apple Cider Vinegar","3.49","0.0","","128 fl oz","128 fl oz","Market Basket.jpg",,"2"
"7121","Cooking Needs","Baking & Cooking","Oils & Vinegars","Market Basket","Market Basket Balsamic Vinegar","Market Basket Balsamic Vinegar","2.49","0.0","","16.9 fl oz","16.9 fl oz","Market Basket.jpg",,"2"
"7122","Cooking Needs","Baking & Cooking","Oils & Vinegars","Market Basket","Market Basket Butter Flavored Cooking Spray","Market Basket Butter Flavored Cooking Spray","2.09","0.0","","6 oz","6 oz","Market Basket.jpg",,"2"
"7123","Cooking Needs","Baking & Cooking","Oils & Vinegars","Market Basket","Market Basket Canola Oil","Market Basket Canola Oil","3.89","0.0","","48 fl oz","48 fl oz","Market Basket.jpg",,"2"
"7124","Cooking Needs","Baking & Cooking","Oils & Vinegars","Market Basket","Market Basket Canola Oil","Market Basket Canola Oil","2.99","0.0","","32 fl oz","32 fl oz","Market Basket.jpg",,"2"
"7125","Cooking Needs","Baking & Cooking","Oils & Vinegars","Market Basket","Market Basket Canola Oil Cooking Spray","Market Basket Canola Oil Cooking Spray","2.09","0.0","","6 oz","6 oz","Market Basket.jpg",,"2"
"7126","Cooking Needs","Baking & Cooking","Oils & Vinegars","Market Basket","Market Basket Corn Oil","Market Basket Corn Oil","3.09","0.0","","32 fl oz","32 fl oz","Market Basket.jpg",,"2"
"7127","Cooking Needs","Baking & Cooking","Oils & Vinegars","Market Basket","Market Basket Corn Oil","Market Basket Corn Oil","3.89","0.0","","48 fl oz","48 fl oz","Market Basket.jpg",,"2"
"7128","Cooking Needs","Baking & Cooking","Oils & Vinegars","Market Basket","Market Basket Distilled White Vinegar","Market Basket Distilled White Vinegar","2.49","0.0","","128 fl oz","128 fl oz","Market Basket.jpg",,"2"
"7129","Cooking Needs","Baking & Cooking","Oils & Vinegars","Market Basket","Market Basket Distilled White Vinegar","Market Basket Distilled White Vinegar","0.79","0.0","","16 fl oz","16 fl oz","Market Basket.jpg",,"2"
"7130","Cooking Needs","Baking & Cooking","Oils & Vinegars","Market Basket","Market Basket Extra Virgin Greek Olive Oil","Market Basket Extra Virgin Greek Olive Oil","6.09","0.0","","17 fl oz","17 fl oz","Market Basket.jpg",,"2"
"7131","Cooking Needs","Baking & Cooking","Oils & Vinegars","Market Basket","Market Basket Extra Virgin Greek Olive Oil","Market Basket Extra Virgin Greek Olive Oil","24.39","0.0","","101 fl oz","101 fl oz","Market Basket.jpg",,"2"
"7132","Cooking Needs","Baking & Cooking","Oils & Vinegars","Market Basket","Market Basket Extra Virgin Olive Oil","Market Basket Extra Virgin Olive Oil","7.39","0.0","","25.4 fl oz","25.4 fl oz","Market Basket.jpg",,"2"
"7133","Cooking Needs","Baking & Cooking","Oils & Vinegars","Market Basket","Market Basket Pure Vegetable Oil","Market Basket Pure Vegetable Oil","2.19","0.0","","1 ct","1 ct","Market Basket.jpg",,"2"
"7134","Cooking Needs","Baking & Cooking","Oils & Vinegars","Market Basket","Market Basket Pure Vegetable Oil","Market Basket Pure Vegetable Oil","2.99","0.0","","32 fl oz","32 fl oz","Market Basket.jpg",,"2"
"7135","Cooking Needs","Baking & Cooking","Oils & Vinegars","Market Basket","Market Basket Pure Vegetable Oil","Market Basket Pure Vegetable Oil","7.39","0.0","","96 fl oz","96 fl oz","Market Basket.jpg",,"2"
"7136","Cooking Needs","Baking & Cooking","Oils & Vinegars","Market Basket","Market Basket Red Wine Vinegar","Market Basket Red Wine Vinegar","1.69","0.0","","32 fl oz","32 fl oz","Market Basket.jpg",,"2"
"7137","Cooking Needs","Baking & Cooking","Oils & Vinegars","Market Basket","Market Basket Red Wine Vinegar","Market Basket Red Wine Vinegar","0.99","0.0","","16 fl oz","16 fl oz","Market Basket.jpg",,"2"
"7138","Cooking Needs","Baking & Cooking","Oils & Vinegars","Market Basket","Market Basket Vegetable Oil","Market Basket Vegetable Oil","4.29","0.0","","48 fl oz","48 fl oz","Market Basket.jpg",,"2"
"7139","Cooking Needs","Baking & Cooking","Oils & Vinegars","Market Basket","Market Basket White Distilled Vinegar","Market Basket White Distilled Vinegar","0.99","0.0","","32 fl oz","32 fl oz","Market Basket.jpg",,"2"
"7140","Cooking Needs","Baking & Cooking","Oils & Vinegars","Marukan","Marukan Lite Rice Vinegar Dressing","Marukan Lite Rice Vinegar Dressing","3.69","0.0","","12 fl oz","12 fl oz","15515.jpg",,"2"
"7141","Cooking Needs","Baking & Cooking","Oils & Vinegars","Marukan","Marukan Rice Vinegar","Marukan Rice Vinegar","3.69","0.0","","12 oz","12 oz","15495.jpg",,"2"
"7142","Cooking Needs","Baking & Cooking","Oils & Vinegars","Mazola","Mazola 100% Pure Vegetable Oil","Mazola 100% Pure Vegetable Oil","4.39","0.0","","40 fl oz","40 fl oz","15505.jpg",,"2"
"7143","Cooking Needs","Baking & Cooking","Oils & Vinegars","Mazola","Mazola Canola Cooking Spray Original","Mazola Canola Cooking Spray Original","2.49","0.0","","5 oz","5 oz","15493.jpg",,"2"
"7144","Cooking Needs","Baking & Cooking","Oils & Vinegars","Mazola","Mazola Corn Oil Cholesterol Free","Mazola Corn Oil Cholesterol Free","10.99","0.0","","128 fl oz","128 fl oz","15488.jpg",,"2"
"7145","Cooking Needs","Baking & Cooking","Oils & Vinegars","Mazola","Mazola Vegetable Plus! Oil","Mazola Vegetable Plus! Oil","4.69","0.0","","40 fl oz","40 fl oz","15524.jpg",,"2"
"7146","Cooking Needs","Baking & Cooking","Oils & Vinegars","Mizkan","Mizkan Seasoned Rice Vinegar Roasted Garlic","Mizkan Seasoned Rice Vinegar Roasted Garlic","3.09","0.0","","12 fl oz","12 fl oz","15508.jpg",,"2"
"7147","Cooking Needs","Baking & Cooking","Oils & Vinegars","Modenaceti","Modenaceti Balsamic Vinegar Of Modena","Modenaceti Balsamic Vinegar Of Modena","3.69","0.0","","16.9 fl oz","16.9 fl oz","15510.jpg",,"2"
"7148","Cooking Needs","Baking & Cooking","Oils & Vinegars","Monari Federzoni","Monari Federzoni Glaze With Balsamic Vinegar Of Modena","Monari Federzoni Glaze With Balsamic Vinegar Of Modena","7.39","0.0","","9.1 oz","9.1 oz","15500.jpg",,"2"
"7149","Cooking Needs","Baking & Cooking","Oils & Vinegars","Nakano","Nakano Mizkan Rice Vinegar Natural","Nakano Mizkan Rice Vinegar Natural","3.09","0.0","","12 fl oz","12 fl oz","15503.jpg",,"3"
"7150","Cooking Needs","Baking & Cooking","Oils & Vinegars","Nakano","Nakano Seasoned Rice Vinegar Basil & Oregano","Nakano Seasoned Rice Vinegar Basil & Oregano","3.09","0.0","","12 fl oz","12 fl oz","15522.jpg",,"2"
"7151","Cooking Needs","Baking & Cooking","Oils & Vinegars","Nakano","Nakano Seasoned Rice Vinegar Original","Nakano Seasoned Rice Vinegar Original","3.29","0.0","","12 fl oz","12 fl oz","15494.jpg",,"2"
"7152","Cooking Needs","Baking & Cooking","Oils & Vinegars","Newman's Own","Newman's Own Dressing Oil & Vinegar","Newman's Own Dressing Oil & Vinegar","3.09","0.0","","12 fl oz","12 fl oz","15484.jpg",,"2"
"7153","Cooking Needs","Baking & Cooking","Oils & Vinegars","Olivari","Olivari Olive Oil Classic","Olivari Olive Oil Classic","3.69","0.0","","17 fl oz","17 fl oz","15487.jpg",,"2"
"7154","Cooking Needs","Baking & Cooking","Oils & Vinegars","Pam","Pam Butter Cooking Spray","Pam Butter Cooking Spray","3.09","0.0","","5 oz","5 oz","15485.jpg",,"2"
"7155","Cooking Needs","Baking & Cooking","Oils & Vinegars","Pam","Pam Coconut Oil Cooking Spray","Pam Coconut Oil Cooking Spray","4.69","0.0","","5 oz","5 oz","15492.jpg",,"2"
"7156","Cooking Needs","Baking & Cooking","Oils & Vinegars","Pam","Pam Olive Cooking Spray","Pam Olive Cooking Spray","3.69","0.0","","5 oz","5 oz","17968.jpg",,"2"
"7157","Cooking Needs","Baking & Cooking","Oils & Vinegars","Pastene","Pastene 100% Pure Olive Oil","Pastene 100% Pure Olive Oil","26.89","0.0","","101 fl oz","101 fl oz","No Image.jpg",,"2"
"7158","Cooking Needs","Baking & Cooking","Oils & Vinegars","Pastene","Pastene Balsamic Vinegar of Modena","Pastene Balsamic Vinegar of Modena","3.09","0.0","","16.9 fl oz","16.9 fl oz","15499.jpg",,"2"
"7159","Cooking Needs","Baking & Cooking","Oils & Vinegars","Pastene","Pastene Sunflower Oil","Pastene Sunflower Oil","6.09","0.0","","16.9 fl oz","16.9 fl oz","15520.jpg",,"2"
"7160","Cooking Needs","Baking & Cooking","Oils & Vinegars","Pastene","Pastene Vinegar Red Wine","Pastene Vinegar Red Wine","2.49","0.0","","25.4 fl oz","25.4 fl oz","15498.jpg",,"2"
"7161","Cooking Needs","Baking & Cooking","Oils & Vinegars","Pure Wesson","Pure Wesson Best Blend Oil","Pure Wesson Best Blend Oil","4.29","0.0","","48 fl oz","48 fl oz","1826.jpg",,"2"
"7162","Cooking Needs","Baking & Cooking","Oils & Vinegars","Pure Wesson","Pure Wesson Canola Oil","Pure Wesson Canola Oil","9.19","0.0","","1 gal","1 gal","1821.jpg",,"2"
"7163","Cooking Needs","Baking & Cooking","Oils & Vinegars","Pure Wesson","Pure Wesson Canola Oil","Pure Wesson Canola Oil","4.29","0.0","","48 fl oz","48 fl oz","1824.jpg",,"2"
"7164","Cooking Needs","Baking & Cooking","Oils & Vinegars","Pure Wesson","Pure Wesson Canola Oil","Pure Wesson Canola Oil","4.09","0.0","","24 oz","24 oz","1825.jpg",,"2"
"7165","Cooking Needs","Baking & Cooking","Oils & Vinegars","Pure Wesson","Pure Wesson Vegetable Oil","Pure Wesson Vegetable Oil","4.29","0.0","","48 fl oz","48 fl oz","1822.jpg",,"2"
"7166","Cooking Needs","Baking & Cooking","Oils & Vinegars","Pure Wesson","Pure Wesson Vegetable Oil","Pure Wesson Vegetable Oil","10.99","0.0","","128 fl oz","128 fl oz","1823.jpg",,"2"
"7167","Cooking Needs","Baking & Cooking","Oils & Vinegars","Reese","Reese Cooking Wine, Red","Reese Cooking Wine, Red","3.69","0.0","","12.7 oz","12.7 oz","15526.jpg",,"2"
"7168","Cooking Needs","Baking & Cooking","Oils & Vinegars","Reese","Reese Tarragon Sprig Wine Vinegar","Reese Tarragon Sprig Wine Vinegar","3.69","0.0","","12.7 fl oz","12.7 fl oz","17967.jpg",,"2"
"7169","Cooking Needs","Baking & Cooking","Oils & Vinegars","Smart Balance","Smart Balance Cholesterol Free Vegetable Oil Blend","Smart Balance Cholesterol Free Vegetable Oil Blend","5.19","0.0","","48 fl oz","48 fl oz","15479.jpg",,"2"
"7170","Cooking Needs","Baking & Cooking","Oils & Vinegars","Smart Balance","Smart Balance Non Stick Original Cooking Spray","Smart Balance Non Stick Original Cooking Spray","3.09","0.0","","6 oz","6 oz","15504.jpg",,"2"
"7171","Cooking Needs","Baking & Cooking","Oils & Vinegars","Spectrum","Spectrum Coconut Spray Oil","Spectrum Coconut Spray Oil","6.09","0.0","","6 oz","6 oz","1836.jpg",,"2"
"7172","Cooking Needs","Baking & Cooking","Oils & Vinegars","Spectrum","Spectrum Essentials Organic Flax Oil","Spectrum Essentials Organic Flax Oil","10.99","0.0","","8 oz","8 oz","15482.jpg",,"2"
"7173","Cooking Needs","Baking & Cooking","Oils & Vinegars","Spectrum","Spectrum Organic Canola Oil","Spectrum Organic Canola Oil","8.29","0.0","","16 fl oz","16 fl oz","1832.jpg",,"2"
"7174","Cooking Needs","Baking & Cooking","Oils & Vinegars","Spectrum","Spectrum Organic Coconut Oil","Spectrum Organic Coconut Oil","9.79","0.0","","14 fl oz","14 fl oz","1833.jpg",,"2"
"7175","Cooking Needs","Baking & Cooking","Oils & Vinegars","Spectrum","Spectrum Organic Unrefined Coconut Oil","Spectrum Organic Unrefined Coconut Oil","12.19","0.0","","14 fl oz","14 fl oz","1834.jpg",,"2"
"7176","Cooking Needs","Baking & Cooking","Oils & Vinegars","Spectrum","Spectrum Walnut Oil","Spectrum Walnut Oil","8.59","0.0","","16 fl oz","16 fl oz","1835.jpg",,"2"
"7177","Cooking Needs","Baking & Cooking","Oils & Vinegars","Vermont Village","Vermont Village Apple Cider Vinegar Raw & Organic","Vermont Village Apple Cider Vinegar Raw & Organic","6.09","0.0","","32 fl oz","32 fl oz","15511.jpg",,"2"
"7178","Cooking Needs","Baking & Cooking","Oils & Vinegars","Vermont Village","Vermont Village Apple Cider Vinegar Raw & Organic","Vermont Village Apple Cider Vinegar Raw & Organic","4.89","0.0","","16 fl oz","16 fl oz","15517.jpg",,"2"
"7179","Cooking Needs","Baking & Cooking","Spices & Seasonings","Alessi","Alessi Sea Salt, Coarse","Alessi Sea Salt, Coarse","2.69","0.0","","24 oz","24 oz","15636.jpg",,"9"
"7180","Cooking Needs","Baking & Cooking","Spices & Seasonings","Alma","Alma Sesame Seeds","Alma Sesame Seeds","3.69","0.0","","3.5 oz","3.5 oz","15639.jpg",,"9"
"7181","Cooking Needs","Baking & Cooking","Spices & Seasonings","Badia","Badia All Purpose Seasoned Salt","Badia All Purpose Seasoned Salt","3.19","0.0","","16 oz","16 oz","2213.jpg",,"9"
"7182","Cooking Needs","Baking & Cooking","Spices & Seasonings","Badia","Badia Allspice","Badia Allspice","0.89","0.0","","0.5 oz","0.5 oz","2226.jpg",,"9"
"7183","Cooking Needs","Baking & Cooking","Spices & Seasonings","Badia","Badia Basil","Badia Basil","0.89","0.0","","0.75 oz","0.75 oz","2214.jpg",,"9"
"7184","Cooking Needs","Baking & Cooking","Spices & Seasonings","Badia","Badia Bay Leaves","Badia Bay Leaves","1.29","0.0","","0.2 oz","0.2 oz","2216.jpg",,"9"
"7185","Cooking Needs","Baking & Cooking","Spices & Seasonings","Badia","Badia Bay Leaves","Badia Bay Leaves","2.99","0.0","","0.17 oz","0.17 oz","2225.jpg",,"9"
"7186","Cooking Needs","Baking & Cooking","Spices & Seasonings","Badia","Badia Cinnamon Sticks","Badia Cinnamon Sticks","2.49","0.0","","1.25 oz","1.25 oz","2222.jpg",,"9"
"7187","Cooking Needs","Baking & Cooking","Spices & Seasonings","Badia","Badia Cinnamon Sticks","Badia Cinnamon Sticks","3.69","0.0","","9 oz","9 oz","2223.jpg",,"9"
"7188","Cooking Needs","Baking & Cooking","Spices & Seasonings","Badia","Badia Cumin Ground","Badia Cumin Ground","3.23","0.0","","7 oz","7 oz","2230.jpg",,"9"
"7189","Cooking Needs","Baking & Cooking","Spices & Seasonings","Badia","Badia Cumin Seed","Badia Cumin Seed","0.89","0.0","","1 oz","1 oz","2220.jpg",,"9"
"7190","Cooking Needs","Baking & Cooking","Spices & Seasonings","Badia","Badia Cumin, Ground","Badia Cumin, Ground","6.09","0.0","","16 oz","16 oz","2232.jpg",,"9"
"7191","Cooking Needs","Baking & Cooking","Spices & Seasonings","Badia","Badia Curry Powder","Badia Curry Powder","1.69","0.0","","2 oz","2 oz","2215.jpg",,"9"
"7192","Cooking Needs","Baking & Cooking","Spices & Seasonings","Badia","Badia Fajita Seasoning","Badia Fajita Seasoning","1.69","0.0","","2.75 oz","2.75 oz","2217.jpg",,"9"
"7193","Cooking Needs","Baking & Cooking","Spices & Seasonings","Badia","Badia Garlic Powder","Badia Garlic Powder","1.69","0.0","","3 oz","3 oz","2218.jpg",,"9"
"7194","Cooking Needs","Baking & Cooking","Spices & Seasonings","Badia","Badia Garlic Powder","Badia Garlic Powder","4.29","0.0","","10.5 oz","10.5 oz","2228.jpg",,"9"
"7195","Cooking Needs","Baking & Cooking","Spices & Seasonings","Badia","Badia Ginger Ground","Badia Ginger Ground","1.59","0.0","","1.5 oz","1.5 oz","2221.jpg",,"9"
"7196","Cooking Needs","Baking & Cooking","Spices & Seasonings","Badia","Badia Guajillo Chili","Badia Guajillo Chili","4.09","0.0","","3 oz","3 oz","2219.jpg",,"9"
"7197","Cooking Needs","Baking & Cooking","Spices & Seasonings","Badia","Badia Herbes De Provence French Blend","Badia Herbes De Provence French Blend","4.69","0.0","","1.5 oz","1.5 oz","2234.jpg",,"9"
"7198","Cooking Needs","Baking & Cooking","Spices & Seasonings","Badia","Badia Louisiana Cajun","Badia Louisiana Cajun","3.09","0.0","","2.75 oz","2.75 oz","2233.jpg",,"9"
"7199","Cooking Needs","Baking & Cooking","Spices & Seasonings","Badia","Badia Nutmeg, Ground","Badia Nutmeg, Ground","0.89","0.0","","0.5 oz","0.5 oz","2229.jpg",,"9"
"7200","Cooking Needs","Baking & Cooking","Spices & Seasonings","Badia","Badia Onion Powder","Badia Onion Powder","3.69","0.0","","9.5 oz","9.5 oz","2224.jpg",,"9"
"7201","Cooking Needs","Baking & Cooking","Spices & Seasonings","Badia","Badia Star Anise","Badia Star Anise","0.89","0.0","","0.5 oz","0.5 oz","2231.jpg",,"9"
"7202","Cooking Needs","Baking & Cooking","Spices & Seasonings","Bob's Red Mill","Bob's Red Mill Bobs Red Mill Flaxseed, Whole, Premium, Pouch","Bob's Red Mill Bobs Red Mill Flaxseed, Whole, Premium, Pouch","4.89","0.0","","13 oz","13 oz","15661.jpg",,"9"
"7203","Cooking Needs","Baking & Cooking","Spices & Seasonings","Bragg","Bragg Liquid Aminos All Purpose Seasoning Natural Soy Sauce Alternative","Bragg Liquid Aminos All Purpose Seasoning Natural Soy Sauce Alternative","5.49","0.0","","16 fl oz","16 fl oz","15654.jpg",,"3"
"7204","Cooking Needs","Baking & Cooking","Spices & Seasonings","Brownberry/Arnold/Oroweat","Brownberry/Arnold/Oroweat Herb Seasoned Cubed Stuffing","Brownberry/Arnold/Oroweat Herb Seasoned Cubed Stuffing","4.89","0.0","","12 oz","12 oz","15663.jpg",,"9"
"7205","Cooking Needs","Baking & Cooking","Spices & Seasonings","Cavender's","Cavender's Seasoning, Greek, All Purpose","Cavender's Seasoning, Greek, All Purpose","3.69","0.0","","8 oz","8 oz","15656.jpg",,"9"
"7206","Cooking Needs","Baking & Cooking","Spices & Seasonings","Chef Paul","Chef Paul Prudhomme Poultry Magic Seasoning Blend","Chef Paul Prudhomme Poultry Magic Seasoning Blend","4.89","0.0","","1 ct","1 ct","No Image.jpg",,"9"
"7207","Cooking Needs","Baking & Cooking","Spices & Seasonings","Chef Paul","Chef Paul Prudhomme's Magic Seasoning Blends Seafood Magic","Chef Paul Prudhomme's Magic Seasoning Blends Seafood Magic","3.09","0.0","","2 oz","2 oz","15658.jpg",,"9"
"7208","Cooking Needs","Baking & Cooking","Spices & Seasonings","Concord Foods","Concord Foods Guacamole Mix Mild","Concord Foods Guacamole Mix Mild","1.09","0.0","","1.1 oz","1.1 oz","15666.jpg",,"9"
"7209","Cooking Needs","Baking & Cooking","Spices & Seasonings","Concord Foods","Concord Foods Stir Fry Mix Asian Style","Concord Foods Stir Fry Mix Asian Style","0.99","0.0","","1.1 oz","1.1 oz","15657.jpg",,"3"
"7210","Cooking Needs","Baking & Cooking","Spices & Seasonings","David's","David's Kosher Salt","David's Kosher Salt","3.09","0.0","","16 oz","16 oz","15662.jpg",,"9"
"7211","Cooking Needs","Baking & Cooking","Spices & Seasonings","Diamond Crystal","Diamond Crystal Real Salt Salt Sense","Diamond Crystal Real Salt Salt Sense","1.29","0.0","","13 oz","13 oz","2286.jpg",,"9"
"7212","Cooking Needs","Baking & Cooking","Spices & Seasonings","Dragonfly","Dragonfly Oyster Sauce","Dragonfly Oyster Sauce","2.39","0.0","","20 oz","20 oz","15651.jpg",,"9"
"7213","Cooking Needs","Baking & Cooking","Spices & Seasonings","Emeril's","Emeril's Italian Seasoning Blend","Emeril's Italian Seasoning Blend","3.69","0.0","","0.77 oz","0.77 oz","15664.jpg",,"9"
"7214","Cooking Needs","Baking & Cooking","Spices & Seasonings","Garden Pure Fresh","Garden Pure Fresh Cut Pineapple","Garden Pure Fresh Cut Pineapple","3.49","0.0","","10 oz","10 oz","No Image.jpg",,"9"
"7215","Cooking Needs","Baking & Cooking","Spices & Seasonings","Goya","Goya Adobo All Purpose Seasoning","Goya Adobo All Purpose Seasoning","2.79","0.0","","16.5 oz","16.5 oz","2237.jpg",,"7"
"7216","Cooking Needs","Baking & Cooking","Spices & Seasonings","Goya","Goya Adobo All Purpose Seasoning","Goya Adobo All Purpose Seasoning","1.99","0.0","","8 oz","8 oz","2239.jpg",,"7"
"7217","Cooking Needs","Baking & Cooking","Spices & Seasonings","Goya","Goya Adobo Light All Purpose Seasoning With Pepper","Goya Adobo Light All Purpose Seasoning With Pepper","1.99","0.0","","8 oz","8 oz","2236.jpg",,"9"
"7218","Cooking Needs","Baking & Cooking","Spices & Seasonings","Goya","Goya Adobo Light All Purpose Seasoning without Pepper","Goya Adobo Light All Purpose Seasoning without Pepper","1.99","0.0","","8 oz","8 oz","2235.jpg",,"9"
"7219","Cooking Needs","Baking & Cooking","Spices & Seasonings","Goya","Goya Adobo Seasoning with Cumin","Goya Adobo Seasoning with Cumin","2.79","0.0","","16.5 oz","16.5 oz","2245.jpg",,"9"
"7220","Cooking Needs","Baking & Cooking","Spices & Seasonings","Goya","Goya Adobo with Pepper","Goya Adobo with Pepper","4.29","0.0","","28 oz","28 oz","2243.jpg",,"9"
"7221","Cooking Needs","Baking & Cooking","Spices & Seasonings","Goya","Goya All Purpose Seasoning","Goya All Purpose Seasoning","3.09","0.0","","16.5 oz","16.5 oz","2246.jpg",,"9"
"7222","Cooking Needs","Baking & Cooking","Spices & Seasonings","Goya","Goya All Purpose Seasoning Adobo","Goya All Purpose Seasoning Adobo","2.19","0.0","","12 oz","12 oz","2240.jpg",,"7"
"7223","Cooking Needs","Baking & Cooking","Spices & Seasonings","Goya","Goya Garlic Minced","Goya Garlic Minced","2.09","0.0","","4.5 oz","4.5 oz","2241.jpg",,"9"
"7224","Cooking Needs","Baking & Cooking","Spices & Seasonings","Goya","Goya Garlic Powder","Goya Garlic Powder","4.89","0.0","","8 oz","8 oz","2248.jpg",,"9"
"7225","Cooking Needs","Baking & Cooking","Spices & Seasonings","Goya","Goya Sason Coriander & Annatto Seasoning","Goya Sason Coriander & Annatto Seasoning","1.49","0.0","","1.41 oz","1.41 oz","2238.jpg",,"7"
"7226","Cooking Needs","Baking & Cooking","Spices & Seasonings","Goya","Goya Sazon A Unique Seasoning Without Annatto","Goya Sazon A Unique Seasoning Without Annatto","3.09","0.0","","20 x 3.52 oz","20 x 3.52 oz","2247.jpg",,"9"
"7227","Cooking Needs","Baking & Cooking","Spices & Seasonings","Goya","Goya Sazon Con Azafran Seasoning","Goya Sazon Con Azafran Seasoning","3.09","0.0","","3.52 oz","3.52 oz","2244.jpg",,"9"
"7228","Cooking Needs","Baking & Cooking","Spices & Seasonings","Goya","Goya Sazon Coriander & Annatto Seasoning","Goya Sazon Coriander & Annatto Seasoning","3.09","0.0","","3.52 oz","3.52 oz","2242.jpg",,"9"
"7229","Cooking Needs","Baking & Cooking","Spices & Seasonings","Hain","Hain Pure Foods Sea Salt Iodized","Hain Pure Foods Sea Salt Iodized","3.69","0.0","","26 oz","26 oz","15648.jpg",,"9"
"7230","Cooking Needs","Baking & Cooking","Spices & Seasonings","Infinite Herbs","Infinite Herbs Holiday Ham Blend","Infinite Herbs Holiday Ham Blend","3.69","0.0","","3 oz","3 oz","No Image.jpg",,"9"
"7231","Cooking Needs","Baking & Cooking","Spices & Seasonings","Knorr","Knorr Rice Side Dish Chicken Broccoli","Knorr Rice Side Dish Chicken Broccoli","1.29","0.0","","5.5 oz","5.5 oz","17970.jpg",,"9"
"7232","Cooking Needs","Baking & Cooking","Spices & Seasonings","Lawry's","Lawry's 25% Less Sodium Seasoned Salt","Lawry's 25% Less Sodium Seasoned Salt","2.49","0.0","","8 oz","8 oz","15630.jpg",,"9"
"7233","Cooking Needs","Baking & Cooking","Spices & Seasonings","Lawry's","Lawrys Seasoned Salt, Economy Size, Pre Priced","Lawrys Seasoned Salt, Economy Size, Pre Priced","2.49","0.0","","16 oz","16 oz","15643.jpg",,"9"
"7234","Cooking Needs","Baking & Cooking","Spices & Seasonings","Litehouse","Litehouse Freeze Dried Chives","Litehouse Freeze Dried Chives","4.09","0.0","","0.25 oz","0.25 oz","2277.jpg",,"9"
"7235","Cooking Needs","Baking & Cooking","Spices & Seasonings","Litehouse","Litehouse Freeze Dried Cilantro","Litehouse Freeze Dried Cilantro","4.09","0.0","","0.35 oz","0.35 oz","2279.jpg",,"9"
"7236","Cooking Needs","Baking & Cooking","Spices & Seasonings","Litehouse","Litehouse Freeze Dried Dill","Litehouse Freeze Dried Dill","4.09","0.0","","0.35 oz","0.35 oz","2282.jpg",,"9"
"7237","Cooking Needs","Baking & Cooking","Spices & Seasonings","Litehouse","Litehouse Freeze Dried Parsley","Litehouse Freeze Dried Parsley","4.09","0.0","","0.35 oz","0.35 oz","2281.jpg",,"9"
"7238","Cooking Needs","Baking & Cooking","Spices & Seasonings","Litehouse","Litehouse Freeze Dried Red Onion","Litehouse Freeze Dried Red Onion","4.09","0.0","","0.35 oz","0.35 oz","2280.jpg",,"9"
"7239","Cooking Needs","Baking & Cooking","Spices & Seasonings","Litehouse","Litehouse Freeze Dried Spring Onion","Litehouse Freeze Dried Spring Onion","4.09","0.0","","6 g","6 g","2283.jpg",,"9"
"7240","Cooking Needs","Baking & Cooking","Spices & Seasonings","Litehouse","Litehouse Italian Herb Blend","Litehouse Italian Herb Blend","4.09","0.0","","0.49 oz","0.49 oz","2284.jpg",,"9"
"7241","Cooking Needs","Baking & Cooking","Spices & Seasonings","Litehouse","Litehouse Poultry Herb Blend","Litehouse Poultry Herb Blend","4.09","0.0","","0.46 oz","0.46 oz","2278.jpg",,"9"
"7242","Cooking Needs","Baking & Cooking","Spices & Seasonings","Litehouse","Litehouse Salad Dressing Herb Blend","Litehouse Salad Dressing Herb Blend","4.09","0.0","","0.42 oz","0.42 oz","2276.jpg",,"9"
"7243","Cooking Needs","Baking & Cooking","Spices & Seasonings","Mariani","Mariani Sliced Almonds","Mariani Sliced Almonds","4.29","0.0","","10 oz","10 oz","15659.jpg",,"8"
"7244","Cooking Needs","Baking & Cooking","Spices & Seasonings","Market Basket","Market Basket Iodized Salt","Market Basket Iodized Salt","0.79","0.0","","28 oz","28 oz","Market Basket.jpg",,"9"
"7245","Cooking Needs","Baking & Cooking","Spices & Seasonings","Market Basket","Market Basket Salt","Market Basket Salt","0.59","0.0","","28 oz","28 oz","Market Basket.jpg",,"9"
"7246","Cooking Needs","Baking & Cooking","Spices & Seasonings","Market Basket","Mixed Pack of Peppers","Mixed Pack of Peppers","2.09","0.0","","1 lb","1 lb","Market Basket.jpg",,"9"
"7247","Cooking Needs","Baking & Cooking","Spices & Seasonings","McCormick","McCormick 30% Less Sodium Mild Chili Mild Seasoning Mix","McCormick 30% Less Sodium Mild Chili Mild Seasoning Mix","0.99","0.0","","1.25 oz","1.25 oz","2172.jpg",,"9"
"7248","Cooking Needs","Baking & Cooking","Spices & Seasonings","McCormick","McCormick Alum","McCormick Alum","4.89","0.0","","1.9 oz","1.9 oz","2160.jpg",,"9"
"7249","Cooking Needs","Baking & Cooking","Spices & Seasonings","McCormick","McCormick Apple Pie Spice","McCormick Apple Pie Spice","4.89","0.0","","1.12 oz","1.12 oz","2131.jpg",,"9"
"7250","Cooking Needs","Baking & Cooking","Spices & Seasonings","McCormick","McCormick Au Jus Gravy Mix","McCormick Au Jus Gravy Mix","1.09","0.0","","1 oz","1 oz","2145.jpg",,"9"
"7251","Cooking Needs","Baking & Cooking","Spices & Seasonings","McCormick","McCormick Banana Extract With Other Natural Flavors","McCormick Banana Extract With Other Natural Flavors","3.69","0.0","","1 fl oz","1 fl oz","2174.jpg",,"9"
"7252","Cooking Needs","Baking & Cooking","Spices & Seasonings","McCormick","McCormick Basil Leaves","McCormick Basil Leaves","4.89","0.0","","2.87 oz","2.87 oz","2185.jpg",,"9"
"7253","Cooking Needs","Baking & Cooking","Spices & Seasonings","McCormick","McCormick Bay Leaves","McCormick Bay Leaves","4.89","0.0","","0.62 oz","0.62 oz","2159.jpg",,"9"
"7254","Cooking Needs","Baking & Cooking","Spices & Seasonings","McCormick","McCormick Black Food Color","McCormick Black Food Color","3.69","0.0","","1 fl oz","1 fl oz","2120.jpg",,"9"
"7255","Cooking Needs","Baking & Cooking","Spices & Seasonings","McCormick","McCormick Black Pepper Grinder","McCormick Black Pepper Grinder","2.49","0.0","","1 oz","1 oz","2121.jpg",,"9"
"7256","Cooking Needs","Baking & Cooking","Spices & Seasonings","McCormick","McCormick Black Peppercorn Grinder","McCormick Black Peppercorn Grinder","2.49","0.0","","1.24 oz","1.24 oz","2151.jpg",,"9"
"7257","Cooking Needs","Baking & Cooking","Spices & Seasonings","McCormick","McCormick Butter Extract With Other Natural Flavors","McCormick Butter Extract With Other Natural Flavors","3.69","0.0","","1 fl oz","1 fl oz","2175.jpg",,"9"
"7258","Cooking Needs","Baking & Cooking","Spices & Seasonings","McCormick","McCormick California Style Garlic Pepper with Red Bell & Black Pepper Coarse Grind Seasoning","McCormick California Style Garlic Pepper with Red Bell & Black Pepper Coarse Grind Seasoning","3.69","0.0","","2.75 oz","2.75 oz","15660.jpg",,"9"
"7259","Cooking Needs","Baking & Cooking","Spices & Seasonings","McCormick","McCormick California Style Garlic Powder With Parsley Coarse Grind Blend","McCormick California Style Garlic Powder With Parsley Coarse Grind Blend","3.69","0.0","","3 oz","3 oz","15638.jpg",,"9"
"7260","Cooking Needs","Baking & Cooking","Spices & Seasonings","McCormick","McCormick Cayenne Pepper","McCormick Cayenne Pepper","6.09","0.0","","8.75 oz","8.75 oz","2179.jpg",,"9"
"7261","Cooking Needs","Baking & Cooking","Spices & Seasonings","McCormick","McCormick Chili Powder","McCormick Chili Powder","6.09","0.0","","9.25 oz","9.25 oz","2136.jpg",,"9"
"7262","Cooking Needs","Baking & Cooking","Spices & Seasonings","McCormick","McCormick Chili Powder","McCormick Chili Powder","2.49","0.0","","1.14 oz","1.14 oz","2152.jpg",,"9"
"7263","Cooking Needs","Baking & Cooking","Spices & Seasonings","McCormick","McCormick Chili Seasoning Mix","McCormick Chili Seasoning Mix","0.89","0.0","","1.25 oz","1.25 oz","2125.jpg",,"9"
"7264","Cooking Needs","Baking & Cooking","Spices & Seasonings","McCormick","McCormick Cilantro Leaves","McCormick Cilantro Leaves","3.69","0.0","","0.5 oz container","0.5 oz container","2141.jpg",,"9"
"7265","Cooking Needs","Baking & Cooking","Spices & Seasonings","McCormick","McCormick Coarse Ground Black Pepper","McCormick Coarse Ground Black Pepper","2.49","0.0","","3.12 oz","3.12 oz","2139.jpg",,"9"
"7266","Cooking Needs","Baking & Cooking","Spices & Seasonings","McCormick","McCormick Coconut Extract With Other Natural Flavors","McCormick Coconut Extract With Other Natural Flavors","3.69","0.0","","1 fl oz","1 fl oz","2140.jpg",,"9"
"7267","Cooking Needs","Baking & Cooking","Spices & Seasonings","McCormick","McCormick Cream Of Tartar","McCormick Cream Of Tartar","4.29","0.0","","1.5 oz","1.5 oz","2157.jpg",,"9"
"7268","Cooking Needs","Baking & Cooking","Spices & Seasonings","McCormick","McCormick Crushed Red Pepper","McCormick Crushed Red Pepper","3.69","0.0","","2.62 oz","2.62 oz","17924.jpg",,"9"
"7269","Cooking Needs","Baking & Cooking","Spices & Seasonings","McCormick","McCormick Curry Powder","McCormick Curry Powder","2.49","0.0","","1 oz","1 oz","2124.jpg",,"9"
"7270","Cooking Needs","Baking & Cooking","Spices & Seasonings","McCormick","McCormick Fajitas Seasoning Mix","McCormick Fajitas Seasoning Mix","0.99","0.0","","1.12 oz","1.12 oz","2137.jpg",,"9"
"7271","Cooking Needs","Baking & Cooking","Spices & Seasonings","McCormick","McCormick Freeze Dried Chives","McCormick Freeze Dried Chives","4.89","0.0","","0.16 oz container","0.16 oz container","2153.jpg",,"9"
"7272","Cooking Needs","Baking & Cooking","Spices & Seasonings","McCormick","McCormick Garlic Pepper Seasoning Grinder","McCormick Garlic Pepper Seasoning Grinder","2.49","0.0","","1.23 oz","1.23 oz","2167.jpg",,"9"
"7273","Cooking Needs","Baking & Cooking","Spices & Seasonings","McCormick","McCormick Garlic Powder","McCormick Garlic Powder","3.69","0.0","","3.12 oz","3.12 oz","2128.jpg",,"9"
"7274","Cooking Needs","Baking & Cooking","Spices & Seasonings","McCormick","McCormick Garlic Powder","McCormick Garlic Powder","7.39","0.0","","12.25 oz","12.25 oz","2144.jpg",,"9"
"7275","Cooking Needs","Baking & Cooking","Spices & Seasonings","McCormick","McCormick Garlic Seasoned Salt Grinder","McCormick Garlic Seasoned Salt Grinder","2.49","0.0","","1.58 oz","1.58 oz","2164.jpg",,"9"
"7276","Cooking Needs","Baking & Cooking","Spices & Seasonings","McCormick","McCormick Gluten Free Beef Stew Seasoning Mix","McCormick Gluten Free Beef Stew Seasoning Mix","1.29","0.0","","1.37 oz","1.37 oz","2176.jpg",,"9"
"7277","Cooking Needs","Baking & Cooking","Spices & Seasonings","McCormick","McCormick Gourmet All Natural Chives","McCormick Gourmet All Natural Chives","4.89","0.0","","0.12 oz container","0.12 oz container","2190.jpg",,"9"
"7278","Cooking Needs","Baking & Cooking","Spices & Seasonings","McCormick","McCormick Gourmet All Natural Flat Leaf Parsley","McCormick Gourmet All Natural Flat Leaf Parsley","4.89","0.0","","0.2 oz","0.2 oz","2188.jpg",,"9"
"7279","Cooking Needs","Baking & Cooking","Spices & Seasonings","McCormick","McCormick Gourmet All Natural Ground Savory","McCormick Gourmet All Natural Ground Savory","4.89","0.0","","3 x 1.37 oz","3 x 1.37 oz","2203.jpg",,"9"
"7280","Cooking Needs","Baking & Cooking","Spices & Seasonings","McCormick","McCormick Gourmet All Natural Hot Hungarian Paprika","McCormick Gourmet All Natural Hot Hungarian Paprika","4.09","0.0","","1.62 oz","1.62 oz","2210.jpg",,"9"
"7281","Cooking Needs","Baking & Cooking","Spices & Seasonings","McCormick","McCormick Gourmet All Natural Whole Cardamom Pods","McCormick Gourmet All Natural Whole Cardamom Pods","9.79","0.0","","0.95 oz","0.95 oz","2207.jpg",,"9"
"7282","Cooking Needs","Baking & Cooking","Spices & Seasonings","McCormick","McCormick Gourmet Ancho Chile Pepper","McCormick Gourmet Ancho Chile Pepper","4.89","0.0","","1.62 oz","1.62 oz","2199.jpg",,"9"
"7283","Cooking Needs","Baking & Cooking","Spices & Seasonings","McCormick","McCormick Gourmet Coriander Seed","McCormick Gourmet Coriander Seed","4.89","0.0","","1.12 oz","1.12 oz","2187.jpg",,"9"
"7284","Cooking Needs","Baking & Cooking","Spices & Seasonings","McCormick","McCormick Gourmet Organic Basil Leaves","McCormick Gourmet Organic Basil Leaves","4.89","0.0","","0.55 oz","0.55 oz","2196.jpg",,"9"
"7285","Cooking Needs","Baking & Cooking","Spices & Seasonings","McCormick","McCormick Gourmet Organic Cayenne Red Pepper","McCormick Gourmet Organic Cayenne Red Pepper","4.89","0.0","","1.5 oz","1.5 oz","2202.jpg",,"9"
"7286","Cooking Needs","Baking & Cooking","Spices & Seasonings","McCormick","McCormick Gourmet Organic Chipotle Chile Pepper","McCormick Gourmet Organic Chipotle Chile Pepper","6.09","0.0","","2 oz","2 oz","2191.jpg",,"9"
"7287","Cooking Needs","Baking & Cooking","Spices & Seasonings","McCormick","McCormick Gourmet Organic Crushed Rosemary","McCormick Gourmet Organic Crushed Rosemary","4.89","0.0","","1 oz","1 oz","2192.jpg",,"9"
"7288","Cooking Needs","Baking & Cooking","Spices & Seasonings","McCormick","McCormick Gourmet Organic Curry Powder","McCormick Gourmet Organic Curry Powder","4.89","0.0","","1.25 oz","1.25 oz","2193.jpg",,"9"
"7289","Cooking Needs","Baking & Cooking","Spices & Seasonings","McCormick","McCormick Gourmet Organic Dill Weed","McCormick Gourmet Organic Dill Weed","6.09","0.0","","0.5 oz","0.5 oz","2195.jpg",,"9"
"7290","Cooking Needs","Baking & Cooking","Spices & Seasonings","McCormick","McCormick Gourmet Organic Fennel Seed","McCormick Gourmet Organic Fennel Seed","4.89","0.0","","1 oz jar","1 oz jar","2212.jpg",,"9"
"7291","Cooking Needs","Baking & Cooking","Spices & Seasonings","McCormick","McCormick Gourmet Organic Garlic Powder","McCormick Gourmet Organic Garlic Powder","6.09","0.0","","2.25 oz","2.25 oz","2209.jpg",,"9"
"7292","Cooking Needs","Baking & Cooking","Spices & Seasonings","McCormick","McCormick Gourmet Organic Ground Cumin","McCormick Gourmet Organic Ground Cumin","4.89","0.0","","1.5 oz","1.5 oz","2205.jpg",,"9"
"7293","Cooking Needs","Baking & Cooking","Spices & Seasonings","McCormick","McCormick Gourmet Organic Ground Thyme","McCormick Gourmet Organic Ground Thyme","4.89","0.0","","1.25 oz","1.25 oz","2189.jpg",,"9"
"7294","Cooking Needs","Baking & Cooking","Spices & Seasonings","McCormick","McCormick Gourmet Organic Herbes De Provence","McCormick Gourmet Organic Herbes De Provence","4.89","0.0","","0.65 oz","0.65 oz","2211.jpg",,"9"
"7295","Cooking Needs","Baking & Cooking","Spices & Seasonings","McCormick","McCormick Gourmet Organic Marjoram Leaves","McCormick Gourmet Organic Marjoram Leaves","4.89","0.0","","0.37 oz","0.37 oz","2206.jpg",,"9"
"7296","Cooking Needs","Baking & Cooking","Spices & Seasonings","McCormick","McCormick Gourmet Organic Oregano Leaves","McCormick Gourmet Organic Oregano Leaves","4.89","0.0","","0.5 oz","0.5 oz","2198.jpg",,"9"
"7297","Cooking Needs","Baking & Cooking","Spices & Seasonings","McCormick","McCormick Gourmet Organic Poppy Seed","McCormick Gourmet Organic Poppy Seed","4.89","0.0","","2.12 oz","2.12 oz","2197.jpg",,"9"
"7298","Cooking Needs","Baking & Cooking","Spices & Seasonings","McCormick","McCormick Gourmet Organic Rubbed Sage","McCormick Gourmet Organic Rubbed Sage","6.09","0.0","","0.75 oz","0.75 oz","2208.jpg",,"9"
"7299","Cooking Needs","Baking & Cooking","Spices & Seasonings","McCormick","McCormick Gourmet Organic Smoked Paprika","McCormick Gourmet Organic Smoked Paprika","4.89","0.0","","1.62 oz","1.62 oz","2201.jpg",,"9"
"7300","Cooking Needs","Baking & Cooking","Spices & Seasonings","McCormick","McCormick Gourmet Organic Whole Nutmeg","McCormick Gourmet Organic Whole Nutmeg","7.39","0.0","","1.5 oz","1.5 oz","2186.jpg",,"9"
"7301","Cooking Needs","Baking & Cooking","Spices & Seasonings","McCormick","McCormick Gourmet Roasted Ground Coriander","McCormick Gourmet Roasted Ground Coriander","4.89","0.0","","1.25 oz","1.25 oz","2194.jpg",,"9"
"7302","Cooking Needs","Baking & Cooking","Spices & Seasonings","McCormick","McCormick Green Food Color","McCormick Green Food Color","3.69","0.0","","1 fl oz","1 fl oz","2168.jpg",,"9"
"7303","Cooking Needs","Baking & Cooking","Spices & Seasonings","McCormick","McCormick Grill Mates 25% Less Sodium Montreal Chicken Seasoning","McCormick Grill Mates 25% Less Sodium Montreal Chicken Seasoning","2.49","0.0","","2.87 oz","2.87 oz","2268.jpg",,"9"
"7304","Cooking Needs","Baking & Cooking","Spices & Seasonings","McCormick","McCormick Grill Mates 25% Less Sodium Montreal Steak Seasoning","McCormick Grill Mates 25% Less Sodium Montreal Steak Seasoning","2.49","0.0","","3.18 oz","3.18 oz","2274.jpg",,"9"
"7305","Cooking Needs","Baking & Cooking","Spices & Seasonings","McCormick","McCormick Grill Mates Barbecue Seasoning","McCormick Grill Mates Barbecue Seasoning","2.49","0.0","","3 oz","3 oz","2271.jpg",,"9"
"7306","Cooking Needs","Baking & Cooking","Spices & Seasonings","McCormick","McCormick Grill Mates Chipotle Pepper Marinade Mix","McCormick Grill Mates Chipotle Pepper Marinade Mix","1.29","0.0","","1.13 oz","1.13 oz","2270.jpg",,"9"
"7307","Cooking Needs","Baking & Cooking","Spices & Seasonings","McCormick","McCormick Grill Mates Garden Vegetable Seasoning","McCormick Grill Mates Garden Vegetable Seasoning","2.49","0.0","","3.12 oz","3.12 oz","2273.jpg",,"9"
"7308","Cooking Needs","Baking & Cooking","Spices & Seasonings","McCormick","McCormick Grill Mates Hamburger Seasoning","McCormick Grill Mates Hamburger Seasoning","2.49","0.0","","2.75 oz","2.75 oz","2266.jpg",,"9"
"7309","Cooking Needs","Baking & Cooking","Spices & Seasonings","McCormick","McCormick Grill Mates Montreal Steak Seasoning","McCormick Grill Mates Montreal Steak Seasoning","4.89","0.0","","3.4 oz","3.4 oz","2267.jpg",,"9"
"7310","Cooking Needs","Baking & Cooking","Spices & Seasonings","McCormick","McCormick Grill Mates Montreal Steak Seasoning","McCormick Grill Mates Montreal Steak Seasoning","6.09","0.0","","14.5 oz","14.5 oz","2272.jpg",,"9"
"7311","Cooking Needs","Baking & Cooking","Spices & Seasonings","McCormick","McCormick Grill Mates Sweet & Smoky Rub","McCormick Grill Mates Sweet & Smoky Rub","3.69","0.0","","4.76 oz","4.76 oz","2269.jpg",,"9"
"7312","Cooking Needs","Baking & Cooking","Spices & Seasonings","McCormick","McCormick Ground Black Pepper","McCormick Ground Black Pepper","3.09","0.0","","3 oz","3 oz","2130.jpg",,"9"
"7313","Cooking Needs","Baking & Cooking","Spices & Seasonings","McCormick","McCormick Ground Cinnamon","McCormick Ground Cinnamon","2.49","0.0","","1 oz","1 oz","2127.jpg",,"9"
"7314","Cooking Needs","Baking & Cooking","Spices & Seasonings","McCormick","McCormick Ground Cinnamon","McCormick Ground Cinnamon","6.09","0.0","","8.75 oz","8.75 oz","2169.jpg",,"9"
"7315","Cooking Needs","Baking & Cooking","Spices & Seasonings","McCormick","McCormick Ground Cumin","McCormick Ground Cumin","7.39","0.0","","7.62 oz","7.62 oz","2118.jpg",,"9"
"7316","Cooking Needs","Baking & Cooking","Spices & Seasonings","McCormick","McCormick Ground Cumin","McCormick Ground Cumin","4.89","0.0","","1.5 oz","1.5 oz","2149.jpg",,"9"
"7317","Cooking Needs","Baking & Cooking","Spices & Seasonings","McCormick","McCormick Ground Ginger","McCormick Ground Ginger","11.99","0.0","","8 oz","8 oz","2154.jpg",,"9"
"7318","Cooking Needs","Baking & Cooking","Spices & Seasonings","McCormick","McCormick Ground Mustard","McCormick Ground Mustard","3.69","0.0","","0.85 oz","0.85 oz","2171.jpg",,"9"
"7319","Cooking Needs","Baking & Cooking","Spices & Seasonings","McCormick","McCormick Ground Oregano","McCormick Ground Oregano","2.49","0.0","","0.75 oz","0.75 oz","2161.jpg",,"9"
"7320","Cooking Needs","Baking & Cooking","Spices & Seasonings","McCormick","McCormick Ground Sage","McCormick Ground Sage","4.89","0.0","","0.6 oz container","0.6 oz container","2166.jpg",,"9"
"7321","Cooking Needs","Baking & Cooking","Spices & Seasonings","McCormick","McCormick Ground Thyme","McCormick Ground Thyme","2.49","0.0","","0.7 oz","0.7 oz","2165.jpg",,"9"
"7322","Cooking Needs","Baking & Cooking","Spices & Seasonings","McCormick","McCormick Ground Turmeric","McCormick Ground Turmeric","2.49","0.0","","0.95 oz container","0.95 oz container","2132.jpg",,"9"
"7323","Cooking Needs","Baking & Cooking","Spices & Seasonings","McCormick","McCormick Hot Taco Seasoning Mix","McCormick Hot Taco Seasoning Mix","0.89","0.0","","1.25 oz","1.25 oz","2291.jpg",,"9"
"7324","Cooking Needs","Baking & Cooking","Spices & Seasonings","McCormick","McCormick Hot Taco Seasoning Mix","McCormick Hot Taco Seasoning Mix","1.89","0.0","","1 oz","1 oz","2142.jpg",,"9"
"7325","Cooking Needs","Baking & Cooking","Spices & Seasonings","McCormick","McCormick Imitation Almond Extract","McCormick Imitation Almond Extract","6.09","0.0","","2 fl oz","2 fl oz","2173.jpg",,"9"
"7326","Cooking Needs","Baking & Cooking","Spices & Seasonings","McCormick","McCormick Italian Herb Seasoning Grinder","McCormick Italian Herb Seasoning Grinder","2.49","0.0","","0.77 oz","0.77 oz","2155.jpg",,"9"
"7327","Cooking Needs","Baking & Cooking","Spices & Seasonings","McCormick","McCormick Mild Chili Seasoning Mix","McCormick Mild Chili Seasoning Mix","0.99","0.0","","1.25 oz","1.25 oz","2126.jpg",,"9"
"7328","Cooking Needs","Baking & Cooking","Spices & Seasonings","McCormick","McCormick Minced Onion","McCormick Minced Onion","6.09","0.0","","8.25 oz","8.25 oz","2143.jpg",,"9"
"7329","Cooking Needs","Baking & Cooking","Spices & Seasonings","McCormick","McCormick Onion Powder","McCormick Onion Powder","3.69","0.0","","2.62 oz","2.62 oz","2133.jpg",,"9"
"7330","Cooking Needs","Baking & Cooking","Spices & Seasonings","McCormick","McCormick Onion Powder","McCormick Onion Powder","6.09","0.0","","7.62 oz","7.62 oz","2158.jpg",,"9"
"7331","Cooking Needs","Baking & Cooking","Spices & Seasonings","McCormick","McCormick Oregano Leaves","McCormick Oregano Leaves","4.89","0.0","","3.12 oz","3.12 oz","2147.jpg",,"9"
"7332","Cooking Needs","Baking & Cooking","Spices & Seasonings","McCormick","McCormick Paprika","McCormick Paprika","4.89","0.0","","8.5 oz","8.5 oz","2288.jpg",,"9"
"7333","Cooking Needs","Baking & Cooking","Spices & Seasonings","McCormick","McCormick Paprika","McCormick Paprika","3.69","0.0","","2.12 oz","2.12 oz","2148.jpg",,"9"
"7334","Cooking Needs","Baking & Cooking","Spices & Seasonings","McCormick","McCormick Paprika","McCormick Paprika","2.49","0.0","","1 oz","1 oz","2150.jpg",,"9"
"7335","Cooking Needs","Baking & Cooking","Spices & Seasonings","McCormick","McCormick Parsley Flakes","McCormick Parsley Flakes","4.89","0.0","","1.2 oz","1.2 oz","2156.jpg",,"9"
"7336","Cooking Needs","Baking & Cooking","Spices & Seasonings","McCormick","McCormick Peppercorn Medley Grinder","McCormick Peppercorn Medley Grinder","2.49","0.0","","0.85 oz","0.85 oz","2135.jpg",,"9"
"7337","Cooking Needs","Baking & Cooking","Spices & Seasonings","McCormick","McCormick Perfect Pinch Cajun Seasoning","McCormick Perfect Pinch Cajun Seasoning","2.79","0.0","","3.18 oz","3.18 oz","15631.jpg",,"9"
"7338","Cooking Needs","Baking & Cooking","Spices & Seasonings","McCormick","McCormick Perfect Pinch Italian Seasoning","McCormick Perfect Pinch Italian Seasoning","2.49","0.0","","0.75 oz","0.75 oz","15623.jpg",,"9"
"7339","Cooking Needs","Baking & Cooking","Spices & Seasonings","McCormick","McCormick Perfect Pinch Italian Seasoning","McCormick Perfect Pinch Italian Seasoning","4.89","0.0","","3.25 oz","3.25 oz","15669.jpg",,"9"
"7340","Cooking Needs","Baking & Cooking","Spices & Seasonings","McCormick","McCormick Premium Vanilla Flavor","McCormick Premium Vanilla Flavor","3.69","0.0","","4 fl oz","4 fl oz","2182.jpg",,"9"
"7341","Cooking Needs","Baking & Cooking","Spices & Seasonings","McCormick","McCormick Pure Almond Extract","McCormick Pure Almond Extract","3.69","0.0","","1 fl oz","1 fl oz","2290.jpg",,"9"
"7342","Cooking Needs","Baking & Cooking","Spices & Seasonings","McCormick","McCormick Pure Anise Extract","McCormick Pure Anise Extract","3.69","0.0","","1 fl oz","1 fl oz","2177.jpg",,"9"
"7343","Cooking Needs","Baking & Cooking","Spices & Seasonings","McCormick","McCormick Pure Ground Black Pepper","McCormick Pure Ground Black Pepper","6.09","0.0","","7.75 oz","7.75 oz","2289.jpg",,"9"
"7344","Cooking Needs","Baking & Cooking","Spices & Seasonings","McCormick","McCormick Pure Lemon Extract","McCormick Pure Lemon Extract","3.69","0.0","","1 fl oz","1 fl oz","2138.jpg",,"9"
"7345","Cooking Needs","Baking & Cooking","Spices & Seasonings","McCormick","McCormick Pure Orange Extract","McCormick Pure Orange Extract","3.69","0.0","","1 fl oz","1 fl oz","2170.jpg",,"9"
"7346","Cooking Needs","Baking & Cooking","Spices & Seasonings","McCormick","McCormick Pure Peppermint Extract","McCormick Pure Peppermint Extract","3.69","0.0","","1 fl oz","1 fl oz","2183.jpg",,"9"
"7347","Cooking Needs","Baking & Cooking","Spices & Seasonings","McCormick","McCormick Raspberry Extract With Other Natural Flavors","McCormick Raspberry Extract With Other Natural Flavors","3.69","0.0","","1 fl oz","1 fl oz","2181.jpg",,"9"
"7348","Cooking Needs","Baking & Cooking","Spices & Seasonings","McCormick","McCormick Red Food Color","McCormick Red Food Color","3.69","0.0","","1 fl oz","1 fl oz","2184.jpg",,"9"
"7349","Cooking Needs","Baking & Cooking","Spices & Seasonings","McCormick","McCormick Rosemary Leaves","McCormick Rosemary Leaves","2.49","0.0","","0.35 oz container","0.35 oz container","2162.jpg",,"9"
"7350","Cooking Needs","Baking & Cooking","Spices & Seasonings","McCormick","McCormick Rum Extract With Other Natural Flavors","McCormick Rum Extract With Other Natural Flavors","3.69","0.0","","1 fl oz","1 fl oz","2180.jpg",,"9"
"7351","Cooking Needs","Baking & Cooking","Spices & Seasonings","McCormick","McCormick Sea Salt Grinder","McCormick Sea Salt Grinder","2.49","0.0","","2.12 oz","2.12 oz","2122.jpg",,"9"
"7352","Cooking Needs","Baking & Cooking","Spices & Seasonings","McCormick","McCormick Super Deal Cinnamon Sugar","McCormick Super Deal Cinnamon Sugar","7.39","0.0","","15 oz","15 oz","15649.jpg",,"9"
"7353","Cooking Needs","Baking & Cooking","Spices & Seasonings","McCormick","McCormick Taco Seasoning Mix","McCormick Taco Seasoning Mix","1.89","0.0","","1.25 oz","1.25 oz","2287.jpg",,"9"
"7354","Cooking Needs","Baking & Cooking","Spices & Seasonings","McCormick","McCormick Turkey Gravy Mix","McCormick Turkey Gravy Mix","0.89","0.0","","0.87 oz","0.87 oz","2134.jpg",,"9"
"7355","Cooking Needs","Baking & Cooking","Spices & Seasonings","McCormick","McCormick Whole Black Peppercorns","McCormick Whole Black Peppercorns","3.69","0.0","","4.25 oz","4.25 oz","2146.jpg",,"9"
"7356","Cooking Needs","Baking & Cooking","Spices & Seasonings","McCormick","McCormick Whole Celery Seed","McCormick Whole Celery Seed","4.89","0.0","","0.95 oz container","0.95 oz container","2163.jpg",,"9"
"7357","Cooking Needs","Baking & Cooking","Spices & Seasonings","McCormick","Morton McCormick Iodized Salt & Pepper","Morton McCormick Iodized Salt & Pepper","1.69","0.0","","2 count","2 count","15627.jpg",,"9"
"7358","Cooking Needs","Baking & Cooking","Spices & Seasonings","Morton","Morton Iodized Salt","Morton Iodized Salt","1.09","0.0","","26 oz","26 oz","15622.jpg",,"9"
"7359","Cooking Needs","Baking & Cooking","Spices & Seasonings","Morton","Morton Salt","Morton Salt","1.09","0.0","","26 oz","26 oz","15629.jpg",,"9"
"7360","Cooking Needs","Baking & Cooking","Spices & Seasonings","Morton","Morton Salt, Kosher, Coarse, Box","Morton Salt, Kosher, Coarse, Box","2.49","0.0","","48 oz","48 oz","15632.jpg",,"9"
"7361","Cooking Needs","Baking & Cooking","Spices & Seasonings","Morton & Bassett Spices","Morton & Bassett Spices Whole Black Peppercorns","Morton & Bassett Spices Whole Black Peppercorns","6.09","0.0","","2.1 oz","2.1 oz","2252.jpg",,"9"
"7362","Cooking Needs","Baking & Cooking","Spices & Seasonings","Mrs. Dash","Mrs. Dash Italian Medley Seasoning Blend Salt Free","Mrs. Dash Italian Medley Seasoning Blend Salt Free","3.69","0.0","","2 oz","2 oz","15645.jpg",,"9"
"7363","Cooking Needs","Baking & Cooking","Spices & Seasonings","Mrs. Dash","Mrs. Dash Mrs. Dash Salt Free Seasoning Blend Lemon Pepper","Mrs. Dash Mrs. Dash Salt Free Seasoning Blend Lemon Pepper","3.69","0.0","","2.5 oz","2.5 oz","15641.jpg",,"9"
"7364","Cooking Needs","Baking & Cooking","Spices & Seasonings","Mrs. Dash","Mrs. Dash Mrs. Dash Salt Free Seasoning Blend Original Blend","Mrs. Dash Mrs. Dash Salt Free Seasoning Blend Original Blend","3.69","0.0","","2.5 oz","2.5 oz","15644.jpg",,"9"
"7365","Cooking Needs","Baking & Cooking","Spices & Seasonings","Mrs. Dash","Mrs. Dash Mrs. Dash Salt Free Seasoning Blend Table Blend","Mrs. Dash Mrs. Dash Salt Free Seasoning Blend Table Blend","3.69","0.0","","2.5 oz","2.5 oz","15655.jpg",,"9"
"7366","Cooking Needs","Baking & Cooking","Spices & Seasonings","Mrs. Dash","Mrs. Dash Salt Free Seasoning Blend Garlic & Herb","Mrs. Dash Salt Free Seasoning Blend Garlic & Herb","3.69","0.0","","2.5 oz","2.5 oz","15637.jpg",,"9"
"7367","Cooking Needs","Baking & Cooking","Spices & Seasonings","NoSalt","NoSalt Sodium Free Salt Alternative","NoSalt Sodium Free Salt Alternative","5.79","0.0","","11 oz","11 oz","15665.jpg",,"9"
"7368","Cooking Needs","Baking & Cooking","Spices & Seasonings","Nu-Salt","Nu Salt Salt Substitute","Nu Salt Salt Substitute","2.19","0.0","","3 oz","3 oz","15652.jpg",,"9"
"7369","Cooking Needs","Baking & Cooking","Spices & Seasonings","Old Bay","Old Bay 30% Less Sodium Seasoning","Old Bay 30% Less Sodium Seasoning","3.09","0.0","","2.62 oz","2.62 oz","15633.jpg",,"9"
"7370","Cooking Needs","Baking & Cooking","Spices & Seasonings","Old Bay","Old Bay Shaker Bottle Seafood Seasoning","Old Bay Shaker Bottle Seafood Seasoning","3.09","0.0","","2.62 oz","2.62 oz","15625.jpg",,"9"
"7371","Cooking Needs","Baking & Cooking","Spices & Seasonings","Old El Paso","Old El Paso Hot and Spicy Taco Seasoning Mix","Old El Paso Hot and Spicy Taco Seasoning Mix","0.99","0.0","","1 oz","1 oz","15640.jpg",,"7"
"7372","Cooking Needs","Baking & Cooking","Spices & Seasonings","Olde Thompson","Olde Thompson Adjustable Grinder Black Peppercorn","Olde Thompson Adjustable Grinder Black Peppercorn","7.39","0.0","","5.4 oz","5.4 oz","No Image.jpg",,"9"
"7373","Cooking Needs","Baking & Cooking","Spices & Seasonings","Olde Thompson","Olde Thompson Mediterranean Sea Salt Grinder","Olde Thompson Mediterranean Sea Salt Grinder","4.89","0.0","","11 oz","11 oz","15670.jpg",,"9"
"7374","Cooking Needs","Baking & Cooking","Spices & Seasonings","Ortega","Ortega Original Taco Seasoning Mix","Ortega Original Taco Seasoning Mix","0.99","0.0","","1.25 oz","1.25 oz","15650.jpg",,"7"
"7375","Cooking Needs","Baking & Cooking","Spices & Seasonings","Ortega","Ortega Taco Seasoning Mix Less Sodium","Ortega Taco Seasoning Mix Less Sodium","0.99","0.0","","1.25 oz","1.25 oz","15634.jpg",,"7"
"7376","Cooking Needs","Baking & Cooking","Spices & Seasonings","Pride of Szeged","Pride of Szeged Paprika Hungarian","Pride of Szeged Paprika Hungarian","4.89","0.0","","4 oz","4 oz","15642.jpg",,"9"
"7377","Cooking Needs","Baking & Cooking","Spices & Seasonings","Progresso","Progresso Chicken Broth, Unsalted","Progresso Chicken Broth, Unsalted","2.99","0.0","","32 oz","32 oz","15635.jpg",,"9"
"7378","Cooking Needs","Baking & Cooking","Spices & Seasonings","Solo","Solo Italia Lemon Juice, Garden, Bottle","Solo Italia Lemon Juice, Garden, Bottle","1.29","0.0","","4.23 oz","4.23 oz","15628.jpg",,"20"
"7379","Cooking Needs","Baking & Cooking","Spices & Seasonings","Spice Classics","Spice Classics Basil Leaves","Spice Classics Basil Leaves","1.29","0.0","","0.75 oz","0.75 oz","2264.jpg",,"9"
"7380","Cooking Needs","Baking & Cooking","Spices & Seasonings","Spice Classics","Spice Classics Bay Leaves","Spice Classics Bay Leaves","1.29","0.0","","0.16 oz","0.16 oz","2259.jpg",,"9"
"7381","Cooking Needs","Baking & Cooking","Spices & Seasonings","Spice Classics","Spice Classics Celery Salt","Spice Classics Celery Salt","1.29","0.0","","4 oz","4 oz","2263.jpg",,"9"
"7382","Cooking Needs","Baking & Cooking","Spices & Seasonings","Spice Classics","Spice Classics Chili Powder","Spice Classics Chili Powder","1.29","0.0","","2.87 oz","2.87 oz","2255.jpg",,"9"
"7383","Cooking Needs","Baking & Cooking","Spices & Seasonings","Spice Classics","Spice Classics Cinnamon","Spice Classics Cinnamon","1.29","0.0","","2.37 oz","2.37 oz","2257.jpg",,"9"
"7384","Cooking Needs","Baking & Cooking","Spices & Seasonings","Spice Classics","Spice Classics Garlic Powder","Spice Classics Garlic Powder","1.29","0.0","","2.5 oz","2.5 oz","2253.jpg",,"9"
"7385","Cooking Needs","Baking & Cooking","Spices & Seasonings","Spice Classics","Spice Classics Garlic Salt","Spice Classics Garlic Salt","1.29","0.0","","5.7 oz","5.7 oz","2262.jpg",,"9"
"7386","Cooking Needs","Baking & Cooking","Spices & Seasonings","Spice Classics","Spice Classics Onion Powder","Spice Classics Onion Powder","1.29","0.0","","2.62 oz","2.62 oz","2254.jpg",,"9"
"7387","Cooking Needs","Baking & Cooking","Spices & Seasonings","Spice Classics","Spice Classics Onion Salt","Spice Classics Onion Salt","1.29","0.0","","5.5 oz","5.5 oz","2265.jpg",,"9"
"7388","Cooking Needs","Baking & Cooking","Spices & Seasonings","Spice Classics","Spice Classics Oregano","Spice Classics Oregano","1.29","0.0","","0.87 oz","0.87 oz","2261.jpg",,"9"
"7389","Cooking Needs","Baking & Cooking","Spices & Seasonings","Spice Classics","Spice Classics Parsley Flakes","Spice Classics Parsley Flakes","1.29","0.0","","0.4 oz","0.4 oz","2260.jpg",,"9"
"7390","Cooking Needs","Baking & Cooking","Spices & Seasonings","Spice Classics","Spice Classics Red Pepper","Spice Classics Red Pepper","1.29","0.0","","1.75 oz","1.75 oz","2256.jpg",,"9"
"7391","Cooking Needs","Baking & Cooking","Spices & Seasonings","Spice Classics","Spice Classics Seasoning","Spice Classics Seasoning","1.29","0.0","","0.87 oz","0.87 oz","2258.jpg",,"9"
"7392","Cooking Needs","Canned Food","Canned & Jarred Vegetables","Amore","Garlic Paste","Garlic Paste","4.89","0.0","","3.2 oz","3.2 oz","17103.jpg",,"9"
"7393","Cooking Needs","Canned Food","Canned & Jarred Vegetables","Amore","Tomato Paste","Tomato Paste","3.09","0.0","","4.5 oz","4.5 oz","17100.jpg",,"4"
"7394","Cooking Needs","Canned Food","Canned & Jarred Vegetables","Botticelli","Fire Roasted Sweet Red Peppers","Fire Roasted Sweet Red Peppers","1.89","0.0","","12 oz","12 oz","17111.jpg",,"9"
"7395","Cooking Needs","Canned Food","Canned & Jarred Vegetables","Bruce's","Bruce's Yams Cut Sweet Potatoes in Syrup","Bruce's Yams Cut Sweet Potatoes in Syrup","1.59","0.0","","15 oz","15 oz","17104.jpg",,"9"
"7396","Cooking Needs","Canned Food","Canned & Jarred Vegetables","Bruce's","Bruce's Yams Whole Sweet Potatoes In Syrup","Bruce's Yams Whole Sweet Potatoes In Syrup","1.89","0.0","","16 oz","16 oz","17108.jpg",,"9"
"7397","Cooking Needs","Canned Food","Canned & Jarred Vegetables","Bush's Best","Bush's Best Chili Beans Black Beans Mild Chili Sauce","Bush's Best Chili Beans Black Beans Mild Chili Sauce","1.29","0.0","","15.5 oz","15.5 oz","17099.jpg",,"9"
"7398","Cooking Needs","Canned Food","Canned & Jarred Vegetables","Cento","Cento All Purpose Crushed Tomatoes","Cento All Purpose Crushed Tomatoes","3.69","0.0","","28 oz","28 oz","5081.jpg",,"9"
"7399","Cooking Needs","Canned Food","Canned & Jarred Vegetables","Cento","Cento Artichoke Hearts","Cento Artichoke Hearts","2.79","0.0","","14 oz","14 oz","5080.jpg",,"9"
"7400","Cooking Needs","Canned Food","Canned & Jarred Vegetables","Cento","Cento San Marzano Whole Peeled Tomatoes with Basil Leaf, Certified","Cento San Marzano Whole Peeled Tomatoes with Basil Leaf, Certified","3.69","0.0","","28 oz","28 oz","5079.jpg",,"9"
"7401","Cooking Needs","Canned Food","Canned & Jarred Vegetables","Cento","Cento Tomato Paste","Cento Tomato Paste","0.69","0.0","","6 oz","6 oz","5078.jpg",,"9"
"7402","Cooking Needs","Canned Food","Canned & Jarred Vegetables","Cento","Cento Tomato Puree","Cento Tomato Puree","3.69","0.0","","28 oz","28 oz","5082.jpg",,"9"
"7403","Cooking Needs","Canned Food","Canned & Jarred Vegetables","CHI-CHI'S","Chi Chi's Diced Fiesta Green Chilis","Chi Chi's Diced Fiesta Green Chilis","1.29","0.0","","4 oz","4 oz","No Image.jpg",,"9"
"7404","Cooking Needs","Canned Food","Canned & Jarred Vegetables","Contadina","Contadina Crushed Tomatoes in Tomato Puree","Contadina Crushed Tomatoes in Tomato Puree","1.89","0.0","","28 oz","28 oz","5076.jpg",,"4"
"7405","Cooking Needs","Canned Food","Canned & Jarred Vegetables","Contadina","Contadina Roma Style Tomatoes Crushed with Italian Herbs","Contadina Roma Style Tomatoes Crushed with Italian Herbs","1.89","0.0","","28 oz","28 oz","5074.jpg",,"9"
"7406","Cooking Needs","Canned Food","Canned & Jarred Vegetables","Contadina","Contadina Sauce with Italian Herbs","Contadina Sauce with Italian Herbs","1.09","0.0","","15 oz","15 oz","5073.jpg",,"9"
"7407","Cooking Needs","Canned Food","Canned & Jarred Vegetables","Contadina","Contadina Sauce with Natural Sea Salt","Contadina Sauce with Natural Sea Salt","1.09","0.0","","15 oz","15 oz","5072.jpg",,"9"
"7408","Cooking Needs","Canned Food","Canned & Jarred Vegetables","Contadina","Contadina Tomato Paste","Contadina Tomato Paste","1.29","0.0","","6 oz","6 oz","5075.jpg",,"9"
"7409","Cooking Needs","Canned Food","Canned & Jarred Vegetables","Contadina","Contadina Tomato Paste","Contadina Tomato Paste","1.89","0.0","","12 oz","12 oz","5077.jpg",,"9"
"7410","Cooking Needs","Canned Food","Canned & Jarred Vegetables","Del Monte","Del Monte Diced Tomatoes Diced with the Flavors of Basil Garlic & Oregano","Del Monte Diced Tomatoes Diced with the Flavors of Basil Garlic & Oregano","1.29","0.0","","14.5 oz","14.5 oz","5028.jpg",,"9"
"7411","Cooking Needs","Canned Food","Canned & Jarred Vegetables","Del Monte","Del Monte Diced with Basil, Garlic & Oregano Tomatoes","Del Monte Diced with Basil, Garlic & Oregano Tomatoes","1.29","0.0","","14.5 oz","14.5 oz","5034.jpg",,"9"
"7412","Cooking Needs","Canned Food","Canned & Jarred Vegetables","Del Monte","Del Monte Harvest Selects Peas & Carrots","Del Monte Harvest Selects Peas & Carrots","0.99","0.0","","8.5 oz","8.5 oz","5022.jpg",,"9"
"7413","Cooking Needs","Canned Food","Canned & Jarred Vegetables","Del Monte","Del Monte Leaf Spinach","Del Monte Leaf Spinach","1.09","0.0","","13.5 oz","13.5 oz","5027.jpg",,"9"
"7414","Cooking Needs","Canned Food","Canned & Jarred Vegetables","Del Monte","Del Monte Original Recipe Stewed Tomatoes with Onions, Celery & Green Peppers","Del Monte Original Recipe Stewed Tomatoes with Onions, Celery & Green Peppers","1.29","0.0","","14.5 oz","14.5 oz","5030.jpg",,"9"
"7415","Cooking Needs","Canned Food","Canned & Jarred Vegetables","Del Monte","Del Monte Petite Cut Diced Hot with Jalapeno & Habanero Tomatoes","Del Monte Petite Cut Diced Hot with Jalapeno & Habanero Tomatoes","1.29","0.0","","14.5 oz","14.5 oz","5020.jpg",,"9"
"7416","Cooking Needs","Canned Food","Canned & Jarred Vegetables","Del Monte","Del Monte Petite Cut Diced No Salt Added Tomatoes","Del Monte Petite Cut Diced No Salt Added Tomatoes","1.29","0.0","","14.5 oz","14.5 oz","5037.jpg",,"9"
"7417","Cooking Needs","Canned Food","Canned & Jarred Vegetables","Del Monte","Del Monte Sliced Carrots","Del Monte Sliced Carrots","1.09","0.0","","14.5 oz","14.5 oz","5023.jpg",,"9"
"7418","Cooking Needs","Canned Food","Canned & Jarred Vegetables","Del Monte","Del Monte Stewed Tomatoes No Salt Added","Del Monte Stewed Tomatoes No Salt Added","1.29","0.0","","14.5 oz","14.5 oz","5031.jpg",,"9"
"7419","Cooking Needs","Canned Food","Canned & Jarred Vegetables","Del Monte","Del Monte Tomatoes, Diced with Zesty Mild Green Chiles","Del Monte Tomatoes, Diced with Zesty Mild Green Chiles","2.09","0.0","","14.5 oz","14.5 oz","5036.jpg",,"9"
"7420","Cooking Needs","Canned Food","Canned & Jarred Vegetables","Del Monte","Del Monte Whole Kernel Corn","Del Monte Whole Kernel Corn","1.09","0.0","","15.25 oz","15.25 oz","5017.jpg",,"9"
"7421","Cooking Needs","Canned Food","Canned & Jarred Vegetables","Del Monte","Del Monte Whole Kernel Corn","Del Monte Whole Kernel Corn","0.99","0.0","","8.75 oz","8.75 oz","5018.jpg",,"9"
"7422","Cooking Needs","Canned Food","Canned & Jarred Vegetables","Del Monte","Del Monte Whole Kernel Corn","Del Monte Whole Kernel Corn","1.09","0.0","","15.25 oz","15.25 oz","5035.jpg",,"9"
"7423","Cooking Needs","Canned Food","Canned & Jarred Vegetables","Del Monte","Del Monte Zucchini With Italian Style Tomato Sauce","Del Monte Zucchini With Italian Style Tomato Sauce","1.89","0.0","","14.5 oz","14.5 oz","5025.jpg",,"9"
"7424","Cooking Needs","Canned Food","Canned & Jarred Vegetables","El Jibarito","El Jibarito Pigeon Peas, Can","El Jibarito Pigeon Peas, Can","1.49","0.0","","15.5 oz","15.5 oz","17101.jpg",,"9"
"7425","Cooking Needs","Canned Food","Canned & Jarred Vegetables","Del Monte","Del Monte Fresh Cut French Style Green Beans","Del Monte Fresh Cut French Style Green Beans","1.09","0.0","","14.5 oz","14.5 oz","5019.jpg",,"9"
"7426","Cooking Needs","Canned Food","Canned & Jarred Vegetables","Del Monte","Del Monte Fresh Cut Golden Corn Sweet Cream Style","Del Monte Fresh Cut Golden Corn Sweet Cream Style","1.09","0.0","","14.75 oz","14.75 oz","5029.jpg",,"9"
"7427","Cooking Needs","Canned Food","Canned & Jarred Vegetables","Del Monte","Del Monte Fresh Cut Golden Sweet Corn Cream Style No Salt Added","Del Monte Fresh Cut Golden Sweet Corn Cream Style No Salt Added","1.09","0.0","","14.75 oz","14.75 oz","5038.jpg",,"9"
"7428","Cooking Needs","Canned Food","Canned & Jarred Vegetables","Del Monte","Del Monte Fresh Cut Golden Sweet No Salt Added Whole Kernel Corn","Del Monte Fresh Cut Golden Sweet No Salt Added Whole Kernel Corn","0.99","0.0","","8.75 oz","8.75 oz","5033.jpg",,"9"
"7429","Cooking Needs","Canned Food","Canned & Jarred Vegetables","Del Monte","Del Monte Fresh Cut Sliced Carrots","Del Monte Fresh Cut Sliced Carrots","0.99","0.0","","8.25 oz","8.25 oz","5026.jpg",,"9"
"7430","Cooking Needs","Canned Food","Canned & Jarred Vegetables","Del Monte","Del Monte Fresh Cut Sweet Peas","Del Monte Fresh Cut Sweet Peas","1.09","0.0","","15 oz","15 oz","5021.jpg",,"9"
"7431","Cooking Needs","Canned Food","Canned & Jarred Vegetables","Del Monte","Del Monte Fresh Cut Sweet Peas","Del Monte Fresh Cut Sweet Peas","0.99","0.0","","8.5 oz","8.5 oz","5024.jpg",,"9"
"7432","Cooking Needs","Canned Food","Canned & Jarred Vegetables","Del Monte","Del Monte Harvest Selects Fresh Cut Gold & White Corn Whole Kernel Sweet","Del Monte Harvest Selects Fresh Cut Gold & White Corn Whole Kernel Sweet","1.89","0.0","","15.25 oz","15.25 oz","5039.jpg",,"9"
"7433","Cooking Needs","Canned Food","Canned & Jarred Vegetables","Del Monte","Fresh Cut Del Monte Sliced Beets","Fresh Cut Del Monte Sliced Beets","0.99","0.0","","8.25 oz","8.25 oz","17080.jpg",,"9"
"7434","Cooking Needs","Canned Food","Canned & Jarred Vegetables","Pomi","Pomi Chopped Tomatoes 100% Fresh Italian","Pomi Chopped Tomatoes 100% Fresh Italian","2.49","0.0","","26 oz","26 oz","17098.jpg",,"9"
"7435","Cooking Needs","Canned Food","Canned & Jarred Vegetables","Gefen","Gefen Cucumbers In Brine","Gefen Cucumbers In Brine","3.09","0.0","","19 oz","19 oz","17081.jpg",,"9"
"7436","Cooking Needs","Canned Food","Canned & Jarred Vegetables","Gonsalves","Gonsalves Sliced Sweet Red Peppers","Gonsalves Sliced Sweet Red Peppers","4.19","0.0","","1 oz","1 oz","No Image.jpg",,"9"
"7437","Cooking Needs","Canned Food","Canned & Jarred Vegetables","Goya","Goya Artichoke Hearts Quartered & Marinated","Goya Artichoke Hearts Quartered & Marinated","2.09","0.0","","6 oz","6 oz","5056.jpg",,"9"
"7438","Cooking Needs","Canned Food","Canned & Jarred Vegetables","Goya","Goya Black Bean Soup","Goya Black Bean Soup","1.49","0.0","","15 oz","15 oz","5045.jpg",,"7"
"7439","Cooking Needs","Canned Food","Canned & Jarred Vegetables","Goya","Goya Blackeye Peas","Goya Blackeye Peas","0.99","0.0","","15.5 oz","15.5 oz","5049.jpg",,"9"
"7440","Cooking Needs","Canned Food","Canned & Jarred Vegetables","Goya","Goya Chipotle Peppers","Goya Chipotle Peppers","2.39","0.0","","7 oz","7 oz","5051.jpg",,"9"
"7441","Cooking Needs","Canned Food","Canned & Jarred Vegetables","Goya","Goya Chipotle Peppers In Adobo Sauce","Goya Chipotle Peppers In Adobo Sauce","3.29","0.0","","12 oz","12 oz","5053.jpg",,"9"
"7442","Cooking Needs","Canned Food","Canned & Jarred Vegetables","Goya","Goya Crushed Tomatillos","Goya Crushed Tomatillos","3.09","0.0","","26 oz","26 oz","No Image.jpg",,"9"
"7443","Cooking Needs","Canned Food","Canned & Jarred Vegetables","Goya","Goya Dominican Style Tomato Paste","Goya Dominican Style Tomato Paste","2.79","0.0","","28 oz","28 oz","5060.jpg",,"9"
"7444","Cooking Needs","Canned Food","Canned & Jarred Vegetables","Goya","Goya Green Pickled Jalapeno Nacho Slice","Goya Green Pickled Jalapeno Nacho Slice","2.49","0.0","","11 oz","11 oz","5040.jpg",,"9"
"7445","Cooking Needs","Canned Food","Canned & Jarred Vegetables","Goya","Goya Green Pigeon Peas","Goya Green Pigeon Peas","1.29","0.0","","15 oz","15 oz","5057.jpg",,"9"
"7446","Cooking Needs","Canned Food","Canned & Jarred Vegetables","Goya","Goya Hearts Of Palm Whole","Goya Hearts Of Palm Whole","3.49","0.0","","14.1 oz","14.1 oz","5050.jpg",,"7"
"7447","Cooking Needs","Canned Food","Canned & Jarred Vegetables","Goya","Goya Peas Green Pigeon","Goya Peas Green Pigeon","1.49","0.0","","15 oz","15 oz","5042.jpg",,"9"
"7448","Cooking Needs","Canned Food","Canned & Jarred Vegetables","Goya","Goya Pink Beans","Goya Pink Beans","1.49","0.0","","15 oz","15 oz","5047.jpg",,"9"
"7449","Cooking Needs","Canned Food","Canned & Jarred Vegetables","Goya","Goya Pinto Beans","Goya Pinto Beans","1.49","0.0","","15 oz","15 oz","5046.jpg",,"9"
"7450","Cooking Needs","Canned Food","Canned & Jarred Vegetables","Goya","Goya Red Kidney Beans In Sauce","Goya Red Kidney Beans In Sauce","3.09","0.0","","29 oz","29 oz","5061.jpg",,"9"
"7451","Cooking Needs","Canned Food","Canned & Jarred Vegetables","Goya","Goya Salad Cut Hearts of Palm","Goya Salad Cut Hearts of Palm","2.69","0.0","","14.1 oz","14.1 oz","5041.jpg",,"9"
"7452","Cooking Needs","Canned Food","Canned & Jarred Vegetables","Goya","Goya Sauce Tomato","Goya Sauce Tomato","0.69","0.0","","8 oz","8 oz","5048.jpg",,"9"
"7453","Cooking Needs","Canned Food","Canned & Jarred Vegetables","Goya","Goya Seasoned Tomato Sauce with Onion, Garlic & Cilantro","Goya Seasoned Tomato Sauce with Onion, Garlic & Cilantro","0.69","0.0","","8 oz","8 oz","5058.jpg",,"7"
"7454","Cooking Needs","Canned Food","Canned & Jarred Vegetables","Goya","Goya Sliced Beets","Goya Sliced Beets","1.29","0.0","","15 oz","15 oz","5043.jpg",,"9"
"7455","Cooking Needs","Canned Food","Canned & Jarred Vegetables","Goya","Goya Sliced Jalapeno Peppers, Green Pickled","Goya Sliced Jalapeno Peppers, Green Pickled","1.69","0.0","","11 oz","11 oz","5055.jpg",,"9"
"7456","Cooking Needs","Canned Food","Canned & Jarred Vegetables","Goya","Goya Sliced Pimientos","Goya Sliced Pimientos","1.49","0.0","","4 oz","4 oz","5059.jpg",,"9"
"7457","Cooking Needs","Canned Food","Canned & Jarred Vegetables","Goya","Goya Tomato Paste","Goya Tomato Paste","0.89","0.0","","6 oz","6 oz","5052.jpg",,"9"
"7458","Cooking Needs","Canned Food","Canned & Jarred Vegetables","Goya","Goya Tomato Sauce","Goya Tomato Sauce","1.29","0.0","","8 oz","8 oz","5044.jpg",,"9"
"7459","Cooking Needs","Canned Food","Canned & Jarred Vegetables","Goya","Goya Whole Tomatillos","Goya Whole Tomatillos","2.69","0.0","","26 oz","26 oz","No Image.jpg",,"9"
"7460","Cooking Needs","Canned Food","Canned & Jarred Vegetables","Green Giant","Green Giant Steam Crisps Corn Niblets","Green Giant Steam Crisps Corn Niblets","1.09","0.0","","11 oz","11 oz","5084.jpg",,"9"
"7461","Cooking Needs","Canned Food","Canned & Jarred Vegetables","Green Giant","Green Giant SteamCrisp Niblets Whole Kernel Sweet Corn","Green Giant SteamCrisp Niblets Whole Kernel Sweet Corn","1.09","0.0","","11 oz","11 oz","5087.jpg",,"9"
"7462","Cooking Needs","Canned Food","Canned & Jarred Vegetables","Green Giant","Green Giant SteamCrisp Super Sweet Yellow & White Whole Kernel Corn","Green Giant SteamCrisp Super Sweet Yellow & White Whole Kernel Corn","1.89","0.0","","11 oz","11 oz","5083.jpg",,"9"
"7463","Cooking Needs","Canned Food","Canned & Jarred Vegetables","Green Giant","Green Giant SteamCrisp White Shoepeg Whole Kernel Corn","Green Giant SteamCrisp White Shoepeg Whole Kernel Corn","1.89","0.0","","11 oz","11 oz","5086.jpg",,"9"
"7464","Cooking Needs","Canned Food","Canned & Jarred Vegetables","Green Giant","Green Giant Vacuum Packed Crisp Niblets","Green Giant Vacuum Packed Crisp Niblets","0.99","0.0","","7 oz","7 oz","5085.jpg",,"9"
"7465","Cooking Needs","Canned Food","Canned & Jarred Vegetables","Hunt's","Hunt's Choice Cut Diced Tomatoes","Hunt's Choice Cut Diced Tomatoes","1.29","0.0","","14.5 oz","14.5 oz","4996.jpg",,"9"
"7466","Cooking Needs","Canned Food","Canned & Jarred Vegetables","Hunt's","Hunt's Choice Cut Diced Tomatoes With Basil Garlic And Oregano","Hunt's Choice Cut Diced Tomatoes With Basil Garlic And Oregano","1.89","0.0","","28 oz","28 oz","5011.jpg",,"9"
"7467","Cooking Needs","Canned Food","Canned & Jarred Vegetables","Hunt's","Hunt's Choice Cut Diced Tomatoes With Roasted Garlic","Hunt's Choice Cut Diced Tomatoes With Roasted Garlic","0.99","0.0","","14.5 oz","14.5 oz","5005.jpg",,"9"
"7468","Cooking Needs","Canned Food","Canned & Jarred Vegetables","Hunt's","Hunt's Crushed Tomatoes","Hunt's Crushed Tomatoes","1.89","0.0","","28 oz","28 oz","4999.jpg",,"9"
"7469","Cooking Needs","Canned Food","Canned & Jarred Vegetables","Hunt's","Hunt's Crushed Tomatoes With Basil","Hunt's Crushed Tomatoes With Basil","1.89","0.0","","28 oz","28 oz","5015.jpg",,"9"
"7470","Cooking Needs","Canned Food","Canned & Jarred Vegetables","Hunt's","Hunt's Diced Tomatoes","Hunt's Diced Tomatoes","1.89","0.0","","28 oz","28 oz","5014.jpg",,"4"
"7471","Cooking Needs","Canned Food","Canned & Jarred Vegetables","Hunt's","Hunt's Diced Tomatoes No Salt Added","Hunt's Diced Tomatoes No Salt Added","0.99","0.0","","14.5 oz","14.5 oz","4993.jpg",,"9"
"7472","Cooking Needs","Canned Food","Canned & Jarred Vegetables","Hunt's","Hunt's Diced Tomatoes With Basil Garlic And Oregano No Salt Added","Hunt's Diced Tomatoes With Basil Garlic And Oregano No Salt Added","0.99","0.0","","14.5 oz","14.5 oz","4998.jpg",,"9"
"7473","Cooking Needs","Canned Food","Canned & Jarred Vegetables","Hunt's","Hunt's Diced Tomatoes With Green Pepper Celery And Onion","Hunt's Diced Tomatoes With Green Pepper Celery And Onion","0.99","0.0","","14.5 oz","14.5 oz","5009.jpg",,"9"
"7474","Cooking Needs","Canned Food","Canned & Jarred Vegetables","Hunt's","Hunt's Fire Roasted Diced Tomatoes","Hunt's Fire Roasted Diced Tomatoes","1.29","0.0","","14.5 oz","14.5 oz","5004.jpg",,"9"
"7475","Cooking Needs","Canned Food","Canned & Jarred Vegetables","Hunt's","Hunt's Fire Roasted Garlic Tomatoes","Hunt's Fire Roasted Garlic Tomatoes","1.29","0.0","","14.5 oz","14.5 oz","5002.jpg",,"9"
"7476","Cooking Needs","Canned Food","Canned & Jarred Vegetables","Hunt's","Hunt's No Salt Added Tomato Sauce","Hunt's No Salt Added Tomato Sauce","0.69","0.0","","8 oz","8 oz","4995.jpg",,"4"
"7477","Cooking Needs","Canned Food","Canned & Jarred Vegetables","Hunt's","Hunt's No Salt Diced Tomatoes","Hunt's No Salt Diced Tomatoes","1.89","0.0","","28 oz","28 oz","5006.jpg",,"9"
"7478","Cooking Needs","Canned Food","Canned & Jarred Vegetables","Hunt's","Hunt's No Salt Petite Diced Tomatoes","Hunt's No Salt Petite Diced Tomatoes","1.29","0.0","","14.5 oz","14.5 oz","5013.jpg",,"9"
"7479","Cooking Needs","Canned Food","Canned & Jarred Vegetables","Hunt's","Hunt's Petite Diced Tomatoes","Hunt's Petite Diced Tomatoes","1.29","0.0","","14.5 oz","14.5 oz","5007.jpg",,"9"
"7480","Cooking Needs","Canned Food","Canned & Jarred Vegetables","Hunt's","Hunt's Petite Diced Tomatoes","Hunt's Petite Diced Tomatoes","1.89","0.0","","28 oz","28 oz","5012.jpg",,"9"
"7481","Cooking Needs","Canned Food","Canned & Jarred Vegetables","Hunt's","Hunt's Tomato Paste","Hunt's Tomato Paste","0.99","0.0","","6 oz","6 oz","4997.jpg",,"4"
"7482","Cooking Needs","Canned Food","Canned & Jarred Vegetables","Hunt's","Hunt's Tomato Paste","Hunt's Tomato Paste","1.29","0.0","","12 oz","12 oz","5001.jpg",,"9"
"7483","Cooking Needs","Canned Food","Canned & Jarred Vegetables","Hunt's","Hunt's Tomato Paste With Basil Garlic And Oregano","Hunt's Tomato Paste With Basil Garlic And Oregano","2.09","0.0","","6 oz","6 oz","5016.jpg",,"9"
"7484","Cooking Needs","Canned Food","Canned & Jarred Vegetables","Hunt's","Hunt's Tomato Puree","Hunt's Tomato Puree","1.39","0.0","","10.75 oz","10.75 oz","5000.jpg",,"4"
"7485","Cooking Needs","Canned Food","Canned & Jarred Vegetables","Hunt's","Hunt's Tomato Puree","Hunt's Tomato Puree","2.99","0.0","","29 oz","29 oz","5010.jpg",,"9"
"7486","Cooking Needs","Canned Food","Canned & Jarred Vegetables","Hunt's","Hunt's Tomato Sauce","Hunt's Tomato Sauce","1.29","0.0","","15 oz","15 oz","4992.jpg",,"4"
"7487","Cooking Needs","Canned Food","Canned & Jarred Vegetables","Hunt's","Hunt's Tomato Sauce","Hunt's Tomato Sauce","2.19","0.0","","29 oz","29 oz","4994.jpg",,"9"
"7488","Cooking Needs","Canned Food","Canned & Jarred Vegetables","Hunt's","Hunt's Whole Tomatoes","Hunt's Whole Tomatoes","1.89","0.0","","28 oz","28 oz","5008.jpg",,"9"
"7489","Cooking Needs","Canned Food","Canned & Jarred Vegetables","Hunt's","Hunts Whole Peeled Plum Tomatoes","Hunts Whole Peeled Plum Tomatoes","1.89","0.0","","28 oz","28 oz","No Image.jpg",,"9"
"7490","Cooking Needs","Canned Food","Canned & Jarred Vegetables","Joseph Russi","Joseph Russo Peeled Tomatoes","Joseph Russo Peeled Tomatoes","2.49","0.0","","35 oz","35 oz","No Image.jpg",,"9"
"7491","Cooking Needs","Canned Food","Canned & Jarred Vegetables","La Fe","La Fe Tomato Paste Dominican Style","La Fe Tomato Paste Dominican Style","2.49","0.0","","29 oz","29 oz","17118.jpg",,"9"
"7492","Cooking Needs","Canned Food","Canned & Jarred Vegetables","La Valle","La Valle D.O.P. San Marzano Tomatoes, Peeled","La Valle D.O.P. San Marzano Tomatoes, Peeled","3.09","0.0","","28 oz","28 oz","17094.jpg",,"9"
"7493","Cooking Needs","Canned Food","Canned & Jarred Vegetables","Le Sueur","Very Young Small Sweet Peas","Very Young Small Sweet Peas","1.89","0.0","","15 oz","15 oz","17085.jpg",,"9"
"7494","Cooking Needs","Canned Food","Canned & Jarred Vegetables","Le Sueur","Very Young Small Sweet Peas","Very Young Small Sweet Peas","1.29","0.0","","8.5 oz","8.5 oz","17088.jpg",,"9"
"7495","Cooking Needs","Canned Food","Canned & Jarred Vegetables","Levant","Levant Grape Leaves","Levant Grape Leaves","4.89","0.0","","32 oz","32 oz","No Image.jpg",,"9"
"7496","Cooking Needs","Canned Food","Canned & Jarred Vegetables","Libby's","Libby's 100% Pure Pumpkin","Libby's 100% Pure Pumpkin","2.49","0.0","","29 oz","29 oz","5089.jpg",,"9"
"7497","Cooking Needs","Canned Food","Canned & Jarred Vegetables","Libby's","Libby's Cream Style Sweet Corn","Libby's Cream Style Sweet Corn","0.99","0.0","","14.75 oz","14.75 oz","5091.jpg",,"9"
"7498","Cooking Needs","Canned Food","Canned & Jarred Vegetables","Libby's","Libby's Peas & Carrots","Libby's Peas & Carrots","1.09","0.0","","15 oz","15 oz","5090.jpg",,"9"
"7499","Cooking Needs","Canned Food","Canned & Jarred Vegetables","Libby's","Libby's Whole Kernel Sweet Corn","Libby's Whole Kernel Sweet Corn","0.99","0.0","","15 oz","15 oz","5088.jpg",,"9"
"7500","Cooking Needs","Canned Food","Canned & Jarred Vegetables","Market Basket","Market Basket Cream Style Golden Sweet Corn","Market Basket Cream Style Golden Sweet Corn","0.69","0.0","","8.5 oz","8.5 oz","Market Basket.jpg",,"9"
"7501","Cooking Needs","Canned Food","Canned & Jarred Vegetables","Market Basket","Market Basket Cream Style Sweet Corn","Market Basket Cream Style Sweet Corn","0.79","0.0","","14.75 oz","14.75 oz","Market Basket.jpg",,"9"
"7502","Cooking Needs","Canned Food","Canned & Jarred Vegetables","Market Basket","Market Basket Crushed Tomatoes","Market Basket Crushed Tomatoes","1.49","0.0","","28 oz","28 oz","Market Basket.jpg",,"4"
"7503","Cooking Needs","Canned Food","Canned & Jarred Vegetables","Market Basket","Market Basket Crushed Tomatoes With Basil","Market Basket Crushed Tomatoes With Basil","1.29","0.0","","28 oz","28 oz","Market Basket.jpg",,"9"
"7504","Cooking Needs","Canned Food","Canned & Jarred Vegetables","Market Basket","Market Basket Diced Tomatoes And Tomato Sauce","Market Basket Diced Tomatoes And Tomato Sauce","0.99","0.0","","14.5 oz","14.5 oz","Market Basket.jpg",,"4"
"7505","Cooking Needs","Canned Food","Canned & Jarred Vegetables","Market Basket","Market Basket Diced Tomatoes In Tomato Juice","Market Basket Diced Tomatoes In Tomato Juice","1.29","0.0","","28 oz","28 oz","Market Basket.jpg",,"4"
"7506","Cooking Needs","Canned Food","Canned & Jarred Vegetables","Market Basket","Market Basket Diced Tomatoes In Tomato Juice No Salt Added","Market Basket Diced Tomatoes In Tomato Juice No Salt Added","0.89","0.0","","14.5 oz","14.5 oz","Market Basket.jpg",,"9"
"7507","Cooking Needs","Canned Food","Canned & Jarred Vegetables","Market Basket","Market Basket Diced Tomatoes With Green Chilies","Market Basket Diced Tomatoes With Green Chilies","0.89","0.0","","14.5 oz","14.5 oz","Market Basket.jpg",,"4"
"7508","Cooking Needs","Canned Food","Canned & Jarred Vegetables","Market Basket","Market Basket Italian Style Diced Tomatoes","Market Basket Italian Style Diced Tomatoes","0.89","0.0","","14.5 oz","14.5 oz","Market Basket.jpg",,"9"
"7509","Cooking Needs","Canned Food","Canned & Jarred Vegetables","Market Basket","Market Basket Italian Style Diced Tomatoes In Tomato Juice","Market Basket Italian Style Diced Tomatoes In Tomato Juice","1.29","0.0","","28 oz","28 oz","Market Basket.jpg",,"9"
"7510","Cooking Needs","Canned Food","Canned & Jarred Vegetables","Market Basket","Market Basket Italian Style Stewed Tomatoes In Tomato Juice","Market Basket Italian Style Stewed Tomatoes In Tomato Juice","0.89","0.0","","14.5 oz","14.5 oz","Market Basket.jpg",,"9"
"7511","Cooking Needs","Canned Food","Canned & Jarred Vegetables","Market Basket","Market Basket Leaf Spinach","Market Basket Leaf Spinach","0.99","0.0","","14 oz","14 oz","Market Basket.jpg",,"9"
"7512","Cooking Needs","Canned Food","Canned & Jarred Vegetables","Market Basket","Market Basket Canned Mixed Vegetables","Market Basket Canned Mixed Vegetables","0.99","0.0","","15 oz","15 oz","Market Basket.jpg",,"9"
"7513","Cooking Needs","Canned Food","Canned & Jarred Vegetables","Market Basket","Market Basket Canned Mixed Vegetables","Market Basket Canned Mixed Vegetables","0.69","0.0","","8.5 oz","8.5 oz","Market Basket.jpg",,"9"
"7514","Cooking Needs","Canned Food","Canned & Jarred Vegetables","Market Basket","Market Basket Mushroom Stems And Pieces","Market Basket Mushroom Stems And Pieces","1.69","0.0","","4 oz","4 oz","Market Basket.jpg",,"9"
"7515","Cooking Needs","Canned Food","Canned & Jarred Vegetables","Market Basket","Market Basket No Salt Added Crushed Tomatoes In Heavy Puree","Market Basket No Salt Added Crushed Tomatoes In Heavy Puree","1.29","0.0","","28 oz","28 oz","Market Basket.jpg",,"9"
"7516","Cooking Needs","Canned Food","Canned & Jarred Vegetables","Market Basket","Market Basket No Salt Added Sliced Beets","Market Basket No Salt Added Sliced Beets","0.69","0.0","","8.25 oz","8.25 oz","Market Basket.jpg",,"9"
"7517","Cooking Needs","Canned Food","Canned & Jarred Vegetables","Market Basket","Market Basket No Salt Added Sweet Green Peas","Market Basket No Salt Added Sweet Green Peas","0.79","0.0","","8.5 oz","8.5 oz","Market Basket.jpg",,"9"
"7518","Cooking Needs","Canned Food","Canned & Jarred Vegetables","Market Basket","Market Basket No Salt Added Sweet Peas","Market Basket No Salt Added Sweet Peas","0.99","0.0","","15 oz","15 oz","Market Basket.jpg",,"9"
"7519","Cooking Needs","Canned Food","Canned & Jarred Vegetables","Market Basket","Market Basket No Salt Added Whole Kernel Golden Sweetcorn","Market Basket No Salt Added Whole Kernel Golden Sweetcorn","0.79","0.0","","15.25 oz","15.25 oz","Market Basket.jpg",,"9"
"7520","Cooking Needs","Canned Food","Canned & Jarred Vegetables","Market Basket","Market Basket Peas And Diced Carrots","Market Basket Peas And Diced Carrots","0.99","0.0","","14.5 oz","14.5 oz","Market Basket.jpg",,"9"
"7521","Cooking Needs","Canned Food","Canned & Jarred Vegetables","Market Basket","Market Basket Petite Diced Tomatoes","Market Basket Petite Diced Tomatoes","0.89","0.0","","14.5 oz","14.5 oz","Market Basket.jpg",,"9"
"7522","Cooking Needs","Canned Food","Canned & Jarred Vegetables","Market Basket","Market Basket Petite Diced Tomatoes With Onion, Celery, Green Pepper, In Tomato Juice","Market Basket Petite Diced Tomatoes With Onion, Celery, Green Pepper, In Tomato Juice","0.89","0.0","","14.5 oz","14.5 oz","Market Basket.jpg",,"9"
"7523","Cooking Needs","Canned Food","Canned & Jarred Vegetables","Market Basket","Market Basket Select Stewed Tomatoes In Tomato Juice","Market Basket Select Stewed Tomatoes In Tomato Juice","0.89","0.0","","14.5 oz","14.5 oz","Market Basket.jpg",,"9"
"7524","Cooking Needs","Canned Food","Canned & Jarred Vegetables","Market Basket","Market Basket Sliced Beets","Market Basket Sliced Beets","0.99","0.0","","15 oz","15 oz","Market Basket.jpg",,"9"
"7525","Cooking Needs","Canned Food","Canned & Jarred Vegetables","Market Basket","Market Basket Sliced Beets","Market Basket Sliced Beets","0.69","0.0","","8.25 oz","8.25 oz","Market Basket.jpg",,"9"
"7526","Cooking Needs","Canned Food","Canned & Jarred Vegetables","Market Basket","Market Basket Sliced Carrots","Market Basket Sliced Carrots","0.99","0.0","","14.5 oz","14.5 oz","Market Basket.jpg",,"9"
"7527","Cooking Needs","Canned Food","Canned & Jarred Vegetables","Market Basket","Market Basket Sliced Carrots","Market Basket Sliced Carrots","0.69","0.0","","8.25 oz","8.25 oz","Market Basket.jpg",,"9"
"7528","Cooking Needs","Canned Food","Canned & Jarred Vegetables","Market Basket","Market Basket Small Early Peas","Market Basket Small Early Peas","0.79","0.0","","8 oz","8 oz","Market Basket.jpg",,"9"
"7529","Cooking Needs","Canned Food","Canned & Jarred Vegetables","Market Basket","Market Basket Small Early Peas","Market Basket Small Early Peas","0.99","0.0","","15 oz","15 oz","Market Basket.jpg",,"9"
"7530","Cooking Needs","Canned Food","Canned & Jarred Vegetables","Market Basket","Market Basket Small Whole Beets","Market Basket Small Whole Beets","0.99","0.0","","15 oz","15 oz","Market Basket.jpg",,"9"
"7531","Cooking Needs","Canned Food","Canned & Jarred Vegetables","Market Basket","Market Basket Stewed Tomatoes In Tomato Juice","Market Basket Stewed Tomatoes In Tomato Juice","1.29","0.0","","28 oz","28 oz","Market Basket.jpg",,"9"
"7532","Cooking Needs","Canned Food","Canned & Jarred Vegetables","Market Basket","Market Basket Sweet Green Peas","Market Basket Sweet Green Peas","0.79","0.0","","8.5 oz","8.5 oz","Market Basket.jpg",,"9"
"7533","Cooking Needs","Canned Food","Canned & Jarred Vegetables","Market Basket","Market Basket Sweet Peas","Market Basket Sweet Peas","0.79","0.0","","15 oz","15 oz","Market Basket.jpg",,"9"
"7534","Cooking Needs","Canned Food","Canned & Jarred Vegetables","Market Basket","Market Basket Watermelon Sour Jacks","Market Basket Watermelon Sour Jacks","1.29","0.0","","5 oz","5 oz","Market Basket.jpg",,"9"
"7535","Cooking Needs","Canned Food","Canned & Jarred Vegetables","Market Basket","Market Basket Whole Asparagus","Market Basket Whole Asparagus","2.49","0.0","","15 oz","15 oz","Market Basket.jpg",,"9"
"7536","Cooking Needs","Canned Food","Canned & Jarred Vegetables","Market Basket","Market Basket Whole Kernel Golden Corn","Market Basket Whole Kernel Golden Corn","0.99","0.0","","11 oz","11 oz","Market Basket.jpg",,"9"
"7537","Cooking Needs","Canned Food","Canned & Jarred Vegetables","Market Basket","Market Basket Whole Kernel Golden Sweet Corn","Market Basket Whole Kernel Golden Sweet Corn","0.79","0.0","","15.25 oz","15.25 oz","Market Basket.jpg",,"9"
"7538","Cooking Needs","Canned Food","Canned & Jarred Vegetables","Market Basket","Market Basket Whole Kernel Golden Sweet Corn No Sugar Added","Market Basket Whole Kernel Golden Sweet Corn No Sugar Added","0.99","0.0","","15.25 oz","15.25 oz","Market Basket.jpg",,"9"
"7539","Cooking Needs","Canned Food","Canned & Jarred Vegetables","Market Basket","Market Basket Whole Kernel Gwen Sweet Corn","Market Basket Whole Kernel Gwen Sweet Corn","0.69","0.0","","8.75 oz","8.75 oz","Market Basket.jpg",,"9"
"7540","Cooking Needs","Canned Food","Canned & Jarred Vegetables","Market Basket","Market Basket Whole Kernel White Corn","Market Basket Whole Kernel White Corn","0.99","0.0","","15.25 oz","15.25 oz","Market Basket.jpg",,"9"
"7541","Cooking Needs","Canned Food","Canned & Jarred Vegetables","Market Basket","Market Basket Whole Peeled Tomatoes In Tomato Juice","Market Basket Whole Peeled Tomatoes In Tomato Juice","1.29","0.0","","28 oz","28 oz","Market Basket.jpg",,"9"
"7542","Cooking Needs","Canned Food","Canned & Jarred Vegetables","Market Basket","Market Basket Whole Plum Tomatoes In Tomato Juice","Market Basket Whole Plum Tomatoes In Tomato Juice","1.29","0.0","","28 oz","28 oz","Market Basket.jpg",,"9"
"7543","Cooking Needs","Canned Food","Canned & Jarred Vegetables","Market Basket","Slice Beets","Slice Beets","0.99","0.0","","1 ct","1 ct","Market Basket.jpg",,"9"
"7544","Cooking Needs","Canned Food","Canned & Jarred Vegetables","Mezzetta","Mezzetta Tomatoes","Mezzetta Tomatoes","4.89","0.0","","8 oz","8 oz","17114.jpg",,"9"
"7545","Cooking Needs","Canned Food","Canned & Jarred Vegetables","Muir Glen","Muir Glen Organic Crushed Tomatoes With Basil","Muir Glen Organic Crushed Tomatoes With Basil","2.49","0.0","","28 oz","28 oz","5063.jpg",,"9"
"7546","Cooking Needs","Canned Food","Canned & Jarred Vegetables","Muir Glen","Muir Glen Organic Diced Fire Roasted Tomatoes","Muir Glen Organic Diced Fire Roasted Tomatoes","2.49","0.0","","28 oz","28 oz","5071.jpg",,"9"
"7547","Cooking Needs","Canned Food","Canned & Jarred Vegetables","Muir Glen","Muir Glen Organic Diced Tomatoes","Muir Glen Organic Diced Tomatoes","1.69","0.0","","14.5 oz","14.5 oz","5062.jpg",,"9"
"7548","Cooking Needs","Canned Food","Canned & Jarred Vegetables","Muir Glen","Muir Glen Organic Diced Tomatoes","Muir Glen Organic Diced Tomatoes","2.49","0.0","","28 oz","28 oz","5066.jpg",,"9"
"7549","Cooking Needs","Canned Food","Canned & Jarred Vegetables","Muir Glen","Muir Glen Organic Diced Tomatoes San Marzano Style With Basil and Garlic","Muir Glen Organic Diced Tomatoes San Marzano Style With Basil and Garlic","1.69","0.0","","14.5 oz","14.5 oz","5070.jpg",,"9"
"7550","Cooking Needs","Canned Food","Canned & Jarred Vegetables","Muir Glen","Muir Glen Organic Tomato Paste","Muir Glen Organic Tomato Paste","1.59","0.0","","6 oz","6 oz","5064.jpg",,"9"
"7551","Cooking Needs","Canned Food","Canned & Jarred Vegetables","Muir Glen","Muir Glen Organic Tomatoes","Muir Glen Organic Tomatoes","3.69","0.0","","28 oz","28 oz","5065.jpg",,"4"
"7552","Cooking Needs","Canned Food","Canned & Jarred Vegetables","Muir Glen","Muir Glen Organic Tomatoes","Muir Glen Organic Tomatoes","1.69","0.0","","15 oz","15 oz","5067.jpg",,"9"
"7553","Cooking Needs","Canned Food","Canned & Jarred Vegetables","Muir Glen","Muir Glen Organic Whole Peeled Plum Tomatoes","Muir Glen Organic Whole Peeled Plum Tomatoes","2.49","0.0","","28 oz","28 oz","5068.jpg",,"9"
"7554","Cooking Needs","Canned Food","Canned & Jarred Vegetables","Muir Glen","Muir Glen Organic Whole Peeled Tomatoes","Muir Glen Organic Whole Peeled Tomatoes","3.69","0.0","","28 oz","28 oz","5069.jpg",,"9"
"7555","Cooking Needs","Canned Food","Canned & Jarred Vegetables","Nellie's","Aunt Nellie's Sweet & Sour Harvard Beets","Aunt Nellie's Sweet & Sour Harvard Beets","1.59","0.0","","15.5 oz","15.5 oz","17092.jpg",,"9"
"7556","Cooking Needs","Canned Food","Canned & Jarred Vegetables","Nellie's","Aunt Nellie's Whole Holland Style Onions","Aunt Nellie's Whole Holland Style Onions","1.59","0.0","","15 oz","15 oz","17115.jpg",,"9"
"7557","Cooking Needs","Canned Food","Canned & Jarred Vegetables","Old El Paso","Old El Paso Chopped Green Chiles","Old El Paso Chopped Green Chiles","2.09","0.0","","7 oz","7 oz","17109.jpg",,"9"
"7558","Cooking Needs","Canned Food","Canned & Jarred Vegetables","Pastene","Pastene 'Kitchen Ready' Tomatoes Ground Peeled No Salt Added","Pastene 'Kitchen Ready' Tomatoes Ground Peeled No Salt Added","1.99","0.0","","28 oz","28 oz","4972.jpg",,"4"
"7559","Cooking Needs","Canned Food","Canned & Jarred Vegetables","Pastene","Pastene Artichoke Hearts","Pastene Artichoke Hearts","3.09","0.0","","14 oz","14 oz","4982.jpg",,"9"
"7560","Cooking Needs","Canned Food","Canned & Jarred Vegetables","Pastene","Pastene Artichoke Hearts Quartered","Pastene Artichoke Hearts Quartered","3.09","0.0","","14 oz","14 oz","4967.jpg",,"9"
"7561","Cooking Needs","Canned Food","Canned & Jarred Vegetables","Pastene","Pastene Artichoke Hearts Quartered & Marinated","Pastene Artichoke Hearts Quartered & Marinated","2.49","0.0","","6 oz","6 oz","4970.jpg",,"9"
"7562","Cooking Needs","Canned Food","Canned & Jarred Vegetables","Pastene","Pastene Artichoke Hearts Quartered & Marinated","Pastene Artichoke Hearts Quartered & Marinated","7.99","0.0","","12 oz","12 oz","4980.jpg",,"9"
"7563","Cooking Needs","Canned Food","Canned & Jarred Vegetables","Pastene","Pastene Baby Artichoke","Pastene Baby Artichoke","4.39","0.0","","9.9 oz","9.9 oz","4981.jpg",,"9"
"7564","Cooking Needs","Canned Food","Canned & Jarred Vegetables","Pastene","Pastene Chick Peas","Pastene Chick Peas","1.29","0.0","","14 oz","14 oz","4973.jpg",,"9"
"7565","Cooking Needs","Canned Food","Canned & Jarred Vegetables","Pastene","Pastene Diced Tomatoes With Green Chilies","Pastene Diced Tomatoes With Green Chilies","1.49","0.0","","14.5 oz","14.5 oz","4989.jpg",,"9"
"7566","Cooking Needs","Canned Food","Canned & Jarred Vegetables","Pastene","Pastene Fancy Tomato Paste","Pastene Fancy Tomato Paste","0.89","0.0","","6 oz","6 oz","4969.jpg",,"9"
"7567","Cooking Needs","Canned Food","Canned & Jarred Vegetables","Pastene","Pastene Fancy Tomato Paste","Pastene Fancy Tomato Paste","1.29","0.0","","12 oz","12 oz","4978.jpg",,"9"
"7568","Cooking Needs","Canned Food","Canned & Jarred Vegetables","Pastene","Pastene Fire Roasted Diced Tomatoes","Pastene Fire Roasted Diced Tomatoes","1.69","0.0","","14.5 oz","14.5 oz","4988.jpg",,"9"
"7569","Cooking Needs","Canned Food","Canned & Jarred Vegetables","Pastene","Pastene Garlic Minced","Pastene Garlic Minced","3.69","0.0","","8 fl oz","8 fl oz","4987.jpg",,"9"
"7570","Cooking Needs","Canned Food","Canned & Jarred Vegetables","Pastene","Pastene Ground Peeled Tomatoes","Pastene Ground Peeled Tomatoes","1.99","0.0","","28 oz","28 oz","4963.jpg",,"9"
"7571","Cooking Needs","Canned Food","Canned & Jarred Vegetables","Pastene","Pastene Hearts of Palm","Pastene Hearts of Palm","3.69","0.0","","7.7 oz","7.7 oz","4975.jpg",,"9"
"7572","Cooking Needs","Canned Food","Canned & Jarred Vegetables","Pastene","Pastene Imported Artichoke Bottoms","Pastene Imported Artichoke Bottoms","3.69","0.0","","14 oz","14 oz","4984.jpg",,"9"
"7573","Cooking Needs","Canned Food","Canned & Jarred Vegetables","Pastene","Pastene Italian Peeled Tomatoes In Puree With Basil Leaf","Pastene Italian Peeled Tomatoes In Puree With Basil Leaf","1.99","0.0","","108 oz","108 oz","4991.jpg",,"9"
"7574","Cooking Needs","Canned Food","Canned & Jarred Vegetables","Pastene","Pastene Italian Small Whole Tomatoes","Pastene Italian Small Whole Tomatoes","1.69","0.0","","14 oz","14 oz","4983.jpg",,"9"
"7575","Cooking Needs","Canned Food","Canned & Jarred Vegetables","Pastene","Pastene Peppers Roasted","Pastene Peppers Roasted","3.69","0.0","","24 fl oz","24 fl oz","4971.jpg",,"9"
"7576","Cooking Needs","Canned Food","Canned & Jarred Vegetables","Pastene","Pastene Pizza Sauce California","Pastene Pizza Sauce California","1.69","0.0","","15 oz","15 oz","4986.jpg",,"9"
"7577","Cooking Needs","Canned Food","Canned & Jarred Vegetables","Pastene","Pastene Roasted Peppers","Pastene Roasted Peppers","2.19","0.0","","7 fl oz","7 fl oz","4966.jpg",,"2"
"7578","Cooking Needs","Canned Food","Canned & Jarred Vegetables","Pastene","Pastene Roasted Peppers","Pastene Roasted Peppers","2.49","0.0","","12 fl oz","12 fl oz","4968.jpg",,"9"
"7579","Cooking Needs","Canned Food","Canned & Jarred Vegetables","Pastene","Pastene San Marzano Plum Peeled Tomatoes with Basil Leaf","Pastene San Marzano Plum Peeled Tomatoes with Basil Leaf","3.69","0.0","","28 oz","28 oz","4965.jpg",,"9"
"7580","Cooking Needs","Canned Food","Canned & Jarred Vegetables","Pastene","Pastene Sun Dried Tomato Halves","Pastene Sun Dried Tomato Halves","3.29","0.0","","3.5 oz","3.5 oz","4990.jpg",,"9"
"7581","Cooking Needs","Canned Food","Canned & Jarred Vegetables","Pastene","Pastene Sun Dried Tomato Julienne Cut","Pastene Sun Dried Tomato Julienne Cut","6.09","0.0","","7 oz","7 oz","4979.jpg",,"9"
"7582","Cooking Needs","Canned Food","Canned & Jarred Vegetables","Pastene","Pastene Sweet Red Sliced Peppers","Pastene Sweet Red Sliced Peppers","4.89","0.0","","32 fl oz","32 fl oz","4974.jpg",,"9"
"7583","Cooking Needs","Canned Food","Canned & Jarred Vegetables","Pastene","Pastene Tomato Puree","Pastene Tomato Puree","1.99","0.0","","28 oz","28 oz","4976.jpg",,"9"
"7584","Cooking Needs","Canned Food","Canned & Jarred Vegetables","Pastene","Pastene Tomatoes Ground Peeled","Pastene Tomatoes Ground Peeled","2.39","0.0","","28 oz","28 oz","4964.jpg",,"9"
"7585","Cooking Needs","Canned Food","Canned & Jarred Vegetables","Pastene","Pastene Tomatoes San Marzano Style","Pastene Tomatoes San Marzano Style","2.49","0.0","","28 oz","28 oz","4977.jpg",,"9"
"7586","Cooking Needs","Canned Food","Canned & Jarred Vegetables","Pastene","Pastene Whole Peeled Tomatoes","Pastene Whole Peeled Tomatoes","1.99","0.0","","28 oz","28 oz","4985.jpg",,"9"
"7587","Cooking Needs","Canned Food","Canned & Jarred Vegetables","Pearls","Pearls Sliced California Ripe Olives","Pearls Sliced California Ripe Olives","3.69","0.0","","4 oz","4 oz","17079.jpg",,"9"
"7588","Cooking Needs","Canned Food","Canned & Jarred Vegetables","Pennsylvania Dutchman","Sliced Mushrooms","Sliced Mushrooms","1.69","0.0","","4.5 oz","4.5 oz","17090.jpg",,"9"
"7589","Cooking Needs","Canned Food","Canned & Jarred Vegetables","Pennsylvania Dutchman","Stems and Pieces Mushrooms","Stems and Pieces Mushrooms","1.59","0.0","","4 oz","4 oz","17083.jpg",,"9"
"7590","Cooking Needs","Canned Food","Canned & Jarred Vegetables","Peppadew","Peppadew Mild Whole Piquatne Sweet Peppers","Peppadew Mild Whole Piquatne Sweet Peppers","4.59","0.0","","14 oz","14 oz","17107.jpg",,"9"
"7591","Cooking Needs","Canned Food","Canned & Jarred Vegetables","Pine Cone","Pine Cone Whole Peeled Tomatoes","Pine Cone Whole Peeled Tomatoes","1.29","0.0","","28 oz","28 oz","No Image.jpg",,"9"
"7592","Cooking Needs","Canned Food","Canned & Jarred Vegetables","Pine Cone","Pine Cone Whole Peeled Tomatoes","Pine Cone Whole Peeled Tomatoes","0.99","0.0","","14.5 oz","14.5 oz","No Image.jpg",,"9"
"7593","Cooking Needs","Canned Food","Canned & Jarred Vegetables","Pomi","Pomi Strained Tomatoes","Pomi Strained Tomatoes","2.49","0.0","","26.46 oz","26.46 oz","17096.jpg",,"9"
"7594","Cooking Needs","Canned Food","Canned & Jarred Vegetables","Reese","Reese Artichoke Hearts Large","Reese Artichoke Hearts Large","3.69","0.0","","14 oz","14 oz","17102.jpg",,"9"
"7595","Cooking Needs","Canned Food","Canned & Jarred Vegetables","Ro-Tel","Mild Diced Tomatoes","Mild Diced Tomatoes","1.59","0.0","","10 oz","10 oz","17093.jpg",,"9"
"7596","Cooking Needs","Canned Food","Canned & Jarred Vegetables","Ro-Tel","Tomatoes With Green Chilies","Tomatoes With Green Chilies","1.59","0.0","","10 oz","10 oz","17082.jpg",,"9"
"7597","Cooking Needs","Canned Food","Canned & Jarred Vegetables","Spice World","Spice World Garlic Minced","Spice World Garlic Minced","1.59","0.0","","4.5 oz container","4.5 oz container","14469.jpg",,"20"
"7598","Cooking Needs","Canned Food","Canned & Jarred Vegetables","Spice World","Spice World Garlic Minced","Spice World Garlic Minced","4.89","0.0","","32 oz","32 oz","17086.jpg",,"9"
"7599","Cooking Needs","Canned Food","Canned & Jarred Vegetables","Spice World","Spice World Garlic Minced","Spice World Garlic Minced","2.69","0.0","","8 oz container","8 oz container","17112.jpg",,"9"
"7600","Cooking Needs","Canned Food","Canned & Jarred Vegetables","Spice World","Spice World Minced Garlic in Extra Virgin Olive Oil","Spice World Minced Garlic in Extra Virgin Olive Oil","1.89","0.0","","4.5 oz","4.5 oz","17089.jpg",,"20"
"7601","Cooking Needs","Canned Food","Canned & Jarred Vegetables","Spice World","Spice World Organic Garlic","Spice World Organic Garlic","2.39","0.0","","4.5 oz","4.5 oz","17091.jpg",,"9"
"7602","Cooking Needs","Canned Food","Canned & Jarred Vegetables","Store Brand","La Napoletana Imported Artichoke Hearts","La Napoletana Imported Artichoke Hearts","2.49","0.0","","14 oz","14 oz","Market Basket.jpg",,"9"
"7603","Cooking Needs","Canned Food","Canned & Jarred Vegetables","Sun","Sun Luck Stir Fry Baby Corn","Sun Luck Stir Fry Baby Corn","3.49","0.0","","15 oz","15 oz","17113.jpg",,"3"
"7604","Cooking Needs","Canned Food","Canned & Jarred Vegetables","Sun","Sun Luck Water Chestnuts Sliced Peeled","Sun Luck Water Chestnuts Sliced Peeled","1.29","0.0","","8 oz","8 oz","17106.jpg",,"3"
"7605","Cooking Needs","Canned Food","Canned & Jarred Vegetables","Sun","Sun Luck Whole Peeled Water Chestnuts","Sun Luck Whole Peeled Water Chestnuts","2.19","0.0","","8 oz","8 oz","17087.jpg",,"9"
"7606","Cooking Needs","Canned Food","Canned & Jarred Vegetables","Tuttorosso","Tuttorosso Crushed Tomatoes with Basil","Tuttorosso Crushed Tomatoes with Basil","1.59","0.0","","28 oz","28 oz","17084.jpg",,"4"
"7607","Cooking Needs","Canned Food","Canned & Jarred Vegetables","Vermont Creamery","Vermont Creamery Creme Fraiche","Vermont Creamery Creme Fraiche","3.69","0.0","","8 oz","8 oz","17095.jpg",,"9"
"7608","Cooking Needs","Canned Food","Canned & Jarred Vegetables","Wei Chuan","Wei Chuan Sliced Bamboo Shoots","Wei Chuan Sliced Bamboo Shoots","1.39","0.0","","19 oz","19 oz","17117.jpg",,"9"
"7609","Cooking Needs","Canned Food","Canned & Jarred Vegetables","Yergat","Yergat California Grape Leaves","Yergat California Grape Leaves","7.39","0.0","","16 oz","16 oz","17097.jpg",,"9"
"7610","Cooking Needs","Canned Food","Canned Fruit & Applesauce","Del Monte","Del Monte 100 Calorie Chunky Mixed Fruit Cherry","Del Monte 100 Calorie Chunky Mixed Fruit Cherry","1.29","0.0","","8.25 oz","8.25 oz","4915.jpg",,"3"
"7611","Cooking Needs","Canned Food","Canned Fruit & Applesauce","Del Monte","Del Monte Cherry Mixed Fruit in Cherry Flavored 100% Juice Plastic Fruit Cup Snacks","Del Monte Cherry Mixed Fruit in Cherry Flavored 100% Juice Plastic Fruit Cup Snacks","2.49","0.0","","4 oz","4 oz","4918.jpg",,"3"
"7612","Cooking Needs","Canned Food","Canned Fruit & Applesauce","Del Monte","Del Monte Diced Peaches in 100% Juice Plastic Fruit Cup Snacks","Del Monte Diced Peaches in 100% Juice Plastic Fruit Cup Snacks","2.49","0.0","","4 oz","4 oz","4905.jpg",,"3"
"7613","Cooking Needs","Canned Food","Canned Fruit & Applesauce","Del Monte","Del Monte Diced Pears in Water, No Sugar Added Fruit Cups","Del Monte Diced Pears in Water, No Sugar Added Fruit Cups","2.49","0.0","","4 oz","4 oz","4908.jpg",,"3"
"7614","Cooking Needs","Canned Food","Canned Fruit & Applesauce","Del Monte","Del Monte Fruit Cocktail Lite","Del Monte Fruit Cocktail Lite","2.49","0.0","","29 oz","29 oz","4920.jpg",,"3"
"7615","Cooking Needs","Canned Food","Canned Fruit & Applesauce","Del Monte","Del Monte Fruit Naturals Red Grapefruit","Del Monte Fruit Naturals Red Grapefruit","1.59","0.0","","7 oz","7 oz","No Image.jpg",,"3"
"7616","Cooking Needs","Canned Food","Canned Fruit & Applesauce","Del Monte","Del Monte Fruit Naturals Red Grapefruit No Sugar Added","Del Monte Fruit Naturals Red Grapefruit No Sugar Added","1.59","0.0","","6.5 oz","6.5 oz","4910.jpg",,"3"
"7617","Cooking Needs","Canned Food","Canned Fruit & Applesauce","Del Monte","Del Monte Mandarin Oranges","Del Monte Mandarin Oranges","1.89","0.0","","15 oz","15 oz","4922.jpg",,"3"
"7618","Cooking Needs","Canned Food","Canned Fruit & Applesauce","Del Monte","Del Monte Mandarin Oranges in Light Syrup","Del Monte Mandarin Oranges in Light Syrup","1.29","0.0","","8.25 oz","8.25 oz","4921.jpg",,"3"
"7619","Cooking Needs","Canned Food","Canned Fruit & Applesauce","Del Monte","Del Monte Mandarin Oranges in Light Syrup","Del Monte Mandarin Oranges in Light Syrup","3.09","0.0","","4 oz","4 oz","4923.jpg",,"3"
"7620","Cooking Needs","Canned Food","Canned Fruit & Applesauce","Del Monte","Del Monte Mandarin Oranges in Water, No Sugar Added","Del Monte Mandarin Oranges in Water, No Sugar Added","2.49","0.0","","4 oz","4 oz","4904.jpg",,"3"
"7621","Cooking Needs","Canned Food","Canned Fruit & Applesauce","Del Monte","Del Monte No Sugar Added Fruit Cocktail Packed in Water","Del Monte No Sugar Added Fruit Cocktail Packed in Water","1.69","0.0","","14.5 oz","14.5 oz","4907.jpg",,"3"
"7622","Cooking Needs","Canned Food","Canned Fruit & Applesauce","Del Monte","Del Monte No Sugar Added Sliced Peaches","Del Monte No Sugar Added Sliced Peaches","1.59","0.0","","14.5 oz","14.5 oz","4906.jpg",,"3"
"7623","Cooking Needs","Canned Food","Canned Fruit & Applesauce","Del Monte","Del Monte No Sugar Added Sliced Pears","Del Monte No Sugar Added Sliced Pears","1.89","0.0","","14.5 oz","14.5 oz","4911.jpg",,"3"
"7624","Cooking Needs","Canned Food","Canned Fruit & Applesauce","Del Monte","Del Monte Peaches Sliced","Del Monte Peaches Sliced","1.89","0.0","","15.25 oz","15.25 oz","4914.jpg",,"3"
"7625","Cooking Needs","Canned Food","Canned Fruit & Applesauce","Dole","Dole 100% Juice Mixed Fruit","Dole 100% Juice Mixed Fruit","3.09","0.0","","4 oz","4 oz","4927.jpg",,"3"
"7626","Cooking Needs","Canned Food","Canned Fruit & Applesauce","Dole","Dole Crushed Pineapple in 100% Pineapple Juice","Dole Crushed Pineapple in 100% Pineapple Juice","1.89","0.0","","20 oz","20 oz","4935.jpg",,"3"
"7627","Cooking Needs","Canned Food","Canned Fruit & Applesauce","Dole","Dole Crushed Pineapple in 100% Pineapple Juice","Dole Crushed Pineapple in 100% Pineapple Juice","0.99","0.0","","8 oz","8 oz","4936.jpg",,"3"
"7628","Cooking Needs","Canned Food","Canned Fruit & Applesauce","Dole","Dole Fruit Bowls, Diced Pears in 100% Fruit Juice","Dole Fruit Bowls, Diced Pears in 100% Fruit Juice","3.09","0.0","","4 oz","4 oz","4930.jpg",,"3"
"7629","Cooking Needs","Canned Food","Canned Fruit & Applesauce","Dole","Dole Mandarin Oranges in 100% Fruit Juice","Dole Mandarin Oranges in 100% Fruit Juice","3.69","0.0","","23.5 oz","23.5 oz","4931.jpg",,"3"
"7630","Cooking Needs","Canned Food","Canned Fruit & Applesauce","Dole","Dole Pineapple Chunks","Dole Pineapple Chunks","1.89","0.0","","20 oz","20 oz","4926.jpg",,"3"
"7631","Cooking Needs","Canned Food","Canned Fruit & Applesauce","Dole","Dole Pineapple Chunks","Dole Pineapple Chunks","3.09","0.0","","23.5 oz","23.5 oz","4929.jpg",,"3"
"7632","Cooking Needs","Canned Food","Canned Fruit & Applesauce","Dole","Dole Pineapple Chunks in 100% Pineapple Juice","Dole Pineapple Chunks in 100% Pineapple Juice","0.99","0.0","","8 oz","8 oz","4925.jpg",,"3"
"7633","Cooking Needs","Canned Food","Canned Fruit & Applesauce","Dole","Dole Pineapple Slices in 100% Pineapple Juice","Dole Pineapple Slices in 100% Pineapple Juice","0.99","0.0","","8 oz","8 oz","4934.jpg",,"3"
"7634","Cooking Needs","Canned Food","Canned Fruit & Applesauce","Dole","Dole Tropical Fruit in 100% Fruit Juice","Dole Tropical Fruit in 100% Fruit Juice","3.09","0.0","","23.5 oz","23.5 oz","4933.jpg",,"3"
"7635","Cooking Needs","Canned Food","Canned Fruit & Applesauce","Dole","Dole Yellow Cling Sliced Peaches","Dole Yellow Cling Sliced Peaches","3.69","0.0","","23.5 oz","23.5 oz","4928.jpg",,"3"
"7636","Cooking Needs","Canned Food","Canned Fruit & Applesauce","Del Monte","Del Monte Fruit Cocktail in Extra Light Syrup","Del Monte Fruit Cocktail in Extra Light Syrup","1.29","0.0","","8.25 oz","8.25 oz","4924.jpg",,"3"
"7637","Cooking Needs","Canned Food","Canned Fruit & Applesauce","Del Monte","Del Monte Fruit Naturals Cherry Mixed Fruit In Extra Light Syrup","Del Monte Fruit Naturals Cherry Mixed Fruit In Extra Light Syrup","1.59","0.0","","7 oz","7 oz","4919.jpg",,"3"
"7638","Cooking Needs","Canned Food","Canned Fruit & Applesauce","Del Monte","Del Monte Fruit Naturals Red Grapefruit In Extra Light Syrup","Del Monte Fruit Naturals Red Grapefruit In Extra Light Syrup","1.59","0.0","","7 oz","7 oz","4912.jpg",,"3"
"7639","Cooking Needs","Canned Food","Canned Fruit & Applesauce","Del Monte","Del Monte Quality Diced Mangos in Extra Light Syrup","Del Monte Quality Diced Mangos in Extra Light Syrup","1.89","0.0","","15 oz can","15 oz can","4909.jpg",,"3"
"7640","Cooking Needs","Canned Food","Canned Fruit & Applesauce","Fruit Naturals","Fruit Naturals Bartlett in Extra Light Syrup Pear Chunks","Fruit Naturals Bartlett in Extra Light Syrup Pear Chunks","1.59","0.0","","7 oz","7 oz","17074.jpg",,"3"
"7641","Cooking Needs","Canned Food","Canned Fruit & Applesauce","Del Monte","Del Monte Fresh Cored Pineapple","Del Monte Fresh Cored Pineapple","6.09","0.0","","20 oz","20 oz","4917.jpg",,"3"
"7642","Cooking Needs","Canned Food","Canned Fruit & Applesauce","Del Monte","Del Monte SunFresh Red Grapefruit In Water No Sugar Added","Del Monte SunFresh Red Grapefruit In Water No Sugar Added","8.59","0.0","","64 oz","64 oz","4913.jpg",,"3"
"7643","Cooking Needs","Canned Food","Canned Fruit & Applesauce","GoGo Squeez","Strawberry Applesauce On The Go Pouches","Strawberry Applesauce On The Go Pouches","3.09","0.0","","4 x 3.2 oz","4 x 3.2 oz","17070.jpg",,"3"
"7644","Cooking Needs","Canned Food","Canned Fruit & Applesauce","Infinite Herbs","Infinite Herbs Bay Leaf","Infinite Herbs Bay Leaf","2.49","0.0","","1 oz","1 oz","No Image.jpg",,"20"
"7645","Cooking Needs","Canned Food","Canned Fruit & Applesauce","Libby's","Libby's Yellow Cling No Sugar Added Peach Slices","Libby's Yellow Cling No Sugar Added Peach Slices","3.09","0.0","","23.5 oz","23.5 oz","4954.jpg",,"3"
"7646","Cooking Needs","Canned Food","Canned Fruit & Applesauce","Market Basket","Market Basket Apple Sauce","Market Basket Apple Sauce","2.09","0.0","","6 oz","6 oz","Market Basket.jpg",,"3"
"7647","Cooking Needs","Canned Food","Canned Fruit & Applesauce","Market Basket","Market Basket Chunks","Market Basket Chunks","2.99","0.0","","16 oz","16 oz","Market Basket.jpg",,"3"
"7648","Cooking Needs","Canned Food","Canned Fruit & Applesauce","Market Basket","Market Basket Cinnamon Apple Sauce","Market Basket Cinnamon Apple Sauce","1.89","0.0","","24 oz","24 oz","Market Basket.jpg",,"3"
"7649","Cooking Needs","Canned Food","Canned Fruit & Applesauce","Market Basket","Market Basket Original Apple Sauce","Market Basket Original Apple Sauce","2.79","0.0","","46 oz","46 oz","Market Basket.jpg",,"3"
"7650","Cooking Needs","Canned Food","Canned Fruit & Applesauce","Market Basket","Market Basket Original Apple Sauce","Market Basket Original Apple Sauce","1.89","0.0","","24 oz","24 oz","Market Basket.jpg",,"3"
"7651","Cooking Needs","Canned Food","Canned Fruit & Applesauce","Market Basket","Market Basket Original Applesauce","Market Basket Original Applesauce","2.09","0.0","","6 x 7 oz","6 x 7 oz","Market Basket.jpg",,"3"
"7652","Cooking Needs","Canned Food","Canned Fruit & Applesauce","Market Basket","Market Basket Pineapple Chunks","Market Basket Pineapple Chunks","1.49","0.0","","20 oz container","20 oz container","Market Basket.jpg",,"3"
"7653","Cooking Needs","Canned Food","Canned Fruit & Applesauce","Market Basket","Market Basket Pineapple Slices","Market Basket Pineapple Slices","1.29","0.0","","20 oz","20 oz","Market Basket.jpg",,"3"
"7654","Cooking Needs","Canned Food","Canned Fruit & Applesauce","Market Basket","Market Basket Unsweetened Apple Sauce","Market Basket Unsweetened Apple Sauce","2.79","0.0","","46 oz","46 oz","Market Basket.jpg",,"3"
"7655","Cooking Needs","Canned Food","Canned Fruit & Applesauce","Market Basket","Market Basket Unsweetened Apple Sauce","Market Basket Unsweetened Apple Sauce","2.09","0.0","","6 x 10 oz","6 x 10 oz","Market Basket.jpg",,"3"
"7656","Cooking Needs","Canned Food","Canned Fruit & Applesauce","Market Basket","Market Basket Unsweetened Applesauce","Market Basket Unsweetened Applesauce","1.89","0.0","","24 oz","24 oz","Market Basket.jpg",,"3"
"7657","Cooking Needs","Canned Food","Canned Fruit & Applesauce","Market Basket","Market Basket Unsweetened Vanilla Almond Milk","Market Basket Unsweetened Vanilla Almond Milk","6.09","0.0","","1 ct","1 ct","Market Basket.jpg",,"1"
"7658","Cooking Needs","Canned Food","Canned Fruit & Applesauce","Market Basket","Market Basket Unsweetened Vanilla Almond Milk","Market Basket Unsweetened Vanilla Almond Milk","6.09","0.0","","32 oz","32 oz","Market Basket.jpg",,"3"
"7659","Cooking Needs","Canned Food","Canned Fruit & Applesauce","Market Basket","Market Basket Whole Cranberry Sauce","Market Basket Whole Cranberry Sauce","1.29","0.0","","14 oz","14 oz","Market Basket.jpg",,"3"
"7660","Cooking Needs","Canned Food","Canned Fruit & Applesauce","Mott's","Mott's Applesauce","Mott's Applesauce","3.09","0.0","","48 oz","48 oz","4942.jpg",,"3"
"7661","Cooking Needs","Canned Food","Canned Fruit & Applesauce","Mott's","Mott's Applesauce Healthy Harvest Country Berry","Mott's Applesauce Healthy Harvest Country Berry","2.49","0.0","","6 x 3.9 oz","6 x 3.9 oz","4939.jpg",,"3"
"7662","Cooking Needs","Canned Food","Canned Fruit & Applesauce","Mott's","Mott's Mango Peach Applesauce","Mott's Mango Peach Applesauce","2.49","0.0","","6 x 4 oz","6 x 4 oz","4945.jpg",,"3"
"7663","Cooking Needs","Canned Food","Canned Fruit & Applesauce","Mott's","Mott's No Sugar Added Mixed Berry Applesauce","Mott's No Sugar Added Mixed Berry Applesauce","3.09","0.0","","4 x 3.2 oz","4 x 3.2 oz","4943.jpg",,"3"
"7664","Cooking Needs","Canned Food","Canned Fruit & Applesauce","Mott's","Mott's Unsweetened Applesauce","Mott's Unsweetened Applesauce","2.69","0.0","","6 x 3.9 oz","6 x 3.9 oz","4937.jpg",,"3"
"7665","Cooking Needs","Canned Food","Canned Fruit & Applesauce","Mott's","Mott's Unsweetened Applesauce","Mott's Unsweetened Applesauce","3.09","0.0","","46 oz","46 oz","4938.jpg",,"3"
"7666","Cooking Needs","Canned Food","Canned Fruit & Applesauce","Mott's","Mott's Unsweetened Applesauce Natural","Mott's Unsweetened Applesauce Natural","2.19","0.0","","23 oz","23 oz","4941.jpg",,"3"
"7667","Cooking Needs","Canned Food","Canned Fruit & Applesauce","Mott's","Mott's Unsweetened Blueberry Applesauce","Mott's Unsweetened Blueberry Applesauce","2.49","0.0","","6 x 3.9 oz","6 x 3.9 oz","4940.jpg",,"3"
"7668","Cooking Needs","Canned Food","Canned Fruit & Applesauce","Mott's","Mott's Unsweetened Strawberry Applesauce","Mott's Unsweetened Strawberry Applesauce","2.49","0.0","","6 x 3.9 oz","6 x 3.9 oz","4944.jpg",,"3"
"7669","Cooking Needs","Canned Food","Canned Fruit & Applesauce","Musselman's","Musselman's Apple Sauce Cinnamon","Musselman's Apple Sauce Cinnamon","2.69","0.0","","6 x 4 oz","6 x 4 oz","4947.jpg",,"3"
"7670","Cooking Needs","Canned Food","Canned Fruit & Applesauce","Musselman's","Musselman's Big Cup Unsweetened Apple Sauce","Musselman's Big Cup Unsweetened Apple Sauce","3.09","0.0","","4 x 6 oz","4 x 6 oz","4951.jpg",,"3"
"7671","Cooking Needs","Canned Food","Canned Fruit & Applesauce","Musselman's","Musselman's Lite Original Apple Sauce","Musselman's Lite Original Apple Sauce","2.49","0.0","","6 x 4 oz","6 x 4 oz","4949.jpg",,"3"
"7672","Cooking Needs","Canned Food","Canned Fruit & Applesauce","Musselman's","Musselman's Original Apple Sauce","Musselman's Original Apple Sauce","3.69","0.0","","3 lb","3 lb","4952.jpg",,"3"
"7673","Cooking Needs","Canned Food","Canned Fruit & Applesauce","Musselman's","Musselman's Unsweetened Apple Sauce","Musselman's Unsweetened Apple Sauce","3.69","0.0","","46 oz","46 oz","4950.jpg",,"3"
"7674","Cooking Needs","Canned Food","Canned Fruit & Applesauce","Musselman's","Musselman's Unsweetened Apple Sauce","Musselman's Unsweetened Apple Sauce","2.69","0.0","","6 x 4 oz","6 x 4 oz","4948.jpg",,"3"
"7675","Cooking Needs","Canned Food","Canned Fruit & Applesauce","Ocean Spray","Ocean Spray Sauce Jellied Cranberry Sauce","Ocean Spray Sauce Jellied Cranberry Sauce","1.89","0.0","","14 oz","14 oz","4959.jpg",,"3"
"7676","Cooking Needs","Canned Food","Canned Fruit & Applesauce","Ocean Spray","Ocean Spray Sauce Whole Berry Cranberry Sauce","Ocean Spray Sauce Whole Berry Cranberry Sauce","1.89","0.0","","14 oz","14 oz","4960.jpg",,"3"
"7677","Cooking Needs","Canned Food","Canned Fruit & Applesauce","Scotch","Scotch Bonnet Peppers","Scotch Bonnet Peppers","2.15","0.0","","0.38 lb","0.38 lb","No Image.jpg",,"3"
"7678","Cooking Needs","Canned Food","Canned Fruit & Applesauce","Store Brand","Chinese Cabbage","Chinese Cabbage","2.49","0.0","","1 lb","1 lb","Market Basket.jpg",,"3"
"7679","Cooking Needs","Canned Food","Canned Fruit & Applesauce","Sunsweet","Sunsweet Ready to Serve Prunes with Pits","Sunsweet Ready to Serve Prunes with Pits","2.49","0.0","","16 oz","16 oz","17072.jpg",,"3"
"7680","Cooking Needs","Canned Food","Canned Fruit & Applesauce","Sunsweet","Sunsweet Ss Prns Bte Sz Ptd Cnst","Sunsweet Ss Prns Bte Sz Ptd Cnst","5.79","0.0","","16 oz","16 oz","17073.jpg",,"3"
"7681","Cooking Needs","Canned Food","Canned Fruit & Applesauce","Vermont Village","Vermont Village Apple Sauce Unsweetened With Cinnamon Organic","Vermont Village Apple Sauce Unsweetened With Cinnamon Organic","4.89","0.0","","24 oz","24 oz","4958.jpg",,"3"
"7682","Cooking Needs","Canned Food","Canned Fruit & Applesauce","Vermont Village","Vermont Village Organic Sweetened Apple Sauce","Vermont Village Organic Sweetened Apple Sauce","4.29","0.0","","4 oz","4 oz","4955.jpg",,"3"
"7683","Cooking Needs","Canned Food","Canned Fruit & Applesauce","Vermont Village","Vermont Village Organic Unsweetened Apple Sauce With Strawberries & Bananas","Vermont Village Organic Unsweetened Apple Sauce With Strawberries & Bananas","4.29","0.0","","4 oz","4 oz","4956.jpg",,"3"
"7684","Cooking Needs","Canned Food","Canned Fruit & Applesauce","Vermont Village","Vermont Village Unsweetened Applesauce","Vermont Village Unsweetened Applesauce","4.29","0.0","","24 oz","24 oz","4957.jpg",,"3"
"7685","Cooking Needs","Canned Food","Canned Meals & Beans","B & M","Bush's Best Baked Beans Boston Recipe","Bush's Best Baked Beans Boston Recipe","1.69","0.0","","16 oz","16 oz","5127.jpg",,"2"
"7686","Cooking Needs","Canned Food","Canned Meals & Beans","B&M","Bacon & Onion Baked Beans","Bacon & Onion Baked Beans","1.29","0.0","","16 oz","16 oz","5163.jpg",,"2"
"7687","Cooking Needs","Canned Food","Canned Meals & Beans","B&M","Baked Beans Original","Baked Beans Original","1.29","0.0","","16 oz","16 oz","No Image.jpg",,"2"
"7688","Cooking Needs","Canned Food","Canned Meals & Beans","B&M","Boston's Best Baked Beans","Boston's Best Baked Beans","1.29","0.0","","16 oz","16 oz","5166.jpg",,"2"
"7689","Cooking Needs","Canned Food","Canned Meals & Beans","B&M","Brown Bread Original","Brown Bread Original","2.69","0.0","","16 oz","16 oz","5167.jpg",,"2"
"7690","Cooking Needs","Canned Food","Canned Meals & Beans","B&M","Brown Bread Raisin","Brown Bread Raisin","2.79","0.0","","16 oz","16 oz","5168.jpg",,"2"
"7691","Cooking Needs","Canned Food","Canned Meals & Beans","B&M","Original Baked Beans","Original Baked Beans","1.29","0.0","","16 oz","16 oz","5161.jpg",,"2"
"7692","Cooking Needs","Canned Food","Canned Meals & Beans","B&M","Original Baked Beans","Original Baked Beans","1.89","0.0","","28 oz","28 oz","5164.jpg",,"2"
"7693","Cooking Needs","Canned Food","Canned Meals & Beans","B&M","Original Baked Beans","Original Baked Beans","1.29","0.0","","8 oz","8 oz","5165.jpg",,"2"
"7694","Cooking Needs","Canned Food","Canned Meals & Beans","B&M","Vegetarian Baked Beans","Vegetarian Baked Beans","1.29","0.0","","16 oz","16 oz","5162.jpg",,"2"
"7695","Cooking Needs","Canned Food","Canned Meals & Beans","Bush's Best","Bush's Best Baked Beans Honey Sweet","Bush's Best Baked Beans Honey Sweet","1.69","0.0","","16 oz","16 oz","5134.jpg",,"2"
"7696","Cooking Needs","Canned Food","Canned Meals & Beans","Bush's Best","Bush's Best Black Beans","Bush's Best Black Beans","1.29","0.0","","15 oz","15 oz","5132.jpg",,"9"
"7697","Cooking Needs","Canned Food","Canned Meals & Beans","Bush's Best","Bush's Best Bushs Best Beans, Baked, Vegetarian, Can","Bush's Best Bushs Best Beans, Baked, Vegetarian, Can","1.69","0.0","","16 oz","16 oz","5133.jpg",,"2"
"7698","Cooking Needs","Canned Food","Canned Meals & Beans","Bush's Best","Bush's Best Bushs Best Beans, Pinto, Can","Bush's Best Bushs Best Beans, Pinto, Can","1.29","0.0","","16 oz","16 oz","5139.jpg",,"9"
"7699","Cooking Needs","Canned Food","Canned Meals & Beans","Bush's Best","Bush's Best Country Style Baked Beans","Bush's Best Country Style Baked Beans","1.69","0.0","","16 oz","16 oz","5129.jpg",,"2"
"7700","Cooking Needs","Canned Food","Canned Meals & Beans","Bush's Best","Bush's Best Dark Red Kidney Beans","Bush's Best Dark Red Kidney Beans","1.29","0.0","","16 oz","16 oz","5130.jpg",,"2"
"7701","Cooking Needs","Canned Food","Canned Meals & Beans","Bush's Best","BUSH'S BEST Garbanzos Chick Peas","BUSH'S BEST Garbanzos Chick Peas","1.29","0.0","","16 oz","16 oz","5143.jpg",,"2"
"7702","Cooking Needs","Canned Food","Canned Meals & Beans","Bush's Best","Bush's Best Great Northern Beans","Bush's Best Great Northern Beans","1.09","0.0","","15.8 oz","15.8 oz","5148.jpg",,"2"
"7703","Cooking Needs","Canned Food","Canned Meals & Beans","Bush's Best","Bush's Best Homestyle Baked Beans","Bush's Best Homestyle Baked Beans","1.69","0.0","","16 oz","16 oz","5141.jpg",,"2"
"7704","Cooking Needs","Canned Food","Canned Meals & Beans","Bush's Best","Bush's Best Light Red Kidney Beans","Bush's Best Light Red Kidney Beans","1.29","0.0","","16 oz","16 oz","5144.jpg",,"2"
"7705","Cooking Needs","Canned Food","Canned Meals & Beans","Bush's Best","Bush's Best Maple & Cured Bacon Baked Beans","Bush's Best Maple & Cured Bacon Baked Beans","1.69","0.0","","16 oz","16 oz","5126.jpg",,"2"
"7706","Cooking Needs","Canned Food","Canned Meals & Beans","Bush's Best","Bush's Best Organic Dark Red Kidney Beans","Bush's Best Organic Dark Red Kidney Beans","1.49","0.0","","15 oz","15 oz","5142.jpg",,"2"
"7707","Cooking Needs","Canned Food","Canned Meals & Beans","Bush's Best","Bush's Best Original Baked Beans","Bush's Best Original Baked Beans","1.29","0.0","","8.3 oz","8.3 oz","5124.jpg",,"2"
"7708","Cooking Needs","Canned Food","Canned Meals & Beans","Bush's Best","Bush's Best Original Baked Beans","Bush's Best Original Baked Beans","1.69","0.0","","16 oz","16 oz","5131.jpg",,"2"
"7709","Cooking Needs","Canned Food","Canned Meals & Beans","Bush's Best","Bush's Best Original Baked Beans","Bush's Best Original Baked Beans","2.49","0.0","","28 oz","28 oz","5136.jpg",,"2"
"7710","Cooking Needs","Canned Food","Canned Meals & Beans","Bush's Best","Bush's Best Original Baked Beans","Bush's Best Original Baked Beans","4.39","0.0","","55 oz","55 oz","5147.jpg",,"2"
"7711","Cooking Needs","Canned Food","Canned Meals & Beans","Bush's Best","Bush's Best Reduced Sodium Cannellini Beans","Bush's Best Reduced Sodium Cannellini Beans","1.29","0.0","","15.5 oz","15.5 oz","5146.jpg",,"2"
"7712","Cooking Needs","Canned Food","Canned Meals & Beans","Bush's Best","Bush's Best Reduced Sodium Dark Red Kidney Beans","Bush's Best Reduced Sodium Dark Red Kidney Beans","1.59","0.0","","16 oz","16 oz","5149.jpg",,"2"
"7713","Cooking Needs","Canned Food","Canned Meals & Beans","Bush's Best","Bush's Best Reduced Sodium Vegetarian Baked Beans","Bush's Best Reduced Sodium Vegetarian Baked Beans","1.69","0.0","","16 oz","16 oz","5125.jpg",,"2"
"7714","Cooking Needs","Canned Food","Canned Meals & Beans","Campbell's","Campbell's Campbell's SpaghettiO's Meatballs","Campbell's Campbell's SpaghettiO's Meatballs","1.29","0.0","","14.2 oz","14.2 oz","5180.jpg",,"4"
"7715","Cooking Needs","Canned Food","Canned Meals & Beans","Campbell's","Campbell's Canned Beans, Pork & Beans","Campbell's Canned Beans, Pork & Beans","0.79","0.0","","11 oz","11 oz","5181.jpg",,"2"
"7716","Cooking Needs","Canned Food","Canned Meals & Beans","Campbell's","Campbell's SpaghettiOs Canned Pasta, Original","Campbell's SpaghettiOs Canned Pasta, Original","1.29","0.0","","15.8 oz","15.8 oz","5174.jpg",,"4"
"7717","Cooking Needs","Canned Food","Canned Meals & Beans","Campbell's","Campbell's SpaghettiOs Canned Pasta, Original","Campbell's SpaghettiOs Canned Pasta, Original","1.29","0.0","","15.8 oz","15.8 oz","5174.jpg",,"4"
"7718","Cooking Needs","Canned Food","Canned Meals & Beans","Campbell's","Campbell's SpaghettiOs ned Pasta A to Z Shapes with Meatballs","Campbell's SpaghettiOs ned Pasta A to Z Shapes with Meatballs","1.29","0.0","","15.6 oz","15.6 oz","5175.jpg",,"2"
"7719","Cooking Needs","Canned Food","Canned Meals & Beans","Chef Boyardee","Chef Boyardee Beef Ravioli","Chef Boyardee Beef Ravioli","1.29","0.0","","15 oz","15 oz","5150.jpg",,"4"
"7720","Cooking Needs","Canned Food","Canned Meals & Beans","Chef Boyardee","Chef Boyardee Beefaroni","Chef Boyardee Beefaroni","1.29","0.0","","15 oz","15 oz","5152.jpg",,"4"
"7721","Cooking Needs","Canned Food","Canned Meals & Beans","Chef Boyardee","Chef Boyardee Cs And 123s With Meatball Mini Bites Pasta","Chef Boyardee Cs And 123s With Meatball Mini Bites Pasta","1.29","0.0","","15 oz","15 oz","18088.jpg",,"2"
"7722","Cooking Needs","Canned Food","Canned Meals & Beans","Chef Boyardee","Chef Boyardee Lasagna","Chef Boyardee Lasagna","1.29","0.0","","15 oz","15 oz","5156.jpg",,"4"
"7723","Cooking Needs","Canned Food","Canned Meals & Beans","Chef Boyardee","Chef Boyardee Macaroni And Cheese","Chef Boyardee Macaroni And Cheese","1.29","0.0","","15 oz","15 oz","5155.jpg",,"4"
"7724","Cooking Needs","Canned Food","Canned Meals & Beans","Chef Boyardee","Chef Boyardee Microwaveable Beefaroni","Chef Boyardee Microwaveable Beefaroni","1.29","0.0","","7.5 oz","7.5 oz","5157.jpg",,"4"
"7725","Cooking Needs","Canned Food","Canned Meals & Beans","Chef Boyardee","Chef Boyardee Mini Pasta Shells and Meatballs","Chef Boyardee Mini Pasta Shells and Meatballs","1.29","0.0","","14.75 oz","14.75 oz","5159.jpg",,"4"
"7726","Cooking Needs","Canned Food","Canned Meals & Beans","Chef Boyardee","Chef Boyardee Mini Ravioli","Chef Boyardee Mini Ravioli","1.29","0.0","","15 oz","15 oz","5153.jpg",,"4"
"7727","Cooking Needs","Canned Food","Canned Meals & Beans","Chef Boyardee","Chef Boyardee Spaghetti And Meatballs","Chef Boyardee Spaghetti And Meatballs","1.29","0.0","","14.5 oz","14.5 oz","5151.jpg",,"2"
"7728","Cooking Needs","Canned Food","Canned Meals & Beans","Del Monte","Del Monte Fresh Cut French Style Green Beans No Salt Added","Del Monte Fresh Cut French Style Green Beans No Salt Added","1.09","0.0","","14.5 oz","14.5 oz","5184.jpg",,"2"
"7729","Cooking Needs","Canned Food","Canned Meals & Beans","Del Monte","Del Monte Fresh Cut Green Beans","Del Monte Fresh Cut Green Beans","1.09","0.0","","14.5 oz","14.5 oz","5182.jpg",,"9"
"7730","Cooking Needs","Canned Food","Canned Meals & Beans","Del Monte","Del Monte Fresh Cut Green Beans","Del Monte Fresh Cut Green Beans","0.99","0.0","","8 oz","8 oz","5183.jpg",,"2"
"7731","Cooking Needs","Canned Food","Canned Meals & Beans","Dinty Moore","Dinty Moore Beef Stew","Dinty Moore Beef Stew","2.49","0.0","","20 oz","20 oz","17120.jpg",,"2"
"7732","Cooking Needs","Canned Food","Canned Meals & Beans","Ducal","Ducal Refried Beans Black","Ducal Refried Beans Black","1.69","0.0","","14.1 oz","14.1 oz","17132.jpg",,"2"
"7733","Cooking Needs","Canned Food","Canned Meals & Beans","Eden","Eden Foods Organic Garbanzo Beans, No Salt Added","Eden Foods Organic Garbanzo Beans, No Salt Added","3.09","0.0","","15 oz","15 oz","17134.jpg",,"9"
"7734","Cooking Needs","Canned Food","Canned Meals & Beans","Eden","Eden Lentils with Onions and Bay Leaves","Eden Lentils with Onions and Bay Leaves","3.09","0.0","","15 oz","15 oz","17138.jpg",,"2"
"7735","Cooking Needs","Canned Food","Canned Meals & Beans","Eden","Eden Navy Beans, No Salt Added","Eden Navy Beans, No Salt Added","3.09","0.0","","15 oz","15 oz","17139.jpg",,"2"
"7736","Cooking Needs","Canned Food","Canned Meals & Beans","Eden","Eden Organic Black Beans No Salt Added","Eden Organic Black Beans No Salt Added","3.09","0.0","","15 oz","15 oz","17137.jpg",,"2"
"7737","Cooking Needs","Canned Food","Canned Meals & Beans","Eden","Eden Organic Kidney Beans, No Salt Added","Eden Organic Kidney Beans, No Salt Added","3.09","0.0","","15 oz","15 oz","17145.jpg",,"2"
"7738","Cooking Needs","Canned Food","Canned Meals & Beans","Eden","Eden Organic Pinto Beans","Eden Organic Pinto Beans","3.09","0.0","","15 oz","15 oz","17141.jpg",,"2"
"7739","Cooking Needs","Canned Food","Canned Meals & Beans","Friend's","Friend's Boston Baked Beans","Friend's Boston Baked Beans","1.59","0.0","","16 oz","16 oz","17136.jpg",,"2"
"7740","Cooking Needs","Canned Food","Canned Meals & Beans","Goya","Goya Beans Black","Goya Beans Black","2.19","0.0","","29 oz","29 oz","5103.jpg",,"7"
"7741","Cooking Needs","Canned Food","Canned Meals & Beans","Goya","Goya Beans Red Kidney","Goya Beans Red Kidney","2.19","0.0","","29 oz","29 oz","5114.jpg",,"7"
"7742","Cooking Needs","Canned Food","Canned Meals & Beans","Goya","Goya Black Beans","Goya Black Beans","2.19","0.0","","29 oz","29 oz","5121.jpg",,"7"
"7743","Cooking Needs","Canned Food","Canned Meals & Beans","Goya","Goya Cannellini","Goya Cannellini","1.29","0.0","","15.5 oz","15.5 oz","5108.jpg",,"7"
"7744","Cooking Needs","Canned Food","Canned Meals & Beans","Goya","Goya Cannellini","Goya Cannellini","2.19","0.0","","29 oz","29 oz","5120.jpg",,"7"
"7745","Cooking Needs","Canned Food","Canned Meals & Beans","Goya","Goya Casero Refried Black Beans","Goya Casero Refried Black Beans","1.89","0.0","","16 oz","16 oz","5112.jpg",,"7"
"7746","Cooking Needs","Canned Food","Canned Meals & Beans","Goya","Goya Chick Peas","Goya Chick Peas","2.39","0.0","","29 oz","29 oz","5106.jpg",,"7"
"7747","Cooking Needs","Canned Food","Canned Meals & Beans","Goya","Goya Dark Kidney Beans","Goya Dark Kidney Beans","1.29","0.0","","15.5 oz","15.5 oz","5113.jpg",,"7"
"7748","Cooking Needs","Canned Food","Canned Meals & Beans","Goya","Goya Great Northern Beans","Goya Great Northern Beans","1.29","0.0","","15.5 oz","15.5 oz","5122.jpg",,"7"
"7749","Cooking Needs","Canned Food","Canned Meals & Beans","Goya","Goya Lentils","Goya Lentils","0.99","0.0","","15.5 oz","15.5 oz","5107.jpg",,"7"
"7750","Cooking Needs","Canned Food","Canned Meals & Beans","Goya","Goya Low Sodium Black Beans","Goya Low Sodium Black Beans","1.09","0.0","","15.5 oz","15.5 oz","5096.jpg",,"7"
"7751","Cooking Needs","Canned Food","Canned Meals & Beans","Goya","Goya Navy Beans","Goya Navy Beans","0.99","0.0","","15.5 oz","15.5 oz","5109.jpg",,"7"
"7752","Cooking Needs","Canned Food","Canned Meals & Beans","Goya","Goya Pink Beans Low Sodium","Goya Pink Beans Low Sodium","2.19","0.0","","29 oz","29 oz","5105.jpg",,"7"
"7753","Cooking Needs","Canned Food","Canned Meals & Beans","Goya","Goya Pinto Beans","Goya Pinto Beans","0.99","0.0","","15.5 oz","15.5 oz","5100.jpg",,"7"
"7754","Cooking Needs","Canned Food","Canned Meals & Beans","Goya","Goya Pinto Beans","Goya Pinto Beans","1.09","0.0","","15.5 oz","15.5 oz","5117.jpg",,"7"
"7755","Cooking Needs","Canned Food","Canned Meals & Beans","Goya","Goya Pinto Beans","Goya Pinto Beans","2.19","0.0","","29 oz","29 oz","5118.jpg",,"7"
"7756","Cooking Needs","Canned Food","Canned Meals & Beans","Goya","Goya Premium Black Beans","Goya Premium Black Beans","1.59","0.0","","15.5 oz","15.5 oz","5099.jpg",,"7"
"7757","Cooking Needs","Canned Food","Canned Meals & Beans","Goya","Goya Premium Chick Peas (Garbanzos)","Goya Premium Chick Peas (Garbanzos)","1.29","0.0","","15.5 oz","15.5 oz","5097.jpg",,"7"
"7758","Cooking Needs","Canned Food","Canned Meals & Beans","Goya","Goya Premium Chick Peas (Garbanzos), Low Sodium","Goya Premium Chick Peas (Garbanzos), Low Sodium","1.09","0.0","","15.5 oz","15.5 oz","5104.jpg",,"7"
"7759","Cooking Needs","Canned Food","Canned Meals & Beans","Goya","Goya Premium Pink Beans","Goya Premium Pink Beans","0.99","0.0","","15.5 oz","15.5 oz","5098.jpg",,"7"
"7760","Cooking Needs","Canned Food","Canned Meals & Beans","Goya","Goya Premium Small Red Beans","Goya Premium Small Red Beans","1.09","0.0","","15.5 oz","15.5 oz","5102.jpg",,"7"
"7761","Cooking Needs","Canned Food","Canned Meals & Beans","Goya","Goya Red Kidney Beans","Goya Red Kidney Beans","1.09","0.0","","15.5 oz","15.5 oz","5094.jpg",,"7"
"7762","Cooking Needs","Canned Food","Canned Meals & Beans","Goya","Goya Red Kidney Beans","Goya Red Kidney Beans","1.49","0.0","","15 oz","15 oz","5115.jpg",,"7"
"7763","Cooking Needs","Canned Food","Canned Meals & Beans","Goya","Goya Red Kidney Beans","Goya Red Kidney Beans","2.29","0.0","","29 oz","29 oz","5116.jpg",,"7"
"7764","Cooking Needs","Canned Food","Canned Meals & Beans","Goya","Goya Refried Beans","Goya Refried Beans","1.69","0.0","","16 oz","16 oz","5123.jpg",,"7"
"7765","Cooking Needs","Canned Food","Canned Meals & Beans","Goya","Goya Refried Pinto Beans Traditional","Goya Refried Pinto Beans Traditional","1.69","0.0","","16 oz","16 oz","5101.jpg",,"7"
"7766","Cooking Needs","Canned Food","Canned Meals & Beans","Goya","Goya Small Red Beans","Goya Small Red Beans","2.19","0.0","","29 oz","29 oz","5119.jpg",,"7"
"7767","Cooking Needs","Canned Food","Canned Meals & Beans","Goya","Goya Small White Beans","Goya Small White Beans","1.29","0.0","","15.5 oz","15.5 oz","5110.jpg",,"7"
"7768","Cooking Needs","Canned Food","Canned Meals & Beans","Green Giant","Green Giant Cut Green Beans","Green Giant Cut Green Beans","1.09","0.0","","14.5 oz","14.5 oz","17135.jpg",,"2"
"7769","Cooking Needs","Canned Food","Canned Meals & Beans","Hanover","Hanover Garbanzo Beans","Hanover Garbanzo Beans","0.89","0.0","","7.75 oz","7.75 oz","17131.jpg",,"2"
"7770","Cooking Needs","Canned Food","Canned Meals & Beans","Heinz","Heinz Baked Beans with Tomato Sauce","Heinz Baked Beans with Tomato Sauce","1.29","0.0","","13.7 oz","13.7 oz","18089.jpg",,"2"
"7771","Cooking Needs","Canned Food","Canned Meals & Beans","Hormel","Hormel Chili 99% Fat Free Vegetarian with Beans","Hormel Chili 99% Fat Free Vegetarian with Beans","1.59","0.0","","15 oz","15 oz","5172.jpg",,"2"
"7772","Cooking Needs","Canned Food","Canned Meals & Beans","Hormel","Hormel Chili with Beans","Hormel Chili with Beans","1.89","0.0","","15 oz","15 oz","5170.jpg",,"2"
"7773","Cooking Needs","Canned Food","Canned Meals & Beans","Hormel","Hormel Chili with No Beans","Hormel Chili with No Beans","1.89","0.0","","15 oz","15 oz","5171.jpg",,"2"
"7774","Cooking Needs","Canned Food","Canned Meals & Beans","Hormel","Hormel Chunky Chili with Beef Beans","Hormel Chunky Chili with Beef Beans","1.89","0.0","","15 oz","15 oz","5169.jpg",,"2"
"7775","Cooking Needs","Canned Food","Canned Meals & Beans","Kuner's","Kuner's Black Beans Traditional","Kuner's Black Beans Traditional","1.29","0.0","","15 oz","15 oz","17124.jpg",,"2"
"7776","Cooking Needs","Canned Food","Canned Meals & Beans","Kuner's","Kuner's Chili Beans Cumin & Chili Sauce","Kuner's Chili Beans Cumin & Chili Sauce","1.29","0.0","","15 oz","15 oz","17127.jpg",,"2"
"7777","Cooking Needs","Canned Food","Canned Meals & Beans","Kuner's","Kuner's Refried Black Beans","Kuner's Refried Black Beans","2.09","0.0","","15.5 oz","15.5 oz","17125.jpg",,"2"
"7778","Cooking Needs","Canned Food","Canned Meals & Beans","Kuner's","Kuner's Southwestern Southwest Fire Roasted Chiles Refried Kuner's Southwest Fire Roasted Chiles Refried Pinto Beans","Kuner's Southwestern Southwest Fire Roasted Chiles Refried Kuner's Southwest Fire Roasted Chiles Refried Pinto Beans","1.29","0.0","","15.5 oz","15.5 oz","17143.jpg",,"2"
"7779","Cooking Needs","Canned Food","Canned Meals & Beans","Kuner's","Kuners Pinto Beans, Refried, Traditional","Kuners Pinto Beans, Refried, Traditional","1.29","0.0","","16 oz","16 oz","17146.jpg",,"2"
"7780","Cooking Needs","Canned Food","Canned Meals & Beans","Market Basket","Market Basket Animal Shapes Macaroni & Cheese Dinner","Market Basket Animal Shapes Macaroni & Cheese Dinner","0.79","0.0","","5.5 oz","5.5 oz","Market Basket.jpg",,"4"
"7781","Cooking Needs","Canned Food","Canned Meals & Beans","Market Basket","Market Basket Black Beans","Market Basket Black Beans","0.89","0.0","","15.5 oz","15.5 oz","Market Basket.jpg",,"9"
"7782","Cooking Needs","Canned Food","Canned Meals & Beans","Market Basket","Market Basket Black Beans","Market Basket Black Beans","1.49","0.0","","29 oz","29 oz","Market Basket.jpg",,"2"
"7783","Cooking Needs","Canned Food","Canned Meals & Beans","Market Basket","Market Basket Cannellini Beans","Market Basket Cannellini Beans","0.89","0.0","","15.5 oz","15.5 oz","5092.jpg",,"2"
"7784","Cooking Needs","Canned Food","Canned Meals & Beans","Market Basket","Market Basket Chick Peas","Market Basket Chick Peas","0.89","0.0","","15.5 oz","15.5 oz","Market Basket.jpg",,"2"
"7785","Cooking Needs","Canned Food","Canned Meals & Beans","Market Basket","Market Basket Chick Peas","Market Basket Chick Peas","1.49","0.0","","29 oz","29 oz","Market Basket.jpg",,"2"
"7786","Cooking Needs","Canned Food","Canned Meals & Beans","Market Basket","Market Basket Cut Green Beans","Market Basket Cut Green Beans","0.79","0.0","","14.5 oz","14.5 oz","Market Basket.jpg",,"2"
"7787","Cooking Needs","Canned Food","Canned Meals & Beans","Market Basket","Market Basket Cut Green Beans","Market Basket Cut Green Beans","0.69","0.0","","8 oz","8 oz","Market Basket.jpg",,"2"
"7788","Cooking Needs","Canned Food","Canned Meals & Beans","Market Basket","Market Basket Fancy Cut Green Beans","Market Basket Fancy Cut Green Beans","0.79","0.0","","14.5 oz","14.5 oz","Market Basket.jpg",,"2"
"7789","Cooking Needs","Canned Food","Canned Meals & Beans","Market Basket","Market Basket French Style Green Beans","Market Basket French Style Green Beans","0.79","0.0","","15.25 oz","15.25 oz","Market Basket.jpg",,"2"
"7790","Cooking Needs","Canned Food","Canned Meals & Beans","Market Basket","Market Basket French Style Green Beans","Market Basket French Style Green Beans","0.69","0.0","","8 oz","8 oz","Market Basket.jpg",,"2"
"7791","Cooking Needs","Canned Food","Canned Meals & Beans","Market Basket","Market Basket Green Lima Beans","Market Basket Green Lima Beans","0.99","0.0","","8.5 oz","8.5 oz","5093.jpg",,"2"
"7792","Cooking Needs","Canned Food","Canned Meals & Beans","Market Basket","Market Basket Light Red Kidney Beans","Market Basket Light Red Kidney Beans","0.89","0.0","","15.5 oz","15.5 oz","Market Basket.jpg",,"2"
"7793","Cooking Needs","Canned Food","Canned Meals & Beans","Market Basket","Market Basket Light Red Kidney Beans","Market Basket Light Red Kidney Beans","1.49","0.0","","29 oz","29 oz","Market Basket.jpg",,"2"
"7794","Cooking Needs","Canned Food","Canned Meals & Beans","Market Basket","Market Basket No Salt Added Cut Green Beans","Market Basket No Salt Added Cut Green Beans","0.79","0.0","","14.5 oz","14.5 oz","Market Basket.jpg",,"2"
"7795","Cooking Needs","Canned Food","Canned Meals & Beans","Market Basket","Market Basket No Salt Added French Style Green Beans","Market Basket No Salt Added French Style Green Beans","0.79","0.0","","14.5 oz","14.5 oz","Market Basket.jpg",,"2"
"7796","Cooking Needs","Canned Food","Canned Meals & Beans","Market Basket","Market Basket Pink Beans","Market Basket Pink Beans","0.89","0.0","","15.5 oz","15.5 oz","Market Basket.jpg",,"2"
"7797","Cooking Needs","Canned Food","Canned Meals & Beans","Market Basket","Market Basket Pinto Beans","Market Basket Pinto Beans","0.89","0.0","","15.5 oz","15.5 oz","Market Basket.jpg",,"2"
"7798","Cooking Needs","Canned Food","Canned Meals & Beans","Market Basket","Market Basket Pinto Beans","Market Basket Pinto Beans","1.49","0.0","","29 oz","29 oz","Market Basket.jpg",,"2"
"7799","Cooking Needs","Canned Food","Canned Meals & Beans","Market Basket","Market Basket Red Beans","Market Basket Red Beans","0.89","0.0","","15.5 oz","15.5 oz","Market Basket.jpg",,"2"
"7800","Cooking Needs","Canned Food","Canned Meals & Beans","Nellie's","Aunt Nellie's 3 Bean Salad","Aunt Nellie's 3 Bean Salad","1.59","0.0","","15.5 oz","15.5 oz","17121.jpg",,"2"
"7801","Cooking Needs","Canned Food","Canned Meals & Beans","Old El Paso","Old El Paso Green Chiles Refried Beans","Old El Paso Green Chiles Refried Beans","1.59","0.0","","16 oz","16 oz","17140.jpg",,"2"
"7802","Cooking Needs","Canned Food","Canned Meals & Beans","Old El Paso","Old El Paso Traditional Refried Beans","Old El Paso Traditional Refried Beans","1.29","0.0","","16 oz","16 oz","17129.jpg",,"7"
"7803","Cooking Needs","Canned Food","Canned Meals & Beans","Ortega","Ortega Refried Beans Tradtional","Ortega Refried Beans Tradtional","1.29","0.0","","16 oz","16 oz","17130.jpg",,"2"
"7804","Cooking Needs","Canned Food","Canned Meals & Beans","Pastene","Pastene Black Beans","Pastene Black Beans","1.49","0.0","","15.5 oz","15.5 oz","17128.jpg",,"2"
"7805","Cooking Needs","Canned Food","Canned Meals & Beans","Pastene","Pastene Red Kidney Beans","Pastene Red Kidney Beans","1.29","0.0","","14 oz","14 oz","17144.jpg",,"2"
"7806","Cooking Needs","Canned Food","Canned Meals & Beans","Pastene","Pastene White Kidney Beans","Pastene White Kidney Beans","1.29","0.0","","14 oz","14 oz","17133.jpg",,"2"
"7807","Cooking Needs","Canned Food","Canned Meals & Beans","Progresso","Progresso Chick Peas, Ceci","Progresso Chick Peas, Ceci","1.49","0.0","","19 oz","19 oz","5178.jpg",,"2"
"7808","Cooking Needs","Canned Food","Canned Meals & Beans","Progresso","Progresso Dark Red Kidney Beans","Progresso Dark Red Kidney Beans","1.49","0.0","","19 oz","19 oz","5179.jpg",,"9"
"7809","Cooking Needs","Canned Food","Canned Meals & Beans","Progresso","Progresso Fava Beans","Progresso Fava Beans","1.49","0.0","","19 oz","19 oz","5176.jpg",,"2"
"7810","Cooking Needs","Canned Food","Canned Meals & Beans","Progresso","Progresso Red Kidney Beans","Progresso Red Kidney Beans","1.49","0.0","","19 oz","19 oz","5177.jpg",,"9"
"7811","Cooking Needs","Canned Food","Canned Meals & Beans","Stewart's","Stewart's Shelled Beans","Stewart's Shelled Beans","1.29","0.0","","15.5 oz","15.5 oz","17126.jpg",,"2"
"7812","Cooking Needs","Canned Food","Canned Meals & Beans","Tabasco","Tabasco Brand Original Chili Starter","Tabasco Brand Original Chili Starter","3.69","0.0","","16 oz","16 oz","17123.jpg",,"2"
"7813","Cooking Needs","Canned Food","Canned Meat & Seafood","Bar Harbor","Bar Harbor All Natural Smoked Wild Kippers","Bar Harbor All Natural Smoked Wild Kippers","3.09","0.0","","6.7 oz","6.7 oz","5248.jpg",,"2"
"7814","Cooking Needs","Canned Food","Canned Meat & Seafood","Bar Harbor","Bar Harbor Chopped Clams","Bar Harbor Chopped Clams","2.49","0.0","","6.5 oz","6.5 oz","5250.jpg",,"2"
"7815","Cooking Needs","Canned Food","Canned Meat & Seafood","Bar Harbor","Bar Harbor Wild Herring Fillets, Seasoned with Cracked Pepper","Bar Harbor Wild Herring Fillets, Seasoned with Cracked Pepper","3.09","0.0","","6.7 oz","6.7 oz","5249.jpg",,"2"
"7816","Cooking Needs","Canned Food","Canned Meat & Seafood","Brunswick","Brunswick in Soybean Oil Sardines","Brunswick in Soybean Oil Sardines","1.09","0.0","","3.75 oz","3.75 oz","17158.jpg",,"2"
"7817","Cooking Needs","Canned Food","Canned Meat & Seafood","Bumble Bee","Bumble Bee Chunk Light Tuna In Water","Bumble Bee Chunk Light Tuna In Water","1.29","0.0","","5 oz","5 oz","5187.jpg",,"2"
"7818","Cooking Needs","Canned Food","Canned Meat & Seafood","Bumble Bee","Bumble Bee Fancy Lump Crabmeat","Bumble Bee Fancy Lump Crabmeat","4.89","0.0","","6 oz","6 oz","5191.jpg",,"2"
"7819","Cooking Needs","Canned Food","Canned Meat & Seafood","Bumble Bee","Bumble Bee Fancy Whole Baby Clams","Bumble Bee Fancy Whole Baby Clams","2.19","0.0","","10 oz","10 oz","5190.jpg",,"2"
"7820","Cooking Needs","Canned Food","Canned Meat & Seafood","Bumble Bee","Bumble Bee Minced Clams in Clam Juice","Bumble Bee Minced Clams in Clam Juice","1.49","0.0","","6.5 oz","6.5 oz","5193.jpg",,"2"
"7821","Cooking Needs","Canned Food","Canned Meat & Seafood","Bumble Bee","Bumble Bee Premium Albacore Tuna In Water","Bumble Bee Premium Albacore Tuna In Water","3.69","0.0","","5 oz","5 oz","5194.jpg",,"2"
"7822","Cooking Needs","Canned Food","Canned Meat & Seafood","Bumble Bee","Bumble Bee Premium Chunk White Albacore in Water","Bumble Bee Premium Chunk White Albacore in Water","1.59","0.0","","5 oz","5 oz","5195.jpg",,"2"
"7823","Cooking Needs","Canned Food","Canned Meat & Seafood","Bumble Bee","Bumble Bee Premium Light Tuna In Water","Bumble Bee Premium Light Tuna In Water","2.49","0.0","","5 oz","5 oz","5192.jpg",,"2"
"7824","Cooking Needs","Canned Food","Canned Meat & Seafood","Bumble Bee","Bumble Bee Premium Select Fancy Smoked Oysters","Bumble Bee Premium Select Fancy Smoked Oysters","2.49","0.0","","3.75 oz","3.75 oz","5189.jpg",,"2"
"7825","Cooking Needs","Canned Food","Canned Meat & Seafood","Bumble Bee","Bumble Bee Sardines in Mustard","Bumble Bee Sardines in Mustard","1.29","0.0","","3.75 oz","3.75 oz","5198.jpg",,"2"
"7826","Cooking Needs","Canned Food","Canned Meat & Seafood","Bumble Bee","Bumble Bee Seasoned Sundried Tomato & Basil Sensations Tuna Medley","Bumble Bee Seasoned Sundried Tomato & Basil Sensations Tuna Medley","2.19","0.0","","4 oz","4 oz","5199.jpg",,"2"
"7827","Cooking Needs","Canned Food","Canned Meat & Seafood","Bumble Bee","Bumble Bee Snack On The Run! with Crackers Tuna Salad","Bumble Bee Snack On The Run! with Crackers Tuna Salad","1.59","0.0","","3.5 oz","3.5 oz","5196.jpg",,"2"
"7828","Cooking Needs","Canned Food","Canned Meat & Seafood","Bumble Bee","Bumble Bee Solid White Albacore Tuna in Water","Bumble Bee Solid White Albacore Tuna in Water","2.19","0.0","","5 oz","5 oz","5186.jpg",,"2"
"7829","Cooking Needs","Canned Food","Canned Meat & Seafood","Bumble Bee","Bumble Bee Solid White Albacore Tuna in Water","Bumble Bee Solid White Albacore Tuna in Water","4.59","0.0","","3 oz","3 oz","5188.jpg",,"2"
"7830","Cooking Needs","Canned Food","Canned Meat & Seafood","Cento","Cento Flat Fillet Anchovies in Olive Oil","Cento Flat Fillet Anchovies in Olive Oil","1.59","0.0","","2 oz","2 oz","17155.jpg",,"2"
"7831","Cooking Needs","Canned Food","Canned Meat & Seafood","Cento","Cento Rolled Fillets Anchovies with Capers in Olive Oil, Salt Added","Cento Rolled Fillets Anchovies with Capers in Olive Oil, Salt Added","1.69","0.0","","2 oz","2 oz","17168.jpg",,"2"
"7832","Cooking Needs","Canned Food","Canned Meat & Seafood","Chicken of the Sea","Chicken of the Sea Chunk Light Tuna in Water","Chicken of the Sea Chunk Light Tuna in Water","1.29","0.0","","5 oz","5 oz","17154.jpg",,"2"
"7833","Cooking Needs","Canned Food","Canned Meat & Seafood","Chicken of the Sea","Chicken of the Sea Chunk Light Tuna in Water To Go Cups","Chicken of the Sea Chunk Light Tuna in Water To Go Cups","2.49","0.0","","2 x 2.8 oz","2 x 2.8 oz","5218.jpg",,"2"
"7834","Cooking Needs","Canned Food","Canned Meat & Seafood","Chicken of the Sea","Chicken of the Sea Chunk White in Water To Go Tuna Cups","Chicken of the Sea Chunk White in Water To Go Tuna Cups","3.69","0.0","","2 x 2.8 oz","2 x 2.8 oz","5214.jpg",,"2"
"7835","Cooking Needs","Canned Food","Canned Meat & Seafood","Chicken of the Sea","Chicken of the Sea Lump Crabmeat","Chicken of the Sea Lump Crabmeat","4.89","0.0","","6 oz","6 oz","17156.jpg",,"2"
"7836","Cooking Needs","Canned Food","Canned Meat & Seafood","Chicken of the Sea","Chicken of the Sea Pink Salmon Skinless & Boneless","Chicken of the Sea Pink Salmon Skinless & Boneless","2.49","0.0","","5 oz","5 oz","5215.jpg",,"2"
"7837","Cooking Needs","Canned Food","Canned Meat & Seafood","Chicken of the Sea","Chicken of the Sea Premium Crab Meat Claw","Chicken of the Sea Premium Crab Meat Claw","10.99","0.0","","16 oz","16 oz","5213.jpg",,"2"
"7838","Cooking Needs","Canned Food","Canned Meat & Seafood","Chicken of the Sea","Chicken of the Sea Premium Crab Meat Special","Chicken of the Sea Premium Crab Meat Special","17.09","0.0","","16 oz","16 oz","5216.jpg",,"2"
"7839","Cooking Needs","Canned Food","Canned Meat & Seafood","Chicken of the Sea","Chicken of the Sea Whole Baby Clams","Chicken of the Sea Whole Baby Clams","2.19","0.0","","10 oz","10 oz","5219.jpg",,"2"
"7840","Cooking Needs","Canned Food","Canned Meat & Seafood","Chicken of the Sea","Chicken of the Sea Whole Oysters","Chicken of the Sea Whole Oysters","3.09","0.0","","8 oz","8 oz","5217.jpg",,"2"
"7841","Cooking Needs","Canned Food","Canned Meat & Seafood","Genova","Genova Albacore in Olive Oil No Salt Added Tuna","Genova Albacore in Olive Oil No Salt Added Tuna","2.49","0.0","","5 oz","5 oz","5241.jpg",,"2"
"7842","Cooking Needs","Canned Food","Canned Meat & Seafood","Genova","Genova Tonno Solid Light Tuna in Olive Oil","Genova Tonno Solid Light Tuna in Olive Oil","2.49","0.0","","5 oz","5 oz","5242.jpg",,"2"
"7843","Cooking Needs","Canned Food","Canned Meat & Seafood","Genova","Genova Tonno Solid White Tuna in Olive Oil","Genova Tonno Solid White Tuna in Olive Oil","2.49","0.0","","5 oz","5 oz","5243.jpg",,"2"
"7844","Cooking Needs","Canned Food","Canned Meat & Seafood","Genova","Genova Yellowfin Tuna in Extra Virgin Olive Oil with Sea Salt","Genova Yellowfin Tuna in Extra Virgin Olive Oil with Sea Salt","2.49","0.0","","5 oz","5 oz","5240.jpg",,"2"
"7845","Cooking Needs","Canned Food","Canned Meat & Seafood","Gordon's","Gordon's Chesapeake Clam Broth Juice","Gordon's Chesapeake Clam Broth Juice","2.49","0.0","","14 oz","14 oz","No Image.jpg",,"2"
"7846","Cooking Needs","Canned Food","Canned Meat & Seafood","Goya","Goya Chicken Vienna Sausages In Chicken Broth","Goya Chicken Vienna Sausages In Chicken Broth","1.09","0.0","","4.6 oz","4.6 oz","5222.jpg",,"2"
"7847","Cooking Needs","Canned Food","Canned Meat & Seafood","Goya","Goya Mussels, in Pickled Sauce","Goya Mussels, in Pickled Sauce","3.89","0.0","","4 oz","4 oz","5226.jpg",,"2"
"7848","Cooking Needs","Canned Food","Canned Meat & Seafood","Goya","Goya Premium Sardinas In Olive Oil","Goya Premium Sardinas In Olive Oil","3.09","0.0","","120 g","120 g","5229.jpg",,"2"
"7849","Cooking Needs","Canned Food","Canned Meat & Seafood","Goya","Goya Sardines with Lemon in Oil","Goya Sardines with Lemon in Oil","2.49","0.0","","4.25 oz","4.25 oz","5228.jpg",,"2"
"7850","Cooking Needs","Canned Food","Canned Meat & Seafood","Goya","Goya Sausage Vienna","Goya Sausage Vienna","1.09","0.0","","4.6 oz","4.6 oz","5227.jpg",,"2"
"7851","Cooking Needs","Canned Food","Canned Meat & Seafood","Goya","Goya Squid Pieces in their Own Ink","Goya Squid Pieces in their Own Ink","2.19","0.0","","4 oz","4 oz","18090.jpg",,"2"
"7852","Cooking Needs","Canned Food","Canned Meat & Seafood","Goya","Goya Squid Pieces, Premium, Jumbo, in Olive Oil","Goya Squid Pieces, Premium, Jumbo, in Olive Oil","3.09","0.0","","4 oz","4 oz","5224.jpg",,"2"
"7853","Cooking Needs","Canned Food","Canned Meat & Seafood","Goya","Goya Squid, Pieces, in their Own Ink, Hot Sauce","Goya Squid, Pieces, in their Own Ink, Hot Sauce","2.19","0.0","","4 oz","4 oz","5225.jpg",,"2"
"7854","Cooking Needs","Canned Food","Canned Meat & Seafood","Hormel","Hormel Ground, Formed & Sliced Dried Beef","Hormel Ground, Formed & Sliced Dried Beef","4.59","0.0","","5 oz","5 oz","5236.jpg",,"2"
"7855","Cooking Needs","Canned Food","Canned Meat & Seafood","Hormel","Hormel Premium Chicken Breast in Water","Hormel Premium Chicken Breast in Water","3.09","0.0","","10 oz","10 oz","5239.jpg",,"2"
"7856","Cooking Needs","Canned Food","Canned Meat & Seafood","Hormel","Hormel Smoked Ham","Hormel Smoked Ham","1.59","0.0","","5 oz","5 oz","5237.jpg",,"2"
"7857","Cooking Needs","Canned Food","Canned Meat & Seafood","Hormel","Hormel White & Dark Turkey in Water","Hormel White & Dark Turkey in Water","1.59","0.0","","5 oz","5 oz","5238.jpg",,"2"
"7858","Cooking Needs","Canned Food","Canned Meat & Seafood","King Oscar","King Oscar Anchovies, Flat Fillets in Olive Oil","King Oscar Anchovies, Flat Fillets in Olive Oil","2.19","0.0","","2 oz","2 oz","5231.jpg",,"2"
"7859","Cooking Needs","Canned Food","Canned Meat & Seafood","King Oscar","King Oscar Sardines In Extra Virgin Olive Oil","King Oscar Sardines In Extra Virgin Olive Oil","3.69","0.0","","3.75 oz","3.75 oz","5232.jpg",,"2"
"7860","Cooking Needs","Canned Food","Canned Meat & Seafood","King Oscar","King Oscar Sardines Olive Oil Skinless & Boneless","King Oscar Sardines Olive Oil Skinless & Boneless","2.69","0.0","","4.38 oz","4.38 oz","5230.jpg",,"2"
"7861","Cooking Needs","Canned Food","Canned Meat & Seafood","King Oscar","King Oscar Wild Caught Sardines","King Oscar Wild Caught Sardines","3.09","0.0","","3.75 oz","3.75 oz","5233.jpg",,"2"
"7862","Cooking Needs","Canned Food","Canned Meat & Seafood","King Oscar","King Oscar Wild Caught Sardines In Pure Spring Water","King Oscar Wild Caught Sardines In Pure Spring Water","2.69","0.0","","3.75 oz","3.75 oz","5235.jpg",,"2"
"7863","Cooking Needs","Canned Food","Canned Meat & Seafood","King Oscar","King Oscar Wild Caught with Hot Jalapeno Peppers in Extra Virgin Olive Oil Sardines","King Oscar Wild Caught with Hot Jalapeno Peppers in Extra Virgin Olive Oil Sardines","3.09","0.0","","3.75 oz","3.75 oz","5234.jpg",,"2"
"7864","Cooking Needs","Canned Food","Canned Meat & Seafood","Libby's","Libby's Chicken Vienna Sausage","Libby's Chicken Vienna Sausage","0.69","0.0","","4.6 oz","4.6 oz","17157.jpg",,"2"
"7865","Cooking Needs","Canned Food","Canned Meat & Seafood","Libby's","Libby's Vienna Sausage","Libby's Vienna Sausage","0.69","0.0","","4.6 oz","4.6 oz","17152.jpg",,"2"
"7866","Cooking Needs","Canned Food","Canned Meat & Seafood","Market Basket","Market Basket Chicken Cooking Stock No Msg Fat Free","Market Basket Chicken Cooking Stock No Msg Fat Free","2.49","0.0","","32 oz","32 oz","Market Basket.jpg",,"2"
"7867","Cooking Needs","Canned Food","Canned Meat & Seafood","Market Basket","Market Basket Chunk White Chicken In Water","Market Basket Chunk White Chicken In Water","2.49","0.0","","12.5 oz","12.5 oz","Market Basket.jpg",,"2"
"7868","Cooking Needs","Canned Food","Canned Meat & Seafood","Market Basket","Market Basket Hot Dog Buns","Market Basket Hot Dog Buns","1.29","0.0","","11.5 oz","11.5 oz","Market Basket.jpg",,"18"
"7869","Cooking Needs","Canned Food","Canned Meat & Seafood","Market Basket","Market Basket Solid White Albacore in Water Tuna","Market Basket Solid White Albacore in Water Tuna","1.59","0.0","","5 oz","5 oz","5185.jpg",,"2"
"7870","Cooking Needs","Canned Food","Canned Meat & Seafood","Market Basket","Salmon Sashimi","Salmon Sashimi","18.29","0.0","","1 ct","1 ct","Market Basket.jpg",,"2"
"7871","Cooking Needs","Canned Food","Canned Meat & Seafood","Pastene","Pastene Fancy Solid Light Tuna","Pastene Fancy Solid Light Tuna","1.89","0.0","","5 oz","5 oz","17163.jpg",,"2"
"7872","Cooking Needs","Canned Food","Canned Meat & Seafood","Pastene","Pastene Fancy Solid Light Tuna in Olive Oil","Pastene Fancy Solid Light Tuna in Olive Oil","1.89","0.0","","3 oz","3 oz","17160.jpg",,"2"
"7873","Cooking Needs","Canned Food","Canned Meat & Seafood","Pastene","Pastene Sardines Boneless, Skinless In Olive Oil","Pastene Sardines Boneless, Skinless In Olive Oil","3.09","0.0","","4.38 oz","4.38 oz","17166.jpg",,"2"
"7874","Cooking Needs","Canned Food","Canned Meat & Seafood","Portofino","Portofino Yellowfin Tuna In Extra Virgin Olive Oil","Portofino Yellowfin Tuna In Extra Virgin Olive Oil","1.29","0.0","","4.5 oz","4.5 oz","17165.jpg",,"2"
"7875","Cooking Needs","Canned Food","Canned Meat & Seafood","Reese","Reese Smoked Oysters, Medium","Reese Smoked Oysters, Medium","3.09","0.0","","3.7 oz","3.7 oz","17170.jpg",,"2"
"7876","Cooking Needs","Canned Food","Canned Meat & Seafood","Roland","Roland Escargots Very Large Snails","Roland Escargots Very Large Snails","4.89","0.0","","7.75 oz","7.75 oz","5245.jpg",,"2"
"7877","Cooking Needs","Canned Food","Canned Meat & Seafood","Roland","Roland Flat Fillets of Anchovies","Roland Flat Fillets of Anchovies","2.49","0.0","","2 oz","2 oz","5247.jpg",,"2"
"7878","Cooking Needs","Canned Food","Canned Meat & Seafood","Roland","Roland White Crab Meat","Roland White Crab Meat","4.89","0.0","","6 oz","6 oz","5246.jpg",,"2"
"7879","Cooking Needs","Canned Food","Canned Meat & Seafood","Rubinstein's","Rubinstein's Pink Salmon","Rubinstein's Pink Salmon","3.69","0.0","","14.75 oz","14.75 oz","17162.jpg",,"2"
"7880","Cooking Needs","Canned Food","Canned Meat & Seafood","Snow's","Snow's All Natural Clam Juice","Snow's All Natural Clam Juice","2.99","0.0","","8 fl oz","8 fl oz","17167.jpg",,"2"
"7881","Cooking Needs","Canned Food","Canned Meat & Seafood","Snow's","Snow's Chopped Clams in Clam Juice","Snow's Chopped Clams in Clam Juice","1.49","0.0","","6.5 oz","6.5 oz","17169.jpg",,"2"
"7882","Cooking Needs","Canned Food","Canned Meat & Seafood","Snow's","Snow's Premium Chunk in Water White Chicken","Snow's Premium Chunk in Water White Chicken","3.09","0.0","","10 oz","10 oz","17161.jpg",,"2"
"7883","Cooking Needs","Canned Food","Canned Meat & Seafood","Spam","Spam 25% Less Sodium Canned Meat","Spam 25% Less Sodium Canned Meat","3.09","0.0","","12 oz","12 oz","17148.jpg",,"2"
"7884","Cooking Needs","Canned Food","Canned Meat & Seafood","Spam","Spam Classic Canned Meat","Spam Classic Canned Meat","3.19","0.0","","340 g","340 g","17147.jpg",,"2"
"7885","Cooking Needs","Canned Food","Canned Meat & Seafood","Spam","Spam Lite Canned Meat","Spam Lite Canned Meat","3.09","0.0","","12 oz","12 oz","17149.jpg",,"2"
"7886","Cooking Needs","Canned Food","Canned Meat & Seafood","StarKist","Albacore Tuna In Water","Albacore Tuna In Water","3.69","0.0","","6.4 oz","6.4 oz","5205.jpg",,"2"
"7887","Cooking Needs","Canned Food","Canned Meat & Seafood","StarKist","Chunk light tuna","Chunk light tuna","1.59","0.0","","5 oz","5 oz","No Image.jpg",,"2"
"7888","Cooking Needs","Canned Food","Canned Meat & Seafood","StarKist","Chunk Light Tuna In Sunflower Oil","Chunk Light Tuna In Sunflower Oil","3.09","0.0","","6.4 oz","6.4 oz","5210.jpg",,"2"
"7889","Cooking Needs","Canned Food","Canned Meat & Seafood","StarKist","Chunk Light Tuna In Water","Chunk Light Tuna In Water","3.09","0.0","","6.4 oz","6.4 oz","5206.jpg",,"2"
"7890","Cooking Needs","Canned Food","Canned Meat & Seafood","StarKist","Chunk Light Tuna In Water","Chunk Light Tuna In Water","4.29","0.0","","3 oz","3 oz","5209.jpg",,"2"
"7891","Cooking Needs","Canned Food","Canned Meat & Seafood","StarKist","Chunk White Albacore Tuna In Water","Chunk White Albacore Tuna In Water","1.29","0.0","","5 oz","5 oz","5201.jpg",,"2"
"7892","Cooking Needs","Canned Food","Canned Meat & Seafood","StarKist","Low Sodium Albacore Tuna In Water","Low Sodium Albacore Tuna In Water","2.49","0.0","","2.6 oz","2.6 oz","5203.jpg",,"2"
"7893","Cooking Needs","Canned Food","Canned Meat & Seafood","StarKist","Solid White Albacore Tuna In Water","Solid White Albacore Tuna In Water","1.59","0.0","","5 oz","5 oz","5200.jpg",,"2"
"7894","Cooking Needs","Canned Food","Canned Meat & Seafood","StarKist","Solid White Albacore Tuna In Water","Solid White Albacore Tuna In Water","4.89","0.0","","12 oz","12 oz","5202.jpg",,"2"
"7895","Cooking Needs","Canned Food","Canned Meat & Seafood","StarKist","Solid White Albacore Tuna In Water","Solid White Albacore Tuna In Water","4.69","0.0","","3 oz","3 oz","5212.jpg",,"2"
"7896","Cooking Needs","Canned Food","Canned Meat & Seafood","StarKist","Tuna Creations Lemon Pepper","Tuna Creations Lemon Pepper","1.69","0.0","","2.6 oz","2.6 oz","5204.jpg",,"2"
"7897","Cooking Needs","Canned Food","Canned Meat & Seafood","StarKist","Tuna Creations Ranch","Tuna Creations Ranch","1.69","0.0","","2.6 oz","2.6 oz","5208.jpg",,"2"
"7898","Cooking Needs","Canned Food","Canned Meat & Seafood","StarKist","Tuna Creations Sweet & Spicy","Tuna Creations Sweet & Spicy","1.69","0.0","","2.6 oz","2.6 oz","5211.jpg",,"2"
"7899","Cooking Needs","Canned Food","Canned Meat & Seafood","Store Brand","Tilapia Loins","Tilapia Loins","6.09","0.0","","12 oz","12 oz","Market Basket.jpg",,"2"
"7900","Cooking Needs","Canned Food","Canned Meat & Seafood","Swanson","Swanson Premium White Chunk Chicken Breast","Swanson Premium White Chunk Chicken Breast","2.09","0.0","","4.5 oz","4.5 oz","17151.jpg",,"2"
"7901","Cooking Needs","Canned Food","Canned Meat & Seafood","Swanson","Swanson Premium White Chunk Chicken Breast","Swanson Premium White Chunk Chicken Breast","2.09","0.0","","4.5 oz","4.5 oz","17151.jpg",,"2"
"7902","Cooking Needs","Canned Food","Canned Meat & Seafood","Willow Tree","Willow Tree Poultry Farm Chicken Salad Premium White Meat Classic","Willow Tree Poultry Farm Chicken Salad Premium White Meat Classic","6.09","0.0","","15 oz","15 oz","17153.jpg",,"22"
"7903","Cooking Needs","Canned Food","Soup, Broth & Bouillon","Alessi","Alessi Tuscan White Bean Soup Zuppa Toscana","Alessi Tuscan White Bean Soup Zuppa Toscana","3.09","0.0","","6 oz","6 oz","17236.jpg",,"9"
"7904","Cooking Needs","Canned Food","Soup, Broth & Bouillon","Amy's","Amy's Organic Lentil Vegetable Soup","Amy's Organic Lentil Vegetable Soup","3.69","0.0","","14.5 oz","14.5 oz","17220.jpg",,"9"
"7905","Cooking Needs","Canned Food","Soup, Broth & Bouillon","Amy's","Amy's Organic Low Fat Soups Split Pea","Amy's Organic Low Fat Soups Split Pea","3.49","0.0","","14.1 oz","14.1 oz","17234.jpg",,"2"
"7906","Cooking Needs","Canned Food","Soup, Broth & Bouillon","Amy's","Amy's Organic Soups Lentil","Amy's Organic Soups Lentil","3.69","0.0","","14.5 oz","14.5 oz","17219.jpg",,"2"
"7907","Cooking Needs","Canned Food","Soup, Broth & Bouillon","Amy's","Amy's Organic Soups Vegetable Barley Low Fat","Amy's Organic Soups Vegetable Barley Low Fat","3.69","0.0","","14.1 oz","14.1 oz","17257.jpg",,"2"
"7908","Cooking Needs","Canned Food","Soup, Broth & Bouillon","Amy's","Amy's Soups Low Fat No Chicken Noodle","Amy's Soups Low Fat No Chicken Noodle","3.49","0.0","","14.1 oz","14.1 oz","17262.jpg",,"2"
"7909","Cooking Needs","Canned Food","Soup, Broth & Bouillon","Bar Harbor","Bar Harbor All Natural Harbor New England Style Lobster Bisque Soup","Bar Harbor All Natural Harbor New England Style Lobster Bisque Soup","3.09","0.0","","10.5 oz","10.5 oz","17259.jpg",,"9"
"7910","Cooking Needs","Canned Food","Soup, Broth & Bouillon","Bar Harbor","Bar Harbor Bar All Natural Harbor New England Style Lobster Bisque Soup","Bar Harbor Bar All Natural Harbor New England Style Lobster Bisque Soup","3.09","0.0","","10.5 oz","10.5 oz","17259.jpg",,"2"
"7911","Cooking Needs","Canned Food","Soup, Broth & Bouillon","Bar Harbor","Bar Harbor Chowder, Condensed, Fish, New England Style","Bar Harbor Chowder, Condensed, Fish, New England Style","3.09","0.0","","15 oz","15 oz","17270.jpg",,"2"
"7912","Cooking Needs","Canned Food","Soup, Broth & Bouillon","Bar Harbor","Bar Harbor Clam Corn Chowder New England Style","Bar Harbor Clam Corn Chowder New England Style","3.09","0.0","","15 oz","15 oz","17198.jpg",,"2"
"7913","Cooking Needs","Canned Food","Soup, Broth & Bouillon","Bar Harbor","Bar Harbor Fish Stock","Bar Harbor Fish Stock","4.29","0.0","","15 oz","15 oz","17248.jpg",,"2"
"7914","Cooking Needs","Canned Food","Soup, Broth & Bouillon","Better Than Bouillon","Premium Roasted Chicken Base","Premium Roasted Chicken Base","4.89","0.0","","8 oz","8 oz","17192.jpg",,"2"
"7915","Cooking Needs","Canned Food","Soup, Broth & Bouillon","Better Than Bouillon","Reduced Sodium Beef Base","Reduced Sodium Beef Base","4.89","0.0","","8 oz","8 oz","17193.jpg",,"2"
"7916","Cooking Needs","Canned Food","Soup, Broth & Bouillon","Better Than Bouillon","Reduced Sodium Roasted Chicken Base","Reduced Sodium Roasted Chicken Base","4.89","0.0","","8 oz","8 oz","17204.jpg",,"9"
"7917","Cooking Needs","Canned Food","Soup, Broth & Bouillon","Better Than Bouillon","Seasoned Vegetable Base, Premium, Jar","Seasoned Vegetable Base, Premium, Jar","4.89","0.0","","8 oz","8 oz","17245.jpg",,"2"
"7918","Cooking Needs","Canned Food","Soup, Broth & Bouillon","Better Than Bouillon","Superior Touch Beef Base","Superior Touch Beef Base","4.89","0.0","","8 oz","8 oz","17213.jpg",,"2"
"7919","Cooking Needs","Canned Food","Soup, Broth & Bouillon","Better Than Bouillon","Superior Touch Lobster Base","Superior Touch Lobster Base","4.89","0.0","","8 oz","8 oz","17176.jpg",,"2"
"7920","Cooking Needs","Canned Food","Soup, Broth & Bouillon","Bumble Bee","Bumble Bee Snow's New England Corn Chowder Condensed Soup","Bumble Bee Snow's New England Corn Chowder Condensed Soup","1.69","0.0","","15 oz","15 oz","17242.jpg",,"2"
"7921","Cooking Needs","Canned Food","Soup, Broth & Bouillon","Campbell's","Campbell's Chicken & Stars Soup","Campbell's Chicken & Stars Soup","2.09","0.0","","10.5 oz","10.5 oz","17211.jpg",,"9"
"7922","Cooking Needs","Canned Food","Soup, Broth & Bouillon","Campbell's","Campbell's Chicken Gravy","Campbell's Chicken Gravy","1.89","0.0","","10.5 oz","10.5 oz","5376.jpg",,"2"
"7923","Cooking Needs","Canned Food","Soup, Broth & Bouillon","Campbell's","Campbell's Chicken Noodle Soup Microwavable Bowl","Campbell's Chicken Noodle Soup Microwavable Bowl","3.09","0.0","","15.4 oz","15.4 oz","5380.jpg",,"9"
"7924","Cooking Needs","Canned Food","Soup, Broth & Bouillon","Campbell's","Campbell's Chunky Creamy Chicken & Dumplings Soup Microwavable Bowl","Campbell's Chunky Creamy Chicken & Dumplings Soup Microwavable Bowl","3.09","0.0","","15.25 oz","15.25 oz","5347.jpg",,"9"
"7925","Cooking Needs","Canned Food","Soup, Broth & Bouillon","Campbell's","Campbell's Chunky Creamy Chicken & Dumplings Soup Microwavable Bowl","Campbell's Chunky Creamy Chicken & Dumplings Soup Microwavable Bowl","3.09","0.0","","15.25 oz","15.25 oz","5347.jpg",,"9"
"7926","Cooking Needs","Canned Food","Soup, Broth & Bouillon","Campbell's","Campbell's Chunky Healthy Request Campbell's Chunky Soup, Healthy Request Chicken Noodle Soup","Campbell's Chunky Healthy Request Campbell's Chunky Soup, Healthy Request Chicken Noodle Soup","3.09","0.0","","18.6 oz","18.6 oz","17200.jpg",,"9"
"7927","Cooking Needs","Canned Food","Soup, Broth & Bouillon","Campbell's","Campbell's Chunky Healthy Request Campbell's Chunky Soup, Healthy Request Sirloin Burger with Country Vegetables Soup","Campbell's Chunky Healthy Request Campbell's Chunky Soup, Healthy Request Sirloin Burger with Country Vegetables Soup","3.09","0.0","","18.8 oz","18.8 oz","17210.jpg",,"2"
"7928","Cooking Needs","Canned Food","Soup, Broth & Bouillon","Campbell's","Campbell's Chunky Microwavable Soup, Beef with Country Vegetables Soup","Campbell's Chunky Microwavable Soup, Beef with Country Vegetables Soup","3.09","0.0","","15.25 oz","15.25 oz","5346.jpg",,"2"
"7929","Cooking Needs","Canned Food","Soup, Broth & Bouillon","Campbell's","Campbell's Chunky Microwavable Soup, Classic Chicken Noodle Soup","Campbell's Chunky Microwavable Soup, Classic Chicken Noodle Soup","3.09","0.0","","15.25 oz","15.25 oz","5348.jpg",,"9"
"7930","Cooking Needs","Canned Food","Soup, Broth & Bouillon","Campbell's","Campbell's Chunky Microwavable Soup, New England Clam Chowder Soup","Campbell's Chunky Microwavable Soup, New England Clam Chowder Soup","3.09","0.0","","15.25 oz","15.25 oz","5349.jpg",,"2"
"7931","Cooking Needs","Canned Food","Soup, Broth & Bouillon","Campbell's","Campbell's Chunky New England Clam Chowder","Campbell's Chunky New England Clam Chowder","3.09","0.0","","18.8 oz","18.8 oz","5350.jpg",,"9"
"7932","Cooking Needs","Canned Food","Soup, Broth & Bouillon","Campbell's","Campbell's Chunky Sirloin Burger with Country Vegetables Soup Microwavable Bowl","Campbell's Chunky Sirloin Burger with Country Vegetables Soup Microwavable Bowl","3.09","0.0","","15.25 oz","15.25 oz","5351.jpg",,"2"
"7933","Cooking Needs","Canned Food","Soup, Broth & Bouillon","Campbell's","Campbell's Chunky Soup, Beef with Country Vegetables Soup","Campbell's Chunky Soup, Beef with Country Vegetables Soup","3.09","0.0","","18.8 oz","18.8 oz","5345.jpg",,"9"
"7934","Cooking Needs","Canned Food","Soup, Broth & Bouillon","Campbell's","Campbell's Chunky Soup, Chicken Corn Chowder Soup","Campbell's Chunky Soup, Chicken Corn Chowder Soup","3.09","0.0","","18.8 oz","18.8 oz","5342.jpg",,"2"
"7935","Cooking Needs","Canned Food","Soup, Broth & Bouillon","Campbell's","Campbell's Chunky Soup, Classic Chicken Noodle Soup","Campbell's Chunky Soup, Classic Chicken Noodle Soup","2.49","0.0","","18.6 oz","18.6 oz","5343.jpg",,"2"
"7936","Cooking Needs","Canned Food","Soup, Broth & Bouillon","Campbell's","Campbell's Chunky Soup, Creamy Chicken & Dumplings Soup","Campbell's Chunky Soup, Creamy Chicken & Dumplings Soup","3.09","0.0","","18.8 oz","18.8 oz","5341.jpg",,"9"
"7937","Cooking Needs","Canned Food","Soup, Broth & Bouillon","Campbell's","Campbell's Chunky Soup, Grilled Chicken & Sausage Gumbo","Campbell's Chunky Soup, Grilled Chicken & Sausage Gumbo","3.09","0.0","","18.8 oz","18.8 oz","18092.jpg",,"2"
"7938","Cooking Needs","Canned Food","Soup, Broth & Bouillon","Campbell's","Campbell's Chunky Soup, Steak & Potato Soup","Campbell's Chunky Soup, Steak & Potato Soup","3.09","0.0","","18.8 oz","18.8 oz","5344.jpg",,"9"
"7939","Cooking Needs","Canned Food","Soup, Broth & Bouillon","Campbell's","Campbell's Classic Tomato Sipping Soup","Campbell's Classic Tomato Sipping Soup","2.09","0.0","","10.75 oz","10.75 oz","5375.jpg",,"9"
"7940","Cooking Needs","Canned Food","Soup, Broth & Bouillon","Campbell's","Campbell's Condensed 25% Less Sodium Chicken Noodle Soup","Campbell's Condensed 25% Less Sodium Chicken Noodle Soup","2.09","0.0","","10.75 oz","10.75 oz","5300.jpg",,"2"
"7941","Cooking Needs","Canned Food","Soup, Broth & Bouillon","Campbell's","Campbell's Condensed Campbell's Condensed 98% Fat Free Cream of Chicken Soup","Campbell's Condensed Campbell's Condensed 98% Fat Free Cream of Chicken Soup","2.09","0.0","","10.5 oz","10.5 oz","5306.jpg",,"2"
"7942","Cooking Needs","Canned Food","Soup, Broth & Bouillon","Campbell's","Campbell's Condensed Campbell's Condensed 98% Fat Free Cream of Chicken Soup","Campbell's Condensed Campbell's Condensed 98% Fat Free Cream of Chicken Soup","2.09","0.0","","10.5 oz","10.5 oz","5306.jpg",,"2"
"7943","Cooking Needs","Canned Food","Soup, Broth & Bouillon","Campbell's","Campbell's Condensed Campbell's Condensed 98% Fat Free Cream of Mushroom Soup","Campbell's Condensed Campbell's Condensed 98% Fat Free Cream of Mushroom Soup","2.09","0.0","","10.5 oz","10.5 oz","5309.jpg",,"9"
"7944","Cooking Needs","Canned Food","Soup, Broth & Bouillon","Campbell's","Campbell's Condensed Campbell's Condensed 98% Fat Free Cream of Mushroom Soup","Campbell's Condensed Campbell's Condensed 98% Fat Free Cream of Mushroom Soup","2.09","0.0","","10.5 oz","10.5 oz","5309.jpg",,"2"
"7945","Cooking Needs","Canned Food","Soup, Broth & Bouillon","Campbell's","Campbell's Condensed Campbell's Condensed Cheddar Cheese Soup","Campbell's Condensed Campbell's Condensed Cheddar Cheese Soup","2.19","0.0","","10.5 oz","10.5 oz","5318.jpg",,"2"
"7946","Cooking Needs","Canned Food","Soup, Broth & Bouillon","Campbell's","Campbell's Condensed Campbell's Condensed Cheddar Cheese Soup","Campbell's Condensed Campbell's Condensed Cheddar Cheese Soup","2.19","0.0","","10.5 oz","10.5 oz","5318.jpg",,"2"
"7947","Cooking Needs","Canned Food","Soup, Broth & Bouillon","Campbell's","Campbell's Condensed Campbell's Condensed Chicken with Rice Soup","Campbell's Condensed Campbell's Condensed Chicken with Rice Soup","2.09","0.0","","10.5 oz","10.5 oz","5303.jpg",,"9"
"7948","Cooking Needs","Canned Food","Soup, Broth & Bouillon","Campbell's","Campbell's Condensed Campbell's Condensed Chicken with Rice Soup","Campbell's Condensed Campbell's Condensed Chicken with Rice Soup","2.09","0.0","","10.5 oz","10.5 oz","5303.jpg",,"2"
"7949","Cooking Needs","Canned Food","Soup, Broth & Bouillon","Campbell's","Campbell's Condensed Campbell's Condensed Cream of Onion Soup","Campbell's Condensed Campbell's Condensed Cream of Onion Soup","2.09","0.0","","10.5 oz","10.5 oz","5319.jpg",,"2"
"7950","Cooking Needs","Canned Food","Soup, Broth & Bouillon","Campbell's","Campbell's Condensed Campbell's Condensed Cream of Onion Soup","Campbell's Condensed Campbell's Condensed Cream of Onion Soup","2.09","0.0","","10.5 oz","10.5 oz","5319.jpg",,"2"
"7951","Cooking Needs","Canned Food","Soup, Broth & Bouillon","Campbell's","Campbell's Condensed Campbell's Condensed Disney Princess Soup","Campbell's Condensed Campbell's Condensed Disney Princess Soup","2.09","0.0","","10.5 oz","10.5 oz","5302.jpg",,"2"
"7952","Cooking Needs","Canned Food","Soup, Broth & Bouillon","Campbell's","Campbell's Condensed Campbell's Condensed Disney Princess Soup","Campbell's Condensed Campbell's Condensed Disney Princess Soup","2.09","0.0","","10.5 oz","10.5 oz","5302.jpg",,"2"
"7953","Cooking Needs","Canned Food","Soup, Broth & Bouillon","Campbell's","Campbell's Condensed Campbell's Condensed Double Noodle Soup","Campbell's Condensed Campbell's Condensed Double Noodle Soup","2.09","0.0","","10.5 oz","10.5 oz","5308.jpg",,"9"
"7954","Cooking Needs","Canned Food","Soup, Broth & Bouillon","Campbell's","Campbell's Condensed Campbell's Condensed Double Noodle Soup","Campbell's Condensed Campbell's Condensed Double Noodle Soup","2.09","0.0","","10.5 oz","10.5 oz","5308.jpg",,"2"
"7955","Cooking Needs","Canned Food","Soup, Broth & Bouillon","Campbell's","Campbell's Condensed Campbell's Condensed Healthy Request Cheddar Cheese Soup","Campbell's Condensed Campbell's Condensed Healthy Request Cheddar Cheese Soup","2.09","0.0","","10.75 oz","10.75 oz","5316.jpg",,"2"
"7956","Cooking Needs","Canned Food","Soup, Broth & Bouillon","Campbell's","Campbell's Condensed Campbell's Condensed Healthy Request Cheddar Cheese Soup","Campbell's Condensed Campbell's Condensed Healthy Request Cheddar Cheese Soup","2.09","0.0","","10.75 oz","10.75 oz","5316.jpg",,"2"
"7957","Cooking Needs","Canned Food","Soup, Broth & Bouillon","Campbell's","Campbell's Condensed Campbell's Condensed Healthy Request Chicken Noodle Soup","Campbell's Condensed Campbell's Condensed Healthy Request Chicken Noodle Soup","2.09","0.0","","10.75 oz","10.75 oz","5305.jpg",,"9"
"7958","Cooking Needs","Canned Food","Soup, Broth & Bouillon","Campbell's","Campbell's Condensed Campbell's Condensed Healthy Request Chicken Noodle Soup","Campbell's Condensed Campbell's Condensed Healthy Request Chicken Noodle Soup","2.09","0.0","","10.75 oz","10.75 oz","5305.jpg",,"9"
"7959","Cooking Needs","Canned Food","Soup, Broth & Bouillon","Campbell's","Campbell's Condensed Campbell's Condensed Healthy Request Chicken with Rice Soup","Campbell's Condensed Campbell's Condensed Healthy Request Chicken with Rice Soup","2.09","0.0","","10.5 oz","10.5 oz","5307.jpg",,"9"
"7960","Cooking Needs","Canned Food","Soup, Broth & Bouillon","Campbell's","Campbell's Condensed Campbell's Condensed Healthy Request Chicken with Rice Soup","Campbell's Condensed Campbell's Condensed Healthy Request Chicken with Rice Soup","2.09","0.0","","10.5 oz","10.5 oz","5307.jpg",,"9"
"7961","Cooking Needs","Canned Food","Soup, Broth & Bouillon","Campbell's","Campbell's Condensed Campbell's Condensed Healthy Request Cream of Chicken Soup","Campbell's Condensed Campbell's Condensed Healthy Request Cream of Chicken Soup","2.09","0.0","","10.5 oz","10.5 oz","5312.jpg",,"2"
"7962","Cooking Needs","Canned Food","Soup, Broth & Bouillon","Campbell's","Campbell's Condensed Campbell's Condensed Healthy Request Cream of Chicken Soup","Campbell's Condensed Campbell's Condensed Healthy Request Cream of Chicken Soup","2.09","0.0","","10.5 oz","10.5 oz","5312.jpg",,"2"
"7963","Cooking Needs","Canned Food","Soup, Broth & Bouillon","Campbell's","Campbell's Condensed Campbell's Condensed Healthy Request Homestyle Chicken Noodle Soup","Campbell's Condensed Campbell's Condensed Healthy Request Homestyle Chicken Noodle Soup","2.09","0.0","","10.5 oz","10.5 oz","5320.jpg",,"9"
"7964","Cooking Needs","Canned Food","Soup, Broth & Bouillon","Campbell's","Campbell's Condensed Campbell's Condensed Healthy Request Homestyle Chicken Noodle Soup","Campbell's Condensed Campbell's Condensed Healthy Request Homestyle Chicken Noodle Soup","2.09","0.0","","10.5 oz","10.5 oz","5320.jpg",,"9"
"7965","Cooking Needs","Canned Food","Soup, Broth & Bouillon","Campbell's","Campbell's Condensed Campbell's Condensed Homestyle Chicken Noodle Soup","Campbell's Condensed Campbell's Condensed Homestyle Chicken Noodle Soup","1.89","0.0","","10.5 oz","10.5 oz","5299.jpg",,"9"
"7966","Cooking Needs","Canned Food","Soup, Broth & Bouillon","Campbell's","Campbell's Condensed Campbell's Condensed Homestyle Chicken Noodle Soup","Campbell's Condensed Campbell's Condensed Homestyle Chicken Noodle Soup","1.89","0.0","","10.5 oz","10.5 oz","5299.jpg",,"9"
"7967","Cooking Needs","Canned Food","Soup, Broth & Bouillon","Campbell's","Campbell's Condensed Cheddar Cheese Soup","Campbell's Condensed Cheddar Cheese Soup","2.09","0.0","","10.75 oz","10.75 oz","5313.jpg",,"2"
"7968","Cooking Needs","Canned Food","Soup, Broth & Bouillon","Campbell's","Campbell's Condensed Chicken NoodleO's Soup","Campbell's Condensed Chicken NoodleO's Soup","2.09","0.0","","10.5 oz","10.5 oz","5377.jpg",,"2"
"7969","Cooking Needs","Canned Food","Soup, Broth & Bouillon","Campbell's","Campbell's Condensed Chicken NoodleO's Soup","Campbell's Condensed Chicken NoodleO's Soup","2.09","0.0","","10.5 oz","10.5 oz","5377.jpg",,"2"
"7970","Cooking Needs","Canned Food","Soup, Broth & Bouillon","Campbell's","Campbell's Condensed Cream of Chicken Soup","Campbell's Condensed Cream of Chicken Soup","2.09","0.0","","10.75 oz","10.75 oz","5310.jpg",,"2"
"7971","Cooking Needs","Canned Food","Soup, Broth & Bouillon","Campbell's","Campbell's Condensed Family Size Cream of Mushroom Soup","Campbell's Condensed Family Size Cream of Mushroom Soup","2.79","0.0","","23 oz","23 oz","17212.jpg",,"2"
"7972","Cooking Needs","Canned Food","Soup, Broth & Bouillon","Campbell's","Campbell's Condensed French Onion Soup","Campbell's Condensed French Onion Soup","1.89","0.0","","10.5 oz","10.5 oz","5314.jpg",,"9"
"7973","Cooking Needs","Canned Food","Soup, Broth & Bouillon","Campbell's","Campbell's Condensed Healthy Request Tomato Soup","Campbell's Condensed Healthy Request Tomato Soup","2.09","0.0","","10.75 oz","10.75 oz","5298.jpg",,"2"
"7974","Cooking Needs","Canned Food","Soup, Broth & Bouillon","Campbell's","Campbell's Condensed Healthy Request Tomato Soup","Campbell's Condensed Healthy Request Tomato Soup","2.09","0.0","","10.75 oz","10.75 oz","5298.jpg",,"9"
"7975","Cooking Needs","Canned Food","Soup, Broth & Bouillon","Campbell's","Campbell's Creamy Tomato Soup Microwavable Bowl","Campbell's Creamy Tomato Soup Microwavable Bowl","3.09","0.0","","15.4 oz","15.4 oz","5372.jpg",,"9"
"7976","Cooking Needs","Canned Food","Soup, Broth & Bouillon","Campbell's","Campbell's Homestyle Chicken Noodle Soup","Campbell's Homestyle Chicken Noodle Soup","2.49","0.0","","18.6 oz","18.6 oz","17241.jpg",,"2"
"7977","Cooking Needs","Canned Food","Soup, Broth & Bouillon","Campbell's","Campbell's Homestyle Chicken Noodle Soup Microwavable Bowl","Campbell's Homestyle Chicken Noodle Soup Microwavable Bowl","3.09","0.0","","15.4 oz","15.4 oz","5374.jpg",,"9"
"7978","Cooking Needs","Canned Food","Soup, Broth & Bouillon","Campbell's","Campbell's Homestyle New England Clam Chowder","Campbell's Homestyle New England Clam Chowder","2.49","0.0","","18.8 oz","18.8 oz","17201.jpg",,"2"
"7979","Cooking Needs","Canned Food","Soup, Broth & Bouillon","Campbell's","Campbell's Ready to Serve Low Sodium Chicken with Noodles Soup","Campbell's Ready to Serve Low Sodium Chicken with Noodles Soup","2.09","0.0","","10.75 oz","10.75 oz","17207.jpg",,"2"
"7980","Cooking Needs","Canned Food","Soup, Broth & Bouillon","Campbell's","Campbell's Ready to Serve Low Sodium Cream of Mushroom Soup","Campbell's Ready to Serve Low Sodium Cream of Mushroom Soup","2.09","0.0","","10.5 oz","10.5 oz","5379.jpg",,"2"
"7981","Cooking Needs","Canned Food","Soup, Broth & Bouillon","Campbell's","Campbell's Ready to Serve Low Sodium Cream of Mushroom Soup","Campbell's Ready to Serve Low Sodium Cream of Mushroom Soup","2.09","0.0","","10.5 oz","10.5 oz","5379.jpg",,"2"
"7982","Cooking Needs","Canned Food","Soup, Broth & Bouillon","Campbell's","Campbell's Soup on the Go Campbell's Chicken & Mini Round Noodles Sipping Soup","Campbell's Soup on the Go Campbell's Chicken & Mini Round Noodles Sipping Soup","2.09","0.0","","10.75 oz","10.75 oz","17261.jpg",,"2"
"7983","Cooking Needs","Canned Food","Soup, Broth & Bouillon","Campbell's","Campbell's Soup on the Go Campbell's Chicken & Mini Round Noodles Sipping Soup","Campbell's Soup on the Go Campbell's Chicken & Mini Round Noodles Sipping Soup","2.09","0.0","","10.75 oz","10.75 oz","17261.jpg",,"2"
"7984","Cooking Needs","Canned Food","Soup, Broth & Bouillon","Campbell's","Campbell's Soup on the Go Creamy Tomato Soup","Campbell's Soup on the Go Creamy Tomato Soup","2.09","0.0","","11.1 oz","11.1 oz","5373.jpg",,"9"
"7985","Cooking Needs","Canned Food","Soup, Broth & Bouillon","Campbell's","Campbell's Tomato Family Size Condensed Soup","Campbell's Tomato Family Size Condensed Soup","2.79","0.0","","26 oz","26 oz","17191.jpg",,"2"
"7986","Cooking Needs","Canned Food","Soup, Broth & Bouillon","Campbell's","Campbell's Well Yes! Well Yes Butternut Squash Apple Bisque","Campbell's Well Yes! Well Yes Butternut Squash Apple Bisque","2.49","0.0","","16.2 oz","16.2 oz","17186.jpg",,"2"
"7987","Cooking Needs","Canned Food","Soup, Broth & Bouillon","College Inn","College Inn 100% Natural Garden Vegetable Broth","College Inn 100% Natural Garden Vegetable Broth","3.09","0.0","","32 oz","32 oz","5389.jpg",,"9"
"7988","Cooking Needs","Canned Food","Soup, Broth & Bouillon","College Inn","College Inn 99% Fat Free Beef Broth","College Inn 99% Fat Free Beef Broth","0.99","0.0","","14.5 oz","14.5 oz","5388.jpg",,"9"
"7989","Cooking Needs","Canned Food","Soup, Broth & Bouillon","College Inn","College Inn Broth Chicken","College Inn Broth Chicken","0.99","0.0","","14.5 oz","14.5 oz","5386.jpg",,"2"
"7990","Cooking Needs","Canned Food","Soup, Broth & Bouillon","College Inn","College Inn Broth, Fat Free & Lower Sodium, Beef","College Inn Broth, Fat Free & Lower Sodium, Beef","3.09","0.0","","32 oz","32 oz","5384.jpg",,"9"
"7991","Cooking Needs","Canned Food","Soup, Broth & Bouillon","College Inn","College Inn Fat Free & Lower Sodium Broth Chicken","College Inn Fat Free & Lower Sodium Broth Chicken","3.69","0.0","","48 oz","48 oz","5390.jpg",,"2"
"7992","Cooking Needs","Canned Food","Soup, Broth & Bouillon","College Inn","College Inn Less Sodium Chicken Broth","College Inn Less Sodium Chicken Broth","0.99","0.0","","14.5 oz","14.5 oz","5382.jpg",,"2"
"7993","Cooking Needs","Canned Food","Soup, Broth & Bouillon","College Inn","College Inn Lower Sodium Beef Broth","College Inn Lower Sodium Beef Broth","0.99","0.0","","14.5 oz","14.5 oz","5385.jpg",,"9"
"7994","Cooking Needs","Canned Food","Soup, Broth & Bouillon","College Inn","College Inn Natural Chicken Broth","College Inn Natural Chicken Broth","3.09","0.0","","32 oz","32 oz","5383.jpg",,"2"
"7995","Cooking Needs","Canned Food","Soup, Broth & Bouillon","College Inn","College Inn Natural Chicken Broth","College Inn Natural Chicken Broth","3.09","0.0","","32 oz","32 oz","5387.jpg",,"9"
"7996","Cooking Needs","Canned Food","Soup, Broth & Bouillon","College Inn","College Inn Natural Garden Vegetable Broth","College Inn Natural Garden Vegetable Broth","3.09","0.0","","32 oz","32 oz","5391.jpg",,"2"
"7997","Cooking Needs","Canned Food","Soup, Broth & Bouillon","Emeril's","Emeril's Organic Beef Stock","Emeril's Organic Beef Stock","3.09","0.0","","32 oz","32 oz","17239.jpg",,"2"
"7998","Cooking Needs","Canned Food","Soup, Broth & Bouillon","Emeril's","Emeril's Organic Chicken Stock","Emeril's Organic Chicken Stock","3.09","0.0","","32 oz","32 oz","17260.jpg",,"2"
"7999","Cooking Needs","Canned Food","Soup, Broth & Bouillon","Emeril's","Emeril's Organic Vegetable Stock","Emeril's Organic Vegetable Stock","3.09","0.0","","32 oz","32 oz","17263.jpg",,"2"
"8000","Cooking Needs","Canned Food","Soup, Broth & Bouillon","Campbell's","Campbell's Slow Kettle Style New England Clam Chowder with Fresh Cream","Campbell's Slow Kettle Style New England Clam Chowder with Fresh Cream","3.69","0.0","","15.5 oz","15.5 oz","17178.jpg",,"2"
"8001","Cooking Needs","Canned Food","Soup, Broth & Bouillon","Goya","Goya Bouillon, Chicken Flavored","Goya Bouillon, Chicken Flavored","1.29","0.0","","2.82 oz","2.82 oz","17182.jpg",,"7"
"8002","Cooking Needs","Canned Food","Soup, Broth & Bouillon","Goya","Goya Chicken Bouillon Powdered","Goya Chicken Bouillon Powdered","3.09","0.0","","7.05 oz","7.05 oz","17249.jpg",,"2"
"8003","Cooking Needs","Canned Food","Soup, Broth & Bouillon","Goya","Goya Ham Flavored Concentrate","Goya Ham Flavored Concentrate","1.29","0.0","","1.41 oz","1.41 oz","17232.jpg",,"2"
"8004","Cooking Needs","Canned Food","Soup, Broth & Bouillon","Healthy Choice","Healthy Choice Chicken Noodle Soup","Healthy Choice Chicken Noodle Soup","1.69","0.0","","15 oz","15 oz","5365.jpg",,"9"
"8005","Cooking Needs","Canned Food","Soup, Broth & Bouillon","Healthy Choice","Healthy Choice Split Pea & Ham Soup","Healthy Choice Split Pea & Ham Soup","1.69","0.0","","1 ct","1 ct","5370.jpg",,"2"
"8006","Cooking Needs","Canned Food","Soup, Broth & Bouillon","Healthy Choice","Healthy Choice Split Pea & Ham Soup","Healthy Choice Split Pea & Ham Soup","1.69","0.0","","15 oz","15 oz","5370.jpg",,"2"
"8007","Cooking Needs","Canned Food","Soup, Broth & Bouillon","Healthy Choice","Healthy Choice Tomato Basil Soup","Healthy Choice Tomato Basil Soup","1.69","0.0","","15 oz","15 oz","5368.jpg",,"2"
"8008","Cooking Needs","Canned Food","Soup, Broth & Bouillon","Heinz","Heinz HomeStyle Mushroom Gravy","Heinz HomeStyle Mushroom Gravy","2.09","0.0","","12 oz","12 oz","17235.jpg",,"2"
"8009","Cooking Needs","Canned Food","Soup, Broth & Bouillon","Heinz","Heinz Savory Beef Fat Free Gravy","Heinz Savory Beef Fat Free Gravy","2.19","0.0","","12 oz","12 oz","17238.jpg",,"2"
"8010","Cooking Needs","Canned Food","Soup, Broth & Bouillon","Herb-Ox","Herb Ox Beef Flavor Bouillon Cubes","Herb Ox Beef Flavor Bouillon Cubes","2.49","0.0","","25 x 3 oz","25 x 3 oz","17266.jpg",,"2"
"8011","Cooking Needs","Canned Food","Soup, Broth & Bouillon","Herb-Ox","Herb Ox Beef Flavor Granulated Bouillon","Herb Ox Beef Flavor Granulated Bouillon","2.99","0.0","","113 g","113 g","17253.jpg",,"2"
"8012","Cooking Needs","Canned Food","Soup, Broth & Bouillon","Herb-Ox","Herb Ox Chicken Flavor Bouillon Cubes","Herb Ox Chicken Flavor Bouillon Cubes","2.09","0.0","","3.33 oz","3.33 oz","17244.jpg",,"2"
"8013","Cooking Needs","Canned Food","Soup, Broth & Bouillon","Herb-Ox","Herb Ox Chicken Flavor Granulated Bouillon","Herb Ox Chicken Flavor Granulated Bouillon","2.99","0.0","","4 oz","4 oz","16714.jpg",,"2"
"8014","Cooking Needs","Canned Food","Soup, Broth & Bouillon","Herb-Ox","Herb Ox Chicken Flavor Granulated Bouillon","Herb Ox Chicken Flavor Granulated Bouillon","1.59","0.0","","32 g","32 g","17265.jpg",,"2"
"8015","Cooking Needs","Canned Food","Soup, Broth & Bouillon","Herb-Ox","Herb Ox Sodium Free Beef Flavor Granulated Bouillon","Herb Ox Sodium Free Beef Flavor Granulated Bouillon","2.09","0.0","","8 count","8 count","17228.jpg",,"2"
"8016","Cooking Needs","Canned Food","Soup, Broth & Bouillon","Herb-Ox","Herb Ox Sodium Free Chicken Flavor Granulated Bouillon","Herb Ox Sodium Free Chicken Flavor Granulated Bouillon","2.09","0.0","","34 g","34 g","17177.jpg",,"2"
"8017","Cooking Needs","Canned Food","Soup, Broth & Bouillon","Kitchen Basics","Kitchen Basics All Natural Original Beef Stock","Kitchen Basics All Natural Original Beef Stock","3.09","0.0","","32 fl oz","32 fl oz","17225.jpg",,"2"
"8018","Cooking Needs","Canned Food","Soup, Broth & Bouillon","Kitchen Basics","Kitchen Basics All Natural Original Chicken Stock","Kitchen Basics All Natural Original Chicken Stock","3.09","0.0","","32 fl oz","32 fl oz","17172.jpg",,"2"
"8019","Cooking Needs","Canned Food","Soup, Broth & Bouillon","Kitchen Basics","Kitchen Basics All Natural Unsalted Beef Stock","Kitchen Basics All Natural Unsalted Beef Stock","3.09","0.0","","32 fl oz","32 fl oz","17221.jpg",,"2"
"8020","Cooking Needs","Canned Food","Soup, Broth & Bouillon","Kitchen Basics","Kitchen Basics All Natural Unsalted Chicken Stock","Kitchen Basics All Natural Unsalted Chicken Stock","3.09","0.0","","32 oz","32 oz","17171.jpg",,"2"
"8021","Cooking Needs","Canned Food","Soup, Broth & Bouillon","Kitchen Basics","Kitchen Basics Original Seafood Stock","Kitchen Basics Original Seafood Stock","3.09","0.0","","32 fl oz","32 fl oz","17217.jpg",,"2"
"8022","Cooking Needs","Canned Food","Soup, Broth & Bouillon","Kitchen Basics","Kitchen Basics Original Turkey Stock","Kitchen Basics Original Turkey Stock","3.09","0.0","","32 fl oz","32 fl oz","17231.jpg",,"2"
"8023","Cooking Needs","Canned Food","Soup, Broth & Bouillon","Kitchen Basics","Kitchen Basics Unsalted Vegetable Stock","Kitchen Basics Unsalted Vegetable Stock","3.09","0.0","","32 fl oz","32 fl oz","17173.jpg",,"2"
"8024","Cooking Needs","Canned Food","Soup, Broth & Bouillon","Knorr","Knorr Beef Flavor Bouillon","Knorr Beef Flavor Bouillon","1.49","0.0","","6 x 0.38 oz","6 x 0.38 oz","17229.jpg",,"9"
"8025","Cooking Needs","Canned Food","Soup, Broth & Bouillon","Knorr","Knorr Cube Bouillon Chicken","Knorr Cube Bouillon Chicken","1.49","0.0","","6 x 2.5 oz","6 x 2.5 oz","18091.jpg",,"9"
"8026","Cooking Needs","Canned Food","Soup, Broth & Bouillon","Knorr","Knorr Cube Bouillon Vegetable","Knorr Cube Bouillon Vegetable","1.49","0.0","","2.1 oz","2.1 oz","17216.jpg",,"2"
"8027","Cooking Needs","Canned Food","Soup, Broth & Bouillon","Knorr","Knorr Granulated Bouillon Chicken","Knorr Granulated Bouillon Chicken","5.39","0.0","","15.9 oz","15.9 oz","18093.jpg",,"2"
"8028","Cooking Needs","Canned Food","Soup, Broth & Bouillon","Knorr","Knorr Recipe Mix French Onion","Knorr Recipe Mix French Onion","2.49","0.0","","1.4 oz","1.4 oz","18095.jpg",,"2"
"8029","Cooking Needs","Canned Food","Soup, Broth & Bouillon","Knorr","Knorr Recipe Mix Leek","Knorr Recipe Mix Leek","2.49","0.0","","1.8 oz","1.8 oz","17174.jpg",,"2"
"8030","Cooking Needs","Canned Food","Soup, Broth & Bouillon","Knorr","Knorr Recipe Mix Vegetable","Knorr Recipe Mix Vegetable","2.49","0.0","","1.4 oz","1.4 oz","18094.jpg",,"2"
"8031","Cooking Needs","Canned Food","Soup, Broth & Bouillon","Lipton","Lipton Instant Soup Chicken Noodle With White Meat Soup","Lipton Instant Soup Chicken Noodle With White Meat Soup","1.29","0.0","","1.8 oz","1.8 oz","17224.jpg",,"9"
"8032","Cooking Needs","Canned Food","Soup, Broth & Bouillon","Lipton","Lipton Instant Soup Cream Of Chicken","Lipton Instant Soup Cream Of Chicken","1.49","0.0","","2.4 oz","2.4 oz","17199.jpg",,"2"
"8033","Cooking Needs","Canned Food","Soup, Broth & Bouillon","Lipton","Lipton Instant Soup Mix Ring o noodle","Lipton Instant Soup Mix Ring o noodle","1.49","0.0","","4.9 oz","4.9 oz","17208.jpg",,"9"
"8034","Cooking Needs","Canned Food","Soup, Broth & Bouillon","Lipton","Lipton Soup And Dip Mix Golden Onion","Lipton Soup And Dip Mix Golden Onion","1.89","0.0","","2.6 oz","2.6 oz","17185.jpg",,"2"
"8035","Cooking Needs","Canned Food","Soup, Broth & Bouillon","Lipton","Lipton Soup And Dip Mix Onion","Lipton Soup And Dip Mix Onion","2.49","0.0","","2 x 1 oz","2 x 1 oz","17195.jpg",,"9"
"8036","Cooking Needs","Canned Food","Soup, Broth & Bouillon","Lipton","Lipton Soup And Dip Mix Savory Herb And Garlic","Lipton Soup And Dip Mix Savory Herb And Garlic","1.89","0.0","","2 x 2.4 oz","2 x 2.4 oz","17254.jpg",,"2"
"8037","Cooking Needs","Canned Food","Soup, Broth & Bouillon","Lipton","Lipton Soup And Dip Mix Vegetable","Lipton Soup And Dip Mix Vegetable","1.89","0.0","","1.8 oz","1.8 oz","17258.jpg",,"2"
"8038","Cooking Needs","Canned Food","Soup, Broth & Bouillon","Market Basket","Market Basket Beef Bouillon Cubes","Market Basket Beef Bouillon Cubes","1.29","0.0","","3.4 oz","3.4 oz","Market Basket.jpg",,"2"
"8039","Cooking Needs","Canned Food","Soup, Broth & Bouillon","Market Basket","Market Basket Beef Broth","Market Basket Beef Broth","0.69","0.0","","14.5 oz","14.5 oz","Market Basket.jpg",,"2"
"8040","Cooking Needs","Canned Food","Soup, Broth & Bouillon","Market Basket","Market Basket Beef Cooking Stock","Market Basket Beef Cooking Stock","2.49","0.0","","32 oz","32 oz","Market Basket.jpg",,"2"
"8041","Cooking Needs","Canned Food","Soup, Broth & Bouillon","Market Basket","Market Basket Chicken And Stars Condensed Soup","Market Basket Chicken And Stars Condensed Soup","0.99","0.0","","10.5 oz","10.5 oz","Market Basket.jpg",,"2"
"8042","Cooking Needs","Canned Food","Soup, Broth & Bouillon","Market Basket","Market Basket Chicken Boullion Cubes","Market Basket Chicken Boullion Cubes","1.29","0.0","","3.4 oz","3.4 oz","Market Basket.jpg",,"2"
"8043","Cooking Needs","Canned Food","Soup, Broth & Bouillon","Market Basket","Market Basket Chicken Broth","Market Basket Chicken Broth","1.29","0.0","","14.5 oz","14.5 oz","Market Basket.jpg",,"9"
"8044","Cooking Needs","Canned Food","Soup, Broth & Bouillon","Market Basket","Market Basket Chicken Broth","Market Basket Chicken Broth","3.09","0.0","","32 oz","32 oz","Market Basket.jpg",,"2"
"8045","Cooking Needs","Canned Food","Soup, Broth & Bouillon","Market Basket","Market Basket Chicken Broth","Market Basket Chicken Broth","3.49","0.0","","48 oz","48 oz","Market Basket.jpg",,"2"
"8046","Cooking Needs","Canned Food","Soup, Broth & Bouillon","Market Basket","Market Basket Chicken Noodle Condensed Soup","Market Basket Chicken Noodle Condensed Soup","1.29","0.0","","10.75 oz","10.75 oz","Market Basket.jpg",,"2"
"8047","Cooking Needs","Canned Food","Soup, Broth & Bouillon","Market Basket","Market Basket Chicken With Rice Condensed Soup","Market Basket Chicken With Rice Condensed Soup","0.99","0.0","","10.5 oz","10.5 oz","Market Basket.jpg",,"2"
"8048","Cooking Needs","Canned Food","Soup, Broth & Bouillon","Market Basket","Market Basket Cream Of Celery Soup","Market Basket Cream Of Celery Soup","0.99","0.0","","10.75 oz","10.75 oz","Market Basket.jpg",,"2"
"8049","Cooking Needs","Canned Food","Soup, Broth & Bouillon","Market Basket","Market Basket Cream Of Mushroom Soup","Market Basket Cream Of Mushroom Soup","0.99","0.0","","10.75 oz","10.75 oz","Market Basket.jpg",,"2"
"8050","Cooking Needs","Canned Food","Soup, Broth & Bouillon","Market Basket","Market Basket Fat Free Reduced Sodium Chicken Broth","Market Basket Fat Free Reduced Sodium Chicken Broth","1.89","0.0","","32 oz","32 oz","Market Basket.jpg",,"2"
"8051","Cooking Needs","Canned Food","Soup, Broth & Bouillon","Market Basket","Market Basket Fat Free Reduced Sodium Chicken Broth","Market Basket Fat Free Reduced Sodium Chicken Broth","1.29","0.0","","14.5 oz","14.5 oz","Market Basket.jpg",,"2"
"8052","Cooking Needs","Canned Food","Soup, Broth & Bouillon","Market Basket","Market Basket Homestyle Clam Chowder Soup","Market Basket Homestyle Clam Chowder Soup","1.89","0.0","","18.5 oz","18.5 oz","Market Basket.jpg",,"2"
"8053","Cooking Needs","Canned Food","Soup, Broth & Bouillon","Market Basket","Market Basket Noodle Soup With Real Chicken Broth","Market Basket Noodle Soup With Real Chicken Broth","0.89","0.0","","4 oz","4 oz","Market Basket.jpg",,"2"
"8054","Cooking Needs","Canned Food","Soup, Broth & Bouillon","Market Basket","Market Basket Onion Recipe Dip And Soup Mix","Market Basket Onion Recipe Dip And Soup Mix","1.29","0.0","","2.75 oz","2.75 oz","Market Basket.jpg",,"2"
"8055","Cooking Needs","Canned Food","Soup, Broth & Bouillon","Market Basket","Market Basket Organic Chicken Bone Cooking Broth","Market Basket Organic Chicken Bone Cooking Broth","4.89","0.0","","1 ct","1 ct","Market Basket.jpg",,"2"
"8056","Cooking Needs","Canned Food","Soup, Broth & Bouillon","Market Basket","Market Basket Tomato Condensed Soup","Market Basket Tomato Condensed Soup","0.99","0.0","","10.75 oz","10.75 oz","Market Basket.jpg",,"2"
"8057","Cooking Needs","Canned Food","Soup, Broth & Bouillon","Maruchan","Maruchan Beef Flavor Ramen Noodle Soup","Maruchan Beef Flavor Ramen Noodle Soup","3.09","0.0","","12 x 3 oz","12 x 3 oz","5328.jpg",,"9"
"8058","Cooking Needs","Canned Food","Soup, Broth & Bouillon","Maruchan","Maruchan Bowl Ramen Noodle Soup Chicken Flavor","Maruchan Bowl Ramen Noodle Soup Chicken Flavor","1.29","0.0","","3.31 oz","3.31 oz","5335.jpg",,"9"
"8059","Cooking Needs","Canned Food","Soup, Broth & Bouillon","Maruchan","Maruchan Chicken Flavor Ramen Noodle Soup","Maruchan Chicken Flavor Ramen Noodle Soup","3.09","0.0","","12 x 3 oz","12 x 3 oz","5321.jpg",,"9"
"8060","Cooking Needs","Canned Food","Soup, Broth & Bouillon","Maruchan","Maruchan Hot & Spicy Picante Chicken Flavor Ramen Noodle Soup","Maruchan Hot & Spicy Picante Chicken Flavor Ramen Noodle Soup","0.39","0.0","","3 oz","3 oz","5324.jpg",,"9"
"8061","Cooking Needs","Canned Food","Soup, Broth & Bouillon","Maruchan","Maruchan Instant Lunch Beef Flavor Ramen noodles","Maruchan Instant Lunch Beef Flavor Ramen noodles","1.89","0.0","","6 x 2.25 oz","6 x 2.25 oz","5338.jpg",,"9"
"8062","Cooking Needs","Canned Food","Soup, Broth & Bouillon","Maruchan","Maruchan Instant Lunch Chicken Flavor","Maruchan Instant Lunch Chicken Flavor","0.49","0.0","","2.15 oz","2.15 oz","5332.jpg",,"9"
"8063","Cooking Needs","Canned Food","Soup, Broth & Bouillon","Maruchan","Maruchan Instant Lunch Roast Beef Flavor Ramen Noodle Soup","Maruchan Instant Lunch Roast Beef Flavor Ramen Noodle Soup","0.49","0.0","","2.25 oz","2.25 oz","5329.jpg",,"9"
"8064","Cooking Needs","Canned Food","Soup, Broth & Bouillon","Maruchan","Maruchan Instant Lunch with Shrimp Ramen Noodle Soup","Maruchan Instant Lunch with Shrimp Ramen Noodle Soup","0.49","0.0","","2.25 oz","2.25 oz","5327.jpg",,"2"
"8065","Cooking Needs","Canned Food","Soup, Broth & Bouillon","Maruchan","Maruchan Ramen Noodle Soup Chicken Flavor","Maruchan Ramen Noodle Soup Chicken Flavor","0.39","0.0","","3 oz","3 oz","5326.jpg",,"9"
"8066","Cooking Needs","Canned Food","Soup, Broth & Bouillon","Maruchan","Maruchan Ramen Noodle Soup Creamy Chicken Flavor","Maruchan Ramen Noodle Soup Creamy Chicken Flavor","0.39","0.0","","3 oz","3 oz","5330.jpg",,"9"
"8067","Cooking Needs","Canned Food","Soup, Broth & Bouillon","Maruchan","Maruchan Ramen Noodle Soup Roast Beef Flavor","Maruchan Ramen Noodle Soup Roast Beef Flavor","1.69","0.0","","3 oz","3 oz","5339.jpg",,"2"
"8068","Cooking Needs","Canned Food","Soup, Broth & Bouillon","Maruchan","Maruchan Ramen Noodle Soup Roast Chicken Flavor","Maruchan Ramen Noodle Soup Roast Chicken Flavor","0.29","0.0","","3 oz","3 oz","5322.jpg",,"9"
"8069","Cooking Needs","Canned Food","Soup, Broth & Bouillon","Maruchan","Maruchan Ramen Noodle Soup with Shrimp","Maruchan Ramen Noodle Soup with Shrimp","2.49","0.0","","6 x 2.25 oz","6 x 2.25 oz","5337.jpg",,"9"
"8070","Cooking Needs","Canned Food","Soup, Broth & Bouillon","Maruchan","Maruchan Ramen Noodle Soup, Chicken, Instant Lunch","Maruchan Ramen Noodle Soup, Chicken, Instant Lunch","0.49","0.0","","2.25 oz","2.25 oz","5323.jpg",,"9"
"8071","Cooking Needs","Canned Food","Soup, Broth & Bouillon","Maruchan","Maruchan Ramen Noodle Soup, Shrimp Flavor","Maruchan Ramen Noodle Soup, Shrimp Flavor","3.09","0.0","","12 count","12 count","5334.jpg",,"2"
"8072","Cooking Needs","Canned Food","Soup, Broth & Bouillon","Maruchan","Maruchan Yakisoba Teriyaki Beef Flavor","Maruchan Yakisoba Teriyaki Beef Flavor","0.69","0.0","","4 oz","4 oz","5325.jpg",,"9"
"8073","Cooking Needs","Canned Food","Soup, Broth & Bouillon","Nissin","Nissin Cup Noodles Beef Flavor","Nissin Cup Noodles Beef Flavor","2.49","0.0","","6 x 2.25 oz","6 x 2.25 oz","17218.jpg",,"2"
"8074","Cooking Needs","Canned Food","Soup, Broth & Bouillon","Nissin","Nissin Cup Noodles Chicken Flavor","Nissin Cup Noodles Chicken Flavor","0.49","0.0","","2.25 oz","2.25 oz","17250.jpg",,"9"
"8075","Cooking Needs","Canned Food","Soup, Broth & Bouillon","Nissin","Nissin Soy Sauce Flavor Ramen Noodle Soup","Nissin Soy Sauce Flavor Ramen Noodle Soup","0.39","0.0","","3 oz","3 oz","17196.jpg",,"9"
"8076","Cooking Needs","Canned Food","Soup, Broth & Bouillon","Nissin","Nissin Teriyaki Chicken Noodles","Nissin Teriyaki Chicken Noodles","1.29","0.0","","4 oz","4 oz","17179.jpg",,"9"
"8077","Cooking Needs","Canned Food","Soup, Broth & Bouillon","Nissin","Nissin The Original Cup Noodles Chicken Flavor","Nissin The Original Cup Noodles Chicken Flavor","2.49","0.0","","13.5 oz","13.5 oz","17181.jpg",,"9"
"8078","Cooking Needs","Canned Food","Soup, Broth & Bouillon","Nissin","Nissin Top Ramen Beef Flavor Ramen Noodle Soup","Nissin Top Ramen Beef Flavor Ramen Noodle Soup","0.39","0.0","","3 oz","3 oz","17194.jpg",,"9"
"8079","Cooking Needs","Canned Food","Soup, Broth & Bouillon","Nongshim","Nongshim Bowl Noodle Savory Soup Chicken","Nongshim Bowl Noodle Savory Soup Chicken","1.29","0.0","","3.03 oz","3.03 oz","17209.jpg",,"2"
"8080","Cooking Needs","Canned Food","Soup, Broth & Bouillon","Nongshim","Nongshim Bowl Noodle Soup Spicy Chicken","Nongshim Bowl Noodle Soup Spicy Chicken","1.29","0.0","","3.03 oz","3.03 oz","17190.jpg",,"2"
"8081","Cooking Needs","Canned Food","Soup, Broth & Bouillon","Nongshim","Nongshim Bowl Noodle Soup Spicy Shrimp","Nongshim Bowl Noodle Soup Spicy Shrimp","1.29","0.0","","3.03 oz","3.03 oz","17187.jpg",,"2"
"8082","Cooking Needs","Canned Food","Soup, Broth & Bouillon","Nongshim","Nongshim Shin Ramyun Noodles (Case)","Nongshim Shin Ramyun Noodles (Case)","1.29","0.0","","4.2 oz","4.2 oz","17184.jpg",,"9"
"8083","Cooking Needs","Canned Food","Soup, Broth & Bouillon","Pacific","Pacific Foods Organic Beef Broth","Pacific Foods Organic Beef Broth","4.69","0.0","","32 fl oz","32 fl oz","5362.jpg",,"2"
"8084","Cooking Needs","Canned Food","Soup, Broth & Bouillon","Pacific","Pacific Foods Organic Butternut Squash Bisque","Pacific Foods Organic Butternut Squash Bisque","3.69","0.0","","17.6 oz","17.6 oz","5352.jpg",,"2"
"8085","Cooking Needs","Canned Food","Soup, Broth & Bouillon","Pacific","Pacific Foods Organic Chicken Noodle Soup","Pacific Foods Organic Chicken Noodle Soup","3.69","0.0","","17.6 oz","17.6 oz","5359.jpg",,"2"
"8086","Cooking Needs","Canned Food","Soup, Broth & Bouillon","Pacific","Pacific Foods Organic Roasted Red Pepper & Tomato Soup","Pacific Foods Organic Roasted Red Pepper & Tomato Soup","4.89","0.0","","32 fl oz","32 fl oz","5360.jpg",,"9"
"8087","Cooking Needs","Canned Food","Soup, Broth & Bouillon","Pacific","Pacific Low Sodium Organic Chicken Broth","Pacific Low Sodium Organic Chicken Broth","4.69","0.0","","32 fl oz","32 fl oz","5356.jpg",,"9"
"8088","Cooking Needs","Canned Food","Soup, Broth & Bouillon","Pacific","Pacific Organic Bisque Roasted Red Pepper & Tomato","Pacific Organic Bisque Roasted Red Pepper & Tomato","3.69","0.0","","17.6 oz","17.6 oz","5363.jpg",,"2"
"8089","Cooking Needs","Canned Food","Soup, Broth & Bouillon","Pacific","Pacific Organic Creamy Tomato Soup","Pacific Organic Creamy Tomato Soup","4.89","0.0","","32 fl oz","32 fl oz","5353.jpg",,"9"
"8090","Cooking Needs","Canned Food","Soup, Broth & Bouillon","Pacific","Pacific Organic Free Range Chicken Broth","Pacific Organic Free Range Chicken Broth","4.89","0.0","","32 fl oz","32 fl oz","5358.jpg",,"2"
"8091","Cooking Needs","Canned Food","Soup, Broth & Bouillon","Pacific","Pacific Organic Soup Chicken & Wild Rice","Pacific Organic Soup Chicken & Wild Rice","3.69","0.0","","17.6 oz","17.6 oz","5357.jpg",,"2"
"8092","Cooking Needs","Canned Food","Soup, Broth & Bouillon","Pacific","Pacific Organic Unsalted Chicken Bone Broth","Pacific Organic Unsalted Chicken Bone Broth","5.89","0.0","","32 oz","32 oz","5354.jpg",,"2"
"8093","Cooking Needs","Canned Food","Soup, Broth & Bouillon","Pacific","Pacific Organic Vegetable Broth","Pacific Organic Vegetable Broth","4.89","0.0","","32 oz","32 oz","5361.jpg",,"9"
"8094","Cooking Needs","Canned Food","Soup, Broth & Bouillon","Progresso","Progresso Chicken Broth","Progresso Chicken Broth","2.79","0.0","","32 oz","32 oz","5280.jpg",,"9"
"8095","Cooking Needs","Canned Food","Soup, Broth & Bouillon","Progresso","Progresso Chicken Broth, Classic","Progresso Chicken Broth, Classic","2.49","0.0","","32 oz","32 oz","5292.jpg",,"9"
"8096","Cooking Needs","Canned Food","Soup, Broth & Bouillon","Progresso","Progresso Chicken Broth, Reduced Sodium","Progresso Chicken Broth, Reduced Sodium","2.49","0.0","","32 oz","32 oz","5274.jpg",,"9"
"8097","Cooking Needs","Canned Food","Soup, Broth & Bouillon","Progresso","Progresso Chicken Reduced Sodium Broth","Progresso Chicken Reduced Sodium Broth","2.49","0.0","","32 oz","32 oz","5291.jpg",,"2"
"8098","Cooking Needs","Canned Food","Soup, Broth & Bouillon","Progresso","Progresso Chicken Unsalted Broth","Progresso Chicken Unsalted Broth","2.79","0.0","","32 oz","32 oz","5293.jpg",,"2"
"8099","Cooking Needs","Canned Food","Soup, Broth & Bouillon","Progresso","Progresso Light Italian Style Meatball Soup","Progresso Light Italian Style Meatball Soup","2.79","0.0","","18.5 oz","18.5 oz","5287.jpg",,"9"
"8100","Cooking Needs","Canned Food","Soup, Broth & Bouillon","Progresso","Progresso Light Vegetable and Noodle Soup","Progresso Light Vegetable and Noodle Soup","2.79","0.0","","18.5 oz","18.5 oz","5281.jpg",,"9"
"8101","Cooking Needs","Canned Food","Soup, Broth & Bouillon","Progresso","Progresso Light, Beef Pot Roast Soup, Gluten Free","Progresso Light, Beef Pot Roast Soup, Gluten Free","2.79","0.0","","18.5 oz","18.5 oz","5285.jpg",,"2"
"8102","Cooking Needs","Canned Food","Soup, Broth & Bouillon","Progresso","Progresso Light, Chicken and Dumpling Soup","Progresso Light, Chicken and Dumpling Soup","2.79","0.0","","18.5 oz","18.5 oz","5295.jpg",,"2"
"8103","Cooking Needs","Canned Food","Soup, Broth & Bouillon","Progresso","Progresso Light, New England Clam Chowder Soup, Low Fat, Gluten Free","Progresso Light, New England Clam Chowder Soup, Low Fat, Gluten Free","2.79","0.0","","18.5 oz","18.5 oz","5290.jpg",,"9"
"8104","Cooking Needs","Canned Food","Soup, Broth & Bouillon","Progresso","Progresso Reduced Sodium Chicken Broth","Progresso Reduced Sodium Chicken Broth","2.49","0.0","","32 oz","32 oz","No Image.jpg",,"2"
"8105","Cooking Needs","Canned Food","Soup, Broth & Bouillon","Progresso","Progresso Rich & Hearty, Chicken and Homestyle Noodles Soup","Progresso Rich & Hearty, Chicken and Homestyle Noodles Soup","2.49","0.0","","19 oz","19 oz","5255.jpg",,"9"
"8106","Cooking Needs","Canned Food","Soup, Broth & Bouillon","Progresso","Progresso Rich & Hearty, Hearty Chicken Pot Pie Style Soup","Progresso Rich & Hearty, Hearty Chicken Pot Pie Style Soup","2.79","0.0","","18.5 oz","18.5 oz","5275.jpg",,"9"
"8107","Cooking Needs","Canned Food","Soup, Broth & Bouillon","Progresso","Progresso Rich & Hearty, New England Clam Chowder Soup, Gluten Free","Progresso Rich & Hearty, New England Clam Chowder Soup, Gluten Free","2.79","0.0","","18.5 oz","18.5 oz","5282.jpg",,"9"
"8108","Cooking Needs","Canned Food","Soup, Broth & Bouillon","Progresso","Progresso Rich and Hearty Minestrone With Italian Sausage Soup","Progresso Rich and Hearty Minestrone With Italian Sausage Soup","2.09","0.0","","18.5 oz","18.5 oz","5267.jpg",,"9"
"8109","Cooking Needs","Canned Food","Soup, Broth & Bouillon","Progresso","Progresso Soup, Low Fat Light, Chicken Pot Pie Style Soup","Progresso Soup, Low Fat Light, Chicken Pot Pie Style Soup","2.79","0.0","","18.5 oz","18.5 oz","5273.jpg",,"9"
"8110","Cooking Needs","Canned Food","Soup, Broth & Bouillon","Progresso","Progresso Soup, Low Fat Light, Chicken Vegetable Rotini Soup","Progresso Soup, Low Fat Light, Chicken Vegetable Rotini Soup","2.49","0.0","","18.5 oz","18.5 oz","5257.jpg",,"9"
"8111","Cooking Needs","Canned Food","Soup, Broth & Bouillon","Progresso","Progresso Soup, Low Fat Light, Savory Vegetable Barley Soup","Progresso Soup, Low Fat Light, Savory Vegetable Barley Soup","2.79","0.0","","18.5 oz","18.5 oz","5279.jpg",,"9"
"8112","Cooking Needs","Canned Food","Soup, Broth & Bouillon","Progresso","Progresso Soup, Traditional, Beef Barley Soup","Progresso Soup, Traditional, Beef Barley Soup","2.79","0.0","","19 oz","19 oz","5259.jpg",,"9"
"8113","Cooking Needs","Canned Food","Soup, Broth & Bouillon","Progresso","Progresso Soup, Traditional, Chickarina Soup","Progresso Soup, Traditional, Chickarina Soup","2.79","0.0","","19 oz","19 oz","5256.jpg",,"9"
"8114","Cooking Needs","Canned Food","Soup, Broth & Bouillon","Progresso","Progresso Soup, Traditional, Chicken and Herb Dumplings Soup","Progresso Soup, Traditional, Chicken and Herb Dumplings Soup","2.79","0.0","","18.5 oz","18.5 oz","5277.jpg",,"9"
"8115","Cooking Needs","Canned Food","Soup, Broth & Bouillon","Progresso","Progresso Soup, Traditional, Homestyle Chicken Soup","Progresso Soup, Traditional, Homestyle Chicken Soup","2.79","0.0","","19 oz","19 oz","5264.jpg",,"9"
"8116","Cooking Needs","Canned Food","Soup, Broth & Bouillon","Progresso","Progresso Soup, Vegetable Classics, Creamy Mushroom Soup, Gluten Free","Progresso Soup, Vegetable Classics, Creamy Mushroom Soup, Gluten Free","2.49","0.0","","18 oz","18 oz","5294.jpg",,"2"
"8117","Cooking Needs","Canned Food","Soup, Broth & Bouillon","Progresso","Progresso Soup, Vegetable Classics, Vegetable Soup","Progresso Soup, Vegetable Classics, Vegetable Soup","2.49","0.0","","19 oz","19 oz","5272.jpg",,"9"
"8118","Cooking Needs","Canned Food","Soup, Broth & Bouillon","Progresso","Progresso Traditional","Progresso Traditional","2.79","0.0","","19 oz","19 oz","5283.jpg",,"9"
"8119","Cooking Needs","Canned Food","Soup, Broth & Bouillon","Progresso","Progresso Traditional Chicken and Sausage Gumbo Soup","Progresso Traditional Chicken and Sausage Gumbo Soup","2.79","0.0","","19 oz","19 oz","5269.jpg",,"9"
"8120","Cooking Needs","Canned Food","Soup, Broth & Bouillon","Progresso","Progresso Traditional Split Pea With Ham Soup","Progresso Traditional Split Pea With Ham Soup","2.79","0.0","","19 oz","19 oz","5289.jpg",,"9"
"8121","Cooking Needs","Canned Food","Soup, Broth & Bouillon","Progresso","Progresso Traditional, Chicken and Wild Rice Soup, Gluten Free","Progresso Traditional, Chicken and Wild Rice Soup, Gluten Free","2.79","0.0","","19 oz","19 oz","5278.jpg",,"9"
"8122","Cooking Needs","Canned Food","Soup, Broth & Bouillon","Progresso","Progresso Traditional, Chicken Noodle Soup","Progresso Traditional, Chicken Noodle Soup","2.79","0.0","","19 oz","19 oz","5251.jpg",,"9"
"8123","Cooking Needs","Canned Food","Soup, Broth & Bouillon","Progresso","Progresso Traditional, New England Clam Chowder Soup, Gluten Free","Progresso Traditional, New England Clam Chowder Soup, Gluten Free","2.79","0.0","","18.5 oz","18.5 oz","5276.jpg",,"2"
"8124","Cooking Needs","Canned Food","Soup, Broth & Bouillon","Progresso","Progresso Vegetable Classics Vegetarian Vegetable With Barley Soup","Progresso Vegetable Classics Vegetarian Vegetable With Barley Soup","2.09","0.0","","19 oz","19 oz","5270.jpg",,"9"
"8125","Cooking Needs","Canned Food","Soup, Broth & Bouillon","Progresso","Progresso Vegetable Classics, Tomato Basil Soup, Gluten Free","Progresso Vegetable Classics, Tomato Basil Soup, Gluten Free","2.49","0.0","","19 oz","19 oz","5253.jpg",,"9"
"8126","Cooking Needs","Canned Food","Soup, Broth & Bouillon","Rachael Ray","Rachael Ray Chicken Stock","Rachael Ray Chicken Stock","2.49","0.0","","32 fl oz","32 fl oz","17183.jpg",,"2"
"8127","Cooking Needs","Canned Food","Soup, Broth & Bouillon","Rachael Ray","Rachael Ray Chicken Stock","Rachael Ray Chicken Stock","2.49","0.0","","32 fl oz","32 fl oz","17189.jpg",,"2"
"8128","Cooking Needs","Canned Food","Soup, Broth & Bouillon","Rachael Ray","Rachael Ray Stock In A Box All Natural Beef","Rachael Ray Stock In A Box All Natural Beef","2.49","0.0","","32 fl oz","32 fl oz","17214.jpg",,"2"
"8129","Cooking Needs","Canned Food","Soup, Broth & Bouillon","Swanson","Swanson 100% Natural Unsalted Beef Broth","Swanson 100% Natural Unsalted Beef Broth","3.09","0.0","","32 oz","32 oz","5396.jpg",,"9"
"8130","Cooking Needs","Canned Food","Soup, Broth & Bouillon","Swanson","Swanson 50% Less Sodium Beef Broth","Swanson 50% Less Sodium Beef Broth","1.29","0.0","","14.5 oz","14.5 oz","5398.jpg",,"2"
"8131","Cooking Needs","Canned Food","Soup, Broth & Bouillon","Swanson","Swanson 50% Less Sodium Beef Broth","Swanson 50% Less Sodium Beef Broth","1.29","0.0","","14.5 oz","14.5 oz","5398.jpg",,"9"
"8132","Cooking Needs","Canned Food","Soup, Broth & Bouillon","Swanson","Swanson Chicken Broth","Swanson Chicken Broth","3.09","0.0","","32 fl oz","32 fl oz","5393.jpg",,"2"
"8133","Cooking Needs","Canned Food","Soup, Broth & Bouillon","Swanson","Swanson Chicken Broth","Swanson Chicken Broth","1.29","0.0","","14.5 oz","14.5 oz","5395.jpg",,"9"
"8134","Cooking Needs","Canned Food","Soup, Broth & Bouillon","Swanson","Swanson Chicken Broth","Swanson Chicken Broth","3.09","0.0","","32 fl oz","32 fl oz","5393.jpg",,"9"
"8135","Cooking Needs","Canned Food","Soup, Broth & Bouillon","Swanson","Swanson Chicken Broth","Swanson Chicken Broth","1.29","0.0","","14.5 oz","14.5 oz","5395.jpg",,"2"
"8136","Cooking Needs","Canned Food","Soup, Broth & Bouillon","Swanson","Swanson Natural Goodness Swanson Natural Goodness Chicken Broth","Swanson Natural Goodness Swanson Natural Goodness Chicken Broth","3.09","0.0","","32 fl oz","32 fl oz","17197.jpg",,"2"
"8137","Cooking Needs","Canned Food","Soup, Broth & Bouillon","Swanson","Swanson Natural Goodness Swanson Natural Goodness Chicken Broth","Swanson Natural Goodness Swanson Natural Goodness Chicken Broth","3.09","0.0","","32 fl oz","32 fl oz","17197.jpg",,"2"
"8138","Cooking Needs","Canned Food","Soup, Broth & Bouillon","Swanson","Swanson Unsalted Chicken Broth","Swanson Unsalted Chicken Broth","3.49","0.0","","32 oz","32 oz","5394.jpg",,"2"
"8139","Cooking Needs","Canned Food","Soup, Broth & Bouillon","Swanson","Swanson Unsalted Chicken Cooking Stock","Swanson Unsalted Chicken Cooking Stock","3.29","0.0","","32 oz","32 oz","5397.jpg",,"2"
"8140","Cooking Needs","Canned Food","Soup, Broth & Bouillon","Swanson","Swanson Unsalted Chicken Cooking Stock","Swanson Unsalted Chicken Cooking Stock","3.29","0.0","","32 oz","32 oz","5397.jpg",,"9"
"8141","Cooking Needs","Canned Food","Soup, Broth & Bouillon","Swanson's","Swanson's Low Salt Beef Broth","Swanson's Low Salt Beef Broth","3.09","0.0","","32 oz","32 oz","17222.jpg",,"9"
"8142","Cooking Needs","Canned Food","Soup, Broth & Bouillon","Top Ramen","Top Ramen Noodle Soup Beef","Top Ramen Noodle Soup Beef","3.09","0.0","","12 x 3 oz","12 x 3 oz","17215.jpg",,"2"
"8143","Cooking Needs","Canned Food","Soup, Broth & Bouillon","Top Ramen","Top Ramen Noodle Soup, The Original, Chicken Flavor","Top Ramen Noodle Soup, The Original, Chicken Flavor","3.09","0.0","","3 oz","3 oz","17230.jpg",,"9"
"8144","Cooking Needs","Canned Food","Soup, Broth & Bouillon","Wolfgang Puck","Wolfgang Puck Organic Chicken with Tuscan Style White Bean & Pesto Soup","Wolfgang Puck Organic Chicken with Tuscan Style White Bean & Pesto Soup","3.09","0.0","","14.5 oz","14.5 oz","17243.jpg",,"2"
"8145","Cooking Needs","Canned Food","Soup, Broth & Bouillon","Wolfgang Puck","Wolfgang Puck Organic Free Range Chicken with White & Wild Rice Soup","Wolfgang Puck Organic Free Range Chicken with White & Wild Rice Soup","3.49","0.0","","14.5 oz","14.5 oz","17223.jpg",,"2"
"8146","Cooking Needs","Canned Food","Soup, Broth & Bouillon","Wolfgang Puck","Wolfgang Puck Organic Hearty Garden Vegetable Soup","Wolfgang Puck Organic Hearty Garden Vegetable Soup","3.49","0.0","","14.5 oz","14.5 oz","17202.jpg",,"2"
"8147","Cooking Needs","Canned Food","Soup, Broth & Bouillon","Wolfgang Puck","Wolfgang Puck Organic Signature Tortilla Soup","Wolfgang Puck Organic Signature Tortilla Soup","3.49","0.0","","14.5 oz","14.5 oz","17247.jpg",,"2"
"8148","Cooking Needs","Canned Food","Soup, Broth & Bouillon","Wolfgang Puck","Wolfgang Puck Soup, Organic, Free Range Chicken Noodle","Wolfgang Puck Soup, Organic, Free Range Chicken Noodle","3.49","0.0","","14.5 oz","14.5 oz","17203.jpg",,"2"
"8149","Cooking Needs","Canned Food","Soup, Broth & Bouillon","Wolfgang Puck","Wolfgang Puck Tomato Basil Bisque Organic Soup","Wolfgang Puck Tomato Basil Bisque Organic Soup","3.49","0.0","","14.5 oz","14.5 oz","17255.jpg",,"2"
"8150","Cooking Needs","Condiments & Sauces","Condiments","Ba-Tampte","Ba Tampte Horseradish","Ba Tampte Horseradish","2.49","0.0","","8 oz","8 oz","15358.jpg",,"2"
"8151","Cooking Needs","Condiments & Sauces","Condiments","Ba-Tampte","Ba Tampte Prepared Horseradish & Beets","Ba Tampte Prepared Horseradish & Beets","2.49","0.0","","8 oz","8 oz","15367.jpg",,"2"
"8152","Cooking Needs","Condiments & Sauces","Condiments","Bookbinder's","Bookbinder's Creamy Horseradish Sauce Sassy","Bookbinder's Creamy Horseradish Sauce Sassy","3.69","0.0","","9.5 oz","9.5 oz","15387.jpg",,"2"
"8153","Cooking Needs","Condiments & Sauces","Condiments","Bookbinder's","Bookbinder's Horseradish Prepared","Bookbinder's Horseradish Prepared","3.69","0.0","","9.75 oz","9.75 oz","15360.jpg",,"2"
"8154","Cooking Needs","Condiments & Sauces","Condiments","Bookbinder's","Bookbinder's Wasabi Sauce Hot","Bookbinder's Wasabi Sauce Hot","3.69","0.0","","9.5 oz","9.5 oz","15380.jpg",,"2"
"8155","Cooking Needs","Condiments & Sauces","Condiments","Cains","Cains Light mayonnaise","Cains Light mayonnaise","2.49","0.0","","30 fl oz","30 fl oz","1566.jpg",,"2"
"8156","Cooking Needs","Condiments & Sauces","Condiments","Cains","Cains Mayonnaise","Cains Mayonnaise","3.69","0.0","","15 fl oz","15 fl oz","1562.jpg",,"2"
"8157","Cooking Needs","Condiments & Sauces","Condiments","Cains","Cains Mayonnaise","Cains Mayonnaise","4.89","0.0","","30 fl oz","30 fl oz","1564.jpg",,"2"
"8158","Cooking Needs","Condiments & Sauces","Condiments","Cains","Cains Old Fashioned Sweet Relish","Cains Old Fashioned Sweet Relish","2.49","0.0","","16 fl oz","16 fl oz","1565.jpg",,"2"
"8159","Cooking Needs","Condiments & Sauces","Condiments","Cains","Cains Tangy Dill Relish","Cains Tangy Dill Relish","1.89","0.0","","10 fl oz","10 fl oz","1563.jpg",,"2"
"8160","Cooking Needs","Condiments & Sauces","Condiments","Cains","Cains Tartar Sauce","Cains Tartar Sauce","2.79","0.0","","12 fl oz","12 fl oz","1567.jpg",,"2"
"8161","Cooking Needs","Condiments & Sauces","Condiments","Cholula","Cholula Hot Sauce Chili Garlic","Cholula Hot Sauce Chili Garlic","3.69","0.0","","5 fl oz","5 fl oz","1587.jpg",,"2"
"8162","Cooking Needs","Condiments & Sauces","Condiments","Cholula","Cholula Hot Sauce Chipotle","Cholula Hot Sauce Chipotle","2.49","0.0","","5 fl oz","5 fl oz","1589.jpg",,"2"
"8163","Cooking Needs","Condiments & Sauces","Condiments","Cholula","Cholula Hot Sauce Original","Cholula Hot Sauce Original","3.09","0.0","","5 fl oz","5 fl oz","1586.jpg",,"2"
"8164","Cooking Needs","Condiments & Sauces","Condiments","Cholula","Cholula Hot Sauce Original","Cholula Hot Sauce Original","7.39","0.0","","12 fl oz","12 fl oz","1588.jpg",,"2"
"8165","Cooking Needs","Condiments & Sauces","Condiments","Claussen","Claussen Premium Sweet Pickle Relish","Claussen Premium Sweet Pickle Relish","1.49","0.0","","10 oz","10 oz","15351.jpg",,"2"
"8166","Cooking Needs","Condiments & Sauces","Condiments","Crosse & Blackwell","Crosse & Blackwell Seafood Cocktail Sauce","Crosse & Blackwell Seafood Cocktail Sauce","2.49","0.0","","12 oz","12 oz","15384.jpg",,"2"
"8167","Cooking Needs","Condiments & Sauces","Condiments","Crosse & Blackwell","Crosse & Blackwell Shrimp Sauce Zesty","Crosse & Blackwell Shrimp Sauce Zesty","2.49","0.0","","12 fl oz","12 fl oz","15374.jpg",,"2"
"8168","Cooking Needs","Condiments & Sauces","Condiments","Emeril's","Emeril's Dijon Mustard","Emeril's Dijon Mustard","3.69","0.0","","12 oz","12 oz","15385.jpg",,"2"
"8169","Cooking Needs","Condiments & Sauces","Condiments","Emeril's","Emeril's Smooth Honey Mustard","Emeril's Smooth Honey Mustard","3.09","0.0","","12 oz","12 oz","15354.jpg",,"2"
"8170","Cooking Needs","Condiments & Sauces","Condiments","Frank's","Frank's RedHot Buffalo Wings Sauce","Frank's RedHot Buffalo Wings Sauce","2.49","0.0","","12 fl oz","12 fl oz","1574.jpg",,"2"
"8171","Cooking Needs","Condiments & Sauces","Condiments","Frank's","Frank's RedHot Hot Buffalo Wings Sauce","Frank's RedHot Hot Buffalo Wings Sauce","3.09","0.0","","12 fl oz","12 fl oz","1578.jpg",,"2"
"8172","Cooking Needs","Condiments & Sauces","Condiments","Frank's","Frank's RedHot Original Cayenne Pepper Hot Sauce","Frank's RedHot Original Cayenne Pepper Hot Sauce","6.09","0.0","","23 fl oz","23 fl oz","1577.jpg",,"2"
"8173","Cooking Needs","Condiments & Sauces","Condiments","Frank's","Frank's RedHot Original Cayenne Pepper Sauce","Frank's RedHot Original Cayenne Pepper Sauce","4.89","0.0","","12 oz","12 oz","1575.jpg",,"2"
"8174","Cooking Needs","Condiments & Sauces","Condiments","Frank's","Frank's RedHot Sweet Chili Sauce","Frank's RedHot Sweet Chili Sauce","2.49","0.0","","12 fl oz","12 fl oz","1576.jpg",,"2"
"8175","Cooking Needs","Condiments & Sauces","Condiments","French's","French's Classic Yellow Mustard","French's Classic Yellow Mustard","2.09","0.0","","14 oz","14 oz","1568.jpg",,"2"
"8176","Cooking Needs","Condiments & Sauces","Condiments","French's","French's Classic Yellow Mustard","French's Classic Yellow Mustard","1.29","0.0","","8 oz","8 oz","1570.jpg",,"2"
"8177","Cooking Needs","Condiments & Sauces","Condiments","French's","French's Honey Mustard","French's Honey Mustard","2.49","0.0","","12 oz","12 oz","1573.jpg",,"2"
"8178","Cooking Needs","Condiments & Sauces","Condiments","French's","French's Honey Mustard Dipping Sauce","French's Honey Mustard Dipping Sauce","2.49","0.0","","12 oz","12 oz","15373.jpg",,"2"
"8179","Cooking Needs","Condiments & Sauces","Condiments","French's","French's Spicy Brown Mustard Squeeze Bottle","French's Spicy Brown Mustard Squeeze Bottle","2.49","0.0","","18 oz","18 oz","1569.jpg",,"2"
"8180","Cooking Needs","Condiments & Sauces","Condiments","French's","French's Tomato Ketchup","French's Tomato Ketchup","2.49","0.0","","32 oz","32 oz","1572.jpg",,"2"
"8181","Cooking Needs","Condiments & Sauces","Condiments","Goya","Goya Hot Sauce Salsa Picante","Goya Hot Sauce Salsa Picante","1.29","0.0","","6 fl oz","6 fl oz","1579.jpg",,"7"
"8182","Cooking Needs","Condiments & Sauces","Condiments","Goya","Goya Hot Sauce Salsa Picante","Goya Hot Sauce Salsa Picante","2.79","0.0","","8 fl oz","8 fl oz","No Image.jpg",,"7"
"8183","Cooking Needs","Condiments & Sauces","Condiments","Goya","Goya Hot Sauce, Bottle","Goya Hot Sauce, Bottle","2.09","0.0","","12 fl oz","12 fl oz","1581.jpg",,"7"
"8184","Cooking Needs","Condiments & Sauces","Condiments","Goya","Goya Salsita Hot Sauce Pure Fire Ripe Habanero Chiles","Goya Salsita Hot Sauce Pure Fire Ripe Habanero Chiles","2.79","0.0","","8 fl oz","8 fl oz","1580.jpg",,"7"
"8185","Cooking Needs","Condiments & Sauces","Condiments","Grey Poupon","Grey Poupon Country Dijon Mustard","Grey Poupon Country Dijon Mustard","3.59","0.0","","8 oz","8 oz","15355.jpg",,"2"
"8186","Cooking Needs","Condiments & Sauces","Condiments","Grey Poupon","Grey Poupon Dijon Mustard","Grey Poupon Dijon Mustard","3.69","0.0","","10 oz","10 oz","15359.jpg",,"2"
"8187","Cooking Needs","Condiments & Sauces","Condiments","Grey Poupon","Grey Poupon Dijon Mustard","Grey Poupon Dijon Mustard","3.09","0.0","","8 oz","8 oz","15361.jpg",,"2"
"8188","Cooking Needs","Condiments & Sauces","Condiments","Gulden's","Gulden's Spicy Brown Mustard","Gulden's Spicy Brown Mustard","1.59","0.0","","12 oz","12 oz","15353.jpg",,"2"
"8189","Cooking Needs","Condiments & Sauces","Condiments","Gulden's","Gulden's Spicy Brown Mustard","Gulden's Spicy Brown Mustard","1.29","0.0","","8 oz","8 oz","15357.jpg",,"2"
"8190","Cooking Needs","Condiments & Sauces","Condiments","Heinz","Heinz No Sugar Added Tomato Ketchup","Heinz No Sugar Added Tomato Ketchup","3.09","0.0","","13 oz","13 oz","1555.jpg",,"2"
"8191","Cooking Needs","Condiments & Sauces","Condiments","Heinz","Heinz Organic Certified Tomato Ketchup","Heinz Organic Certified Tomato Ketchup","3.09","0.0","","14 oz","14 oz","1557.jpg",,"2"
"8192","Cooking Needs","Condiments & Sauces","Condiments","Heinz","Heinz Original Tomato Ketchup","Heinz Original Tomato Ketchup","7.99","0.0","","2 x 50.5 oz","2 x 50.5 oz","1561.jpg",,"2"
"8193","Cooking Needs","Condiments & Sauces","Condiments","Heinz","Heinz Tomato Ketchup","Heinz Tomato Ketchup","2.49","0.0","","20 oz","20 oz","1553.jpg",,"2"
"8194","Cooking Needs","Condiments & Sauces","Condiments","Heinz","Heinz Tomato Ketchup","Heinz Tomato Ketchup","2.09","0.0","","14 oz","14 oz","1554.jpg",,"2"
"8195","Cooking Needs","Condiments & Sauces","Condiments","Heinz","Heinz Tomato Ketchup","Heinz Tomato Ketchup","4.36","0.0","","38 oz","38 oz","1556.jpg",,"2"
"8196","Cooking Needs","Condiments & Sauces","Condiments","Heinz","Heinz Tomato Ketchup","Heinz Tomato Ketchup","4.29","0.0","","34 oz","34 oz","1558.jpg",,"2"
"8197","Cooking Needs","Condiments & Sauces","Condiments","Heinz","Heinz Tomato Ketchup","Heinz Tomato Ketchup","5.49","0.0","","64 oz","64 oz","1560.jpg",,"2"
"8198","Cooking Needs","Condiments & Sauces","Condiments","Hellmann's","Hellmann's Light Mayonnaise Light Mayo Squeeze Bottle","Hellmann's Light Mayonnaise Light Mayo Squeeze Bottle","4.89","0.0","","20 oz","20 oz","17963.jpg",,"2"
"8199","Cooking Needs","Condiments & Sauces","Condiments","Hellmann's","Hellmann's Light Mayonnaise Squeeze Mayo","Hellmann's Light Mayonnaise Squeeze Mayo","3.69","0.0","","11.5 fl oz","11.5 fl oz","17958.jpg",,"2"
"8200","Cooking Needs","Condiments & Sauces","Condiments","Hellmann's","Hellmann's Mayonnaise Dressing Low Fat","Hellmann's Mayonnaise Dressing Low Fat","4.89","0.0","","30 oz","30 oz","1541.jpg",,"2"
"8201","Cooking Needs","Condiments & Sauces","Condiments","Hellmann's","Hellmann's Mayonnaise Dressing With Olive Oil Mayo","Hellmann's Mayonnaise Dressing With Olive Oil Mayo","4.89","0.0","","30 fl oz","30 fl oz","17964.jpg",,"2"
"8202","Cooking Needs","Condiments & Sauces","Condiments","Hellmann's","Hellmann's Mayonnaise Light","Hellmann's Mayonnaise Light","3.69","0.0","","15 fl oz","15 fl oz","1542.jpg",,"2"
"8203","Cooking Needs","Condiments & Sauces","Condiments","Hellmann's","Hellmann's Mayonnaise Real Mayo","Hellmann's Mayonnaise Real Mayo","4.89","0.0","","30 oz","30 oz","17960.jpg",,"2"
"8204","Cooking Needs","Condiments & Sauces","Condiments","Hellmann's","Hellmann's Mayonnaise, Real","Hellmann's Mayonnaise, Real","8.59","0.0","","48 fl oz","48 fl oz","17957.jpg",,"2"
"8205","Cooking Needs","Condiments & Sauces","Condiments","Hellmann's","Hellmann's Mayonnaise, Real","Hellmann's Mayonnaise, Real","4.89","0.0","","20 fl oz","20 fl oz","17962.jpg",,"2"
"8206","Cooking Needs","Condiments & Sauces","Condiments","Hellmann's","Hellmann's Real Mayonnaise","Hellmann's Real Mayonnaise","4.89","0.0","","36 oz","36 oz","1543.jpg",,"2"
"8207","Cooking Needs","Condiments & Sauces","Condiments","Hellmann's","Hellmann's Real Mayonnaise","Hellmann's Real Mayonnaise","4.89","0.0","","22 fl oz","22 fl oz","1549.jpg",,"2"
"8208","Cooking Needs","Condiments & Sauces","Condiments","Hellmann's","Hellmann's Real Mayonnaise & Knorr Mix","Hellmann's Real Mayonnaise & Knorr Mix","4.89","0.0","","30 oz","30 oz","1552.jpg",,"2"
"8209","Cooking Needs","Condiments & Sauces","Condiments","Hellmann's","Hellmann's Real Mayonnaise Canola Cholesterol Free Mayo","Hellmann's Real Mayonnaise Canola Cholesterol Free Mayo","4.89","0.0","","30 oz","30 oz","1551.jpg",,"2"
"8210","Cooking Needs","Condiments & Sauces","Condiments","Hellmann's","Hellmann's Real Mayonnaise Real Mayo","Hellmann's Real Mayonnaise Real Mayo","3.89","0.0","","15 fl oz","15 fl oz","17961.jpg",,"2"
"8211","Cooking Needs","Condiments & Sauces","Condiments","Hellmann's","Hellmann's Real Mayonnaise Real Mayo Squeeze Bottle","Hellmann's Real Mayonnaise Real Mayo Squeeze Bottle","3.69","0.0","","11.5 oz","11.5 oz","17956.jpg",,"2"
"8212","Cooking Needs","Condiments & Sauces","Condiments","Hellmann's","Hellmann's Tartar Sauce","Hellmann's Tartar Sauce","2.19","0.0","","9 fl oz","9 fl oz","1545.jpg",,"2"
"8213","Cooking Needs","Condiments & Sauces","Condiments","Hellmann's","Hellmann's Tartar Sauce","Hellmann's Tartar Sauce","3.09","0.0","","11.5 oz","11.5 oz","1550.jpg",,"2"
"8214","Cooking Needs","Condiments & Sauces","Condiments","Howard's","Howard's Hot Pepper Relish","Howard's Hot Pepper Relish","5.49","0.0","","11 oz","11 oz","15368.jpg",,"2"
"8215","Cooking Needs","Condiments & Sauces","Condiments","Inglehoffer","Inglehoffer Mustard, Traditional Dijon","Inglehoffer Mustard, Traditional Dijon","3.69","0.0","","9 oz","9 oz","15347.jpg",,"2"
"8216","Cooking Needs","Condiments & Sauces","Condiments","Joseph's","Joseph's Hommus Dip Chocolate","Joseph's Hommus Dip Chocolate","4.29","0.0","","16 oz","16 oz","15346.jpg",,"1"
"8217","Cooking Needs","Condiments & Sauces","Condiments","Kabuto","Kabuto Soy Sauce Less Sodium","Kabuto Soy Sauce Less Sodium","2.71","0.0","","10 fl oz","10 fl oz","15391.jpg",,"3"
"8218","Cooking Needs","Condiments & Sauces","Condiments","Kosciusko","Kosciusko Spicy Brown Mustard","Kosciusko Spicy Brown Mustard","2.49","0.0","","9 oz","9 oz","15379.jpg",,"2"
"8219","Cooking Needs","Condiments & Sauces","Condiments","Kraft","Kraft Light Dressing","Kraft Light Dressing","3.69","0.0","","30 fl oz","30 fl oz","15383.jpg",,"2"
"8220","Cooking Needs","Condiments & Sauces","Condiments","Kraft","Kraft Miracle Whip Fat Free Dressing","Kraft Miracle Whip Fat Free Dressing","3.69","0.0","","30 fl oz","30 fl oz","17921.jpg",,"2"
"8221","Cooking Needs","Condiments & Sauces","Condiments","Kraft","Kraft Miracle Whip Miracle Whip Dressing","Kraft Miracle Whip Miracle Whip Dressing","3.69","0.0","","15 fl oz","15 fl oz","1591.jpg",,"2"
"8222","Cooking Needs","Condiments & Sauces","Condiments","Kraft","Kraft Miracle Whip Olive Oil Dressing","Kraft Miracle Whip Olive Oil Dressing","3.69","0.0","","30 fl oz","30 fl oz","1592.jpg",,"2"
"8223","Cooking Needs","Condiments & Sauces","Condiments","Kraft","Kraft Miracle Whip Original Dressing","Kraft Miracle Whip Original Dressing","3.69","0.0","","30 fl oz","30 fl oz","1590.jpg",,"2"
"8224","Cooking Needs","Condiments & Sauces","Condiments","Lavant","Lavant Tahina","Lavant Tahina","3.09","0.0","","16 oz","16 oz","No Image.jpg",,"2"
"8225","Cooking Needs","Condiments & Sauces","Condiments","Lea & Perrins","Lea & Perrins Original Worcestershire Sauce","Lea & Perrins Original Worcestershire Sauce","3.69","0.0","","15 oz","15 oz","No Image.jpg",,"2"
"8226","Cooking Needs","Condiments & Sauces","Condiments","Lea & Perrins","Lea & Perrins The Original Worcestershire Sauce","Lea & Perrins The Original Worcestershire Sauce","4.89","0.0","","15 fl oz","15 fl oz","15349.jpg",,"2"
"8227","Cooking Needs","Condiments & Sauces","Condiments","Louisiana","Louisiana The Original Perfect Hot Sauce","Louisiana The Original Perfect Hot Sauce","1.29","0.0","","6 fl oz","6 fl oz","15356.jpg",,"2"
"8228","Cooking Needs","Condiments & Sauces","Condiments","Maille","Maille Mustard Dijon Originale","Maille Mustard Dijon Originale","3.69","0.0","","7.5 oz","7.5 oz","15371.jpg",,"2"
"8229","Cooking Needs","Condiments & Sauces","Condiments","Maille","Maille Mustard Honey Dijon","Maille Mustard Honey Dijon","4.69","0.0","","8.1 oz","8.1 oz","15386.jpg",,"2"
"8230","Cooking Needs","Condiments & Sauces","Condiments","Maille","Maille Mustard Old Style","Maille Mustard Old Style","4.69","0.0","","7.3 oz","7.3 oz","15382.jpg",,"2"
"8231","Cooking Needs","Condiments & Sauces","Condiments","Market Basket","Market Basket Chili Sauce","Market Basket Chili Sauce","1.69","0.0","","12 oz","12 oz","Market Basket.jpg",,"2"
"8232","Cooking Needs","Condiments & Sauces","Condiments","Market Basket","Market Basket Cocktail Sauce","Market Basket Cocktail Sauce","1.69","0.0","","12 oz","12 oz","Market Basket.jpg",,"2"
"8233","Cooking Needs","Condiments & Sauces","Condiments","Market Basket","Market Basket Honey Barbecue Sauce","Market Basket Honey Barbecue Sauce","1.59","0.0","","1 ct","1 ct","Market Basket.jpg",,"2"
"8234","Cooking Needs","Condiments & Sauces","Condiments","Market Basket","Market Basket Honey Mustard","Market Basket Honey Mustard","1.49","0.0","","12 oz","12 oz","Market Basket.jpg",,"2"
"8235","Cooking Needs","Condiments & Sauces","Condiments","Market Basket","Market Basket Horseradish Mustard","Market Basket Horseradish Mustard","1.09","0.0","","12 oz","12 oz","Market Basket.jpg",,"2"
"8236","Cooking Needs","Condiments & Sauces","Condiments","Market Basket","Market Basket Hot Dog Relish","Market Basket Hot Dog Relish","1.59","0.0","","10 oz","10 oz","Market Basket.jpg",,"2"
"8237","Cooking Needs","Condiments & Sauces","Condiments","Market Basket","Market Basket Hot Sauce","Market Basket Hot Sauce","1.29","0.0","","12 fl oz","12 fl oz","Market Basket.jpg",,"2"
"8238","Cooking Needs","Condiments & Sauces","Condiments","Market Basket","Market Basket Light Mayo","Market Basket Light Mayo","1.69","0.0","","15 oz","15 oz","Market Basket.jpg",,"2"
"8239","Cooking Needs","Condiments & Sauces","Condiments","Market Basket","Market Basket Light Reduced Calorie Mayonnaise","Market Basket Light Reduced Calorie Mayonnaise","2.69","0.0","","30 fl oz","30 fl oz","Market Basket.jpg",,"2"
"8240","Cooking Needs","Condiments & Sauces","Condiments","Market Basket","Market Basket Mayonnaise","Market Basket Mayonnaise","2.69","0.0","","32 fl oz","32 fl oz","Market Basket.jpg",,"2"
"8241","Cooking Needs","Condiments & Sauces","Condiments","Market Basket","Market Basket Mustard","Market Basket Mustard","1.29","0.0","","24 oz","24 oz","Market Basket.jpg",,"2"
"8242","Cooking Needs","Condiments & Sauces","Condiments","Market Basket","Market Basket Mustard","Market Basket Mustard","1.49","0.0","","1 ct","1 ct","Market Basket.jpg",,"2"
"8243","Cooking Needs","Condiments & Sauces","Condiments","Market Basket","Market Basket Mustard","Market Basket Mustard","1.89","0.0","","8 oz","8 oz","Market Basket.jpg",,"2"
"8244","Cooking Needs","Condiments & Sauces","Condiments","Market Basket","Market Basket Mustard Relish","Market Basket Mustard Relish","1.59","0.0","","9 fl oz","9 fl oz","Market Basket.jpg",,"2"
"8245","Cooking Needs","Condiments & Sauces","Condiments","Market Basket","Market Basket Spicy Brown Mustard","Market Basket Spicy Brown Mustard","1.09","0.0","","12 oz","12 oz","Market Basket.jpg",,"2"
"8246","Cooking Needs","Condiments & Sauces","Condiments","Market Basket","Market Basket Squeezable Mayonnaise","Market Basket Squeezable Mayonnaise","1.89","0.0","","12 fl oz","12 fl oz","Market Basket.jpg",,"2"
"8247","Cooking Needs","Condiments & Sauces","Condiments","Market Basket","Market Basket Sweet Relish","Market Basket Sweet Relish","1.89","0.0","","16 fl oz","16 fl oz","Market Basket.jpg",,"2"
"8248","Cooking Needs","Condiments & Sauces","Condiments","Market Basket","Market Basket Sweet Relish","Market Basket Sweet Relish","1.59","0.0","","10 fl oz","10 fl oz","Market Basket.jpg",,"2"
"8249","Cooking Needs","Condiments & Sauces","Condiments","Market Basket","Market Basket Tomato Ketchup","Market Basket Tomato Ketchup","1.29","0.0","","24 oz","24 oz","Market Basket.jpg",,"2"
"8250","Cooking Needs","Condiments & Sauces","Condiments","Market Basket","Market Basket Tomato Ketchup","Market Basket Tomato Ketchup","1.29","0.0","","24 oz","24 oz","Market Basket.jpg",,"2"
"8251","Cooking Needs","Condiments & Sauces","Condiments","Market Basket","Market Basket Tomato Ketchup","Market Basket Tomato Ketchup","3.09","0.0","","64 oz","64 oz","Market Basket.jpg",,"2"
"8252","Cooking Needs","Condiments & Sauces","Condiments","Market Basket","Market Basket Traditional Yellow Mustard","Market Basket Traditional Yellow Mustard","0.99","0.0","","14 oz","14 oz","Market Basket.jpg",,"2"
"8253","Cooking Needs","Condiments & Sauces","Condiments","Market Basket","Market Basket Worcestershire Sauce","Market Basket Worcestershire Sauce","1.29","0.0","","10 fl oz","10 fl oz","Market Basket.jpg",,"2"
"8254","Cooking Needs","Condiments & Sauces","Condiments","Market Basket","Mayonnaise","Mayonnaise","1.89","0.0","","1 ct","1 ct","Market Basket.jpg",,"2"
"8255","Cooking Needs","Condiments & Sauces","Condiments","McCormick","McCormick Golden Dipt Seafood Cocktail Sauce","McCormick Golden Dipt Seafood Cocktail Sauce","2.49","0.0","","8 fl oz","8 fl oz","15364.jpg",,"2"
"8256","Cooking Needs","Condiments & Sauces","Condiments","Mt. Olive","Mt. Olive Deli Style Dill Relish","Mt. Olive Deli Style Dill Relish","1.89","0.0","","16 fl oz","16 fl oz","15352.jpg",,"2"
"8257","Cooking Needs","Condiments & Sauces","Condiments","Mt. Olive","Mt. Olive Deli Style Sweet Relish","Mt. Olive Deli Style Sweet Relish","3.19","0.0","","16 fl oz","16 fl oz","15365.jpg",,"2"
"8258","Cooking Needs","Condiments & Sauces","Condiments","Newman's Own","Newman's Own Mild Salsa","Newman's Own Mild Salsa","3.09","0.0","","16 oz","16 oz","15378.jpg",,"0"
"8259","Cooking Needs","Condiments & Sauces","Condiments","Ortega","Ortega Taco Sauce Original Thick & Smooth Medium","Ortega Taco Sauce Original Thick & Smooth Medium","1.89","0.0","","8 oz","8 oz","15350.jpg",,"7"
"8260","Cooking Needs","Condiments & Sauces","Condiments","Ortega","Ortega Taco Sauce Original Thick & Smooth Mild","Ortega Taco Sauce Original Thick & Smooth Mild","1.89","0.0","","8 oz","8 oz","15375.jpg",,"7"
"8261","Cooking Needs","Condiments & Sauces","Condiments","Oscar Mayer","Oscar Mayer Organic Yellow Mustard","Oscar Mayer Organic Yellow Mustard","2.49","0.0","","8 oz","8 oz","15372.jpg",,"2"
"8262","Cooking Needs","Condiments & Sauces","Condiments","Reese","Reese Prepared Horseradish","Reese Prepared Horseradish","3.29","0.0","","6.5 oz","6.5 oz","15369.jpg",,"2"
"8263","Cooking Needs","Condiments & Sauces","Condiments","Sesame King","Sesame King Roasted Tahini","Sesame King Roasted Tahini","3.69","0.0","","16 oz","16 oz","17959.jpg",,"2"
"8264","Cooking Needs","Condiments & Sauces","Condiments","Smart Balance","Smart Balance Mayo Light Mayonnaise","Smart Balance Mayo Light Mayonnaise","4.29","0.0","","32 fl oz","32 fl oz","15366.jpg",,"2"
"8265","Cooking Needs","Condiments & Sauces","Condiments","Spectrum","Spectrum Organic Mayonnaise","Spectrum Organic Mayonnaise","7.09","0.0","","16 oz","16 oz","15389.jpg",,"2"
"8266","Cooking Needs","Condiments & Sauces","Condiments","Tabasco","Tabasco Green Pepper Sauce","Tabasco Green Pepper Sauce","1.69","0.0","","2 fl oz","2 fl oz","1584.jpg",,"2"
"8267","Cooking Needs","Condiments & Sauces","Condiments","Tabasco","Tabasco Original Flavor Pepper Sauce","Tabasco Original Flavor Pepper Sauce","6.09","0.0","","12 fl oz","12 fl oz","1585.jpg",,"2"
"8268","Cooking Needs","Condiments & Sauces","Condiments","Tabasco","Tabasco Pepper Sauce","Tabasco Pepper Sauce","3.69","0.0","","5 oz","5 oz","1583.jpg",,"2"
"8269","Cooking Needs","Condiments & Sauces","Condiments","Tabasco","Tabasco Pepper Sauce","Tabasco Pepper Sauce","1.69","0.0","","2 oz","2 oz","No Image.jpg",,"2"
"8270","Cooking Needs","Condiments & Sauces","Condiments","Tabasco","Tabasco Pepper Sauce Original","Tabasco Pepper Sauce Original","1.69","0.0","","2 fl oz","2 fl oz","1582.jpg",,"2"
"8271","Cooking Needs","Condiments & Sauces","Condiments","Walden Farms","Walden Farms Ketchup, Calorie Free","Walden Farms Ketchup, Calorie Free","3.09","0.0","","12 oz","12 oz","15348.jpg",,"2"
"8272","Cooking Needs","Condiments & Sauces","Condiments","Wickles","Wickles Relish","Wickles Relish","3.69","0.0","","16 fl oz","16 fl oz","15377.jpg",,"2"
"8273","Cooking Needs","Condiments & Sauces","Condiments","Woeber's","Woeber's Horseradish Sauce","Woeber's Horseradish Sauce","3.29","0.0","","16 oz","16 oz","15388.jpg",,"2"
"8274","Cooking Needs","Condiments & Sauces","Condiments","Woeber's","Woeber's Whole Grain Dijon Mustard","Woeber's Whole Grain Dijon Mustard","1.29","0.0","","4.25 oz","4.25 oz","No Image.jpg",,"2"
"8275","Cooking Needs","Condiments & Sauces","Fresh Dips & Tapenades","Cabot","Cabot French Onion Dip","Cabot French Onion Dip","3.09","0.0","","12 oz","12 oz","17327.jpg",,"1"
"8276","Cooking Needs","Condiments & Sauces","Fresh Dips & Tapenades","Cabot Creamery","Cabot Creamery Dip, French Onion","Cabot Creamery Dip, French Onion","3.09","0.0","","1.5 lb","1.5 lb","17329.jpg",,"1"
"8277","Cooking Needs","Condiments & Sauces","Fresh Dips & Tapenades","Cedar","Cedar Garlic Hommus","Cedar Garlic Hommus","2.49","0.0","","8 oz","8 oz","5505.jpg",,"1"
"8278","Cooking Needs","Condiments & Sauces","Fresh Dips & Tapenades","Cedar","Cedar Garlic Hommus","Cedar Garlic Hommus","7.09","0.0","","16 oz","16 oz","5512.jpg",,"N/A"
"8279","Cooking Needs","Condiments & Sauces","Fresh Dips & Tapenades","Cedar","Cedar Greek Style Yogurt Dip, Buffalo Bleu Cheese","Cedar Greek Style Yogurt Dip, Buffalo Bleu Cheese","2.49","0.0","","11 oz","11 oz","No Image.jpg",,"N/A"
"8280","Cooking Needs","Condiments & Sauces","Fresh Dips & Tapenades","Cedar","Cedar Hommus Artichoke Kalamata","Cedar Hommus Artichoke Kalamata","2.49","0.0","","8 oz","8 oz","5503.jpg",,"N/A"
"8281","Cooking Needs","Condiments & Sauces","Fresh Dips & Tapenades","Cedar","Cedar Hommus Classic Original","Cedar Hommus Classic Original","2.49","0.0","","8 oz","8 oz","5499.jpg",,"1"
"8282","Cooking Needs","Condiments & Sauces","Fresh Dips & Tapenades","Cedar","Cedar Hommus Classic Original","Cedar Hommus Classic Original","4.89","0.0","","20 oz","20 oz","5509.jpg",,"1"
"8283","Cooking Needs","Condiments & Sauces","Fresh Dips & Tapenades","Cedar","Cedar Hommus Classic Original","Cedar Hommus Classic Original","6.99","0.0","","16 oz","16 oz","5510.jpg",,"1"
"8284","Cooking Needs","Condiments & Sauces","Fresh Dips & Tapenades","Cedar","Cedar Hommus Zesty Lemon","Cedar Hommus Zesty Lemon","2.49","0.0","","8 oz","8 oz","5508.jpg",,"N/A"
"8285","Cooking Needs","Condiments & Sauces","Fresh Dips & Tapenades","Cedar","Cedar Hommus, Artichoke Spinach","Cedar Hommus, Artichoke Spinach","3.69","0.0","","8 oz","8 oz","5507.jpg",,"N/A"
"8286","Cooking Needs","Condiments & Sauces","Fresh Dips & Tapenades","Cedar","Cedar Hommus, Garlic","Cedar Hommus, Garlic","3.69","0.0","","20 oz","20 oz","5501.jpg",,"N/A"
"8287","Cooking Needs","Condiments & Sauces","Fresh Dips & Tapenades","Cedar","Cedar Hommus, Organic, Garlic","Cedar Hommus, Organic, Garlic","4.89","0.0","","8 oz","8 oz","5515.jpg",,"N/A"
"8288","Cooking Needs","Condiments & Sauces","Fresh Dips & Tapenades","Cedar","Cedar Hommus, Original","Cedar Hommus, Original","3.29","0.0","","4 x 2.5 oz","4 x 2.5 oz","5497.jpg",,"1"
"8289","Cooking Needs","Condiments & Sauces","Fresh Dips & Tapenades","Cedar","Cedar Hommus, Red Pepper, Roasted","Cedar Hommus, Red Pepper, Roasted","6.99","0.0","","16 oz","16 oz","5514.jpg",,"1"
"8290","Cooking Needs","Condiments & Sauces","Fresh Dips & Tapenades","Cedar","Cedar Organic Red Pepper Hommus","Cedar Organic Red Pepper Hommus","5.09","0.0","","8 oz","8 oz","5516.jpg",,"N/A"
"8291","Cooking Needs","Condiments & Sauces","Fresh Dips & Tapenades","Cedar","Cedar Roasted Red Pepper Hommus","Cedar Roasted Red Pepper Hommus","2.49","0.0","","8 oz","8 oz","5502.jpg",,"N/A"
"8292","Cooking Needs","Condiments & Sauces","Fresh Dips & Tapenades","Cedar","Cedar Roasted Red Pepper Hummus","Cedar Roasted Red Pepper Hummus","3.69","0.0","","20 oz","20 oz","No Image.jpg",,"1"
"8293","Cooking Needs","Condiments & Sauces","Fresh Dips & Tapenades","Cedar","Cedar Spinach Dip","Cedar Spinach Dip","3.29","0.0","","12 oz","12 oz","5506.jpg",,"1"
"8294","Cooking Needs","Condiments & Sauces","Fresh Dips & Tapenades","Cedar","Cedar Stuffed Grape Leaves","Cedar Stuffed Grape Leaves","5.39","0.0","","8 oz","8 oz","5504.jpg",,"1"
"8295","Cooking Needs","Condiments & Sauces","Fresh Dips & Tapenades","Cedar","Cedar Tzatziki Cucumber Garlic Dill","Cedar Tzatziki Cucumber Garlic Dill","5.59","0.0","","12 oz","12 oz","5500.jpg",,"1"
"8296","Cooking Needs","Condiments & Sauces","Fresh Dips & Tapenades","El Yucatan","El Yucatan Guacamole Authentic Flavor","El Yucatan Guacamole Authentic Flavor","4.89","0.0","","16 oz","16 oz","5555.jpg",,"1"
"8297","Cooking Needs","Condiments & Sauces","Fresh Dips & Tapenades","El Yucatan","El Yucatan Guacamole Organic","El Yucatan Guacamole Organic","4.89","0.0","","8 oz","8 oz","5557.jpg",,"N/A"
"8298","Cooking Needs","Condiments & Sauces","Fresh Dips & Tapenades","El Yucatan","El Yucatan Guacamole Spicy","El Yucatan Guacamole Spicy","5.23","0.0","","16 oz","16 oz","5556.jpg",,"1"
"8299","Cooking Needs","Condiments & Sauces","Fresh Dips & Tapenades","Cedar","Cedar Fresh Bruschetta","Cedar Fresh Bruschetta","3.09","0.0","","16 oz","16 oz","5511.jpg",,"20"
"8300","Cooking Needs","Condiments & Sauces","Fresh Dips & Tapenades","Heluva Good!","Heluva Good! ! Bacon Horseradish Sour Cream Dip","Heluva Good! ! Bacon Horseradish Sour Cream Dip","2.09","0.0","","12 oz","12 oz","5534.jpg",,"N/A"
"8301","Cooking Needs","Condiments & Sauces","Fresh Dips & Tapenades","Heluva Good!","Heluva Good! ! Dip French Onion","Heluva Good! ! Dip French Onion","3.69","0.0","","680 g","680 g","5529.jpg",,"1"
"8302","Cooking Needs","Condiments & Sauces","Fresh Dips & Tapenades","Heluva Good!","Heluva Good! ! French Onion Sour Cream Dip","Heluva Good! ! French Onion Sour Cream Dip","2.09","0.0","","12 oz","12 oz","5528.jpg",,"1"
"8303","Cooking Needs","Condiments & Sauces","Fresh Dips & Tapenades","Heluva Good!","Heluva Good! ! Jalapeno Cheddar Sour Cream Dip","Heluva Good! ! Jalapeno Cheddar Sour Cream Dip","2.09","0.0","","12 oz","12 oz","5531.jpg",,"1"
"8304","Cooking Needs","Condiments & Sauces","Fresh Dips & Tapenades","Heluva Good!","Heluva Good! Bodacious Onion Sour Cream Dip","Heluva Good! Bodacious Onion Sour Cream Dip","2.09","0.0","","12 oz","12 oz","5532.jpg",,"N/A"
"8305","Cooking Needs","Condiments & Sauces","Fresh Dips & Tapenades","Joseph's","Joseph's Black Bean Salad","Joseph's Black Bean Salad","3.69","0.0","","14 oz","14 oz","5527.jpg",,"1"
"8306","Cooking Needs","Condiments & Sauces","Fresh Dips & Tapenades","Joseph's","Joseph's Chick Pea Salad","Joseph's Chick Pea Salad","3.69","0.0","","16 oz","16 oz","5523.jpg",,"N/A"
"8307","Cooking Needs","Condiments & Sauces","Fresh Dips & Tapenades","Joseph's","Joseph's Hommus Garlic","Joseph's Hommus Garlic","2.49","0.0","","8 oz","8 oz","5522.jpg",,"1"
"8308","Cooking Needs","Condiments & Sauces","Fresh Dips & Tapenades","Joseph's","Joseph's Hommus Original","Joseph's Hommus Original","4.29","0.0","","16 oz","16 oz","5520.jpg",,"1"
"8309","Cooking Needs","Condiments & Sauces","Fresh Dips & Tapenades","Joseph's","Joseph's Hommus Original","Joseph's Hommus Original","2.49","0.0","","8 oz","8 oz","5521.jpg",,"N/A"
"8310","Cooking Needs","Condiments & Sauces","Fresh Dips & Tapenades","Joseph's","Joseph's Hommus Roasted Red Pepper","Joseph's Hommus Roasted Red Pepper","2.49","0.0","","8 oz","8 oz","5517.jpg",,"1"
"8311","Cooking Needs","Condiments & Sauces","Fresh Dips & Tapenades","Joseph's","Joseph's Party Size Hommus Garlic Lovers","Joseph's Party Size Hommus Garlic Lovers","4.29","0.0","","16 oz","16 oz","5525.jpg",,"1"
"8312","Cooking Needs","Condiments & Sauces","Fresh Dips & Tapenades","Joseph's","Joseph's Party Size Hommus Red Pepper","Joseph's Party Size Hommus Red Pepper","4.29","0.0","","16 oz","16 oz","5518.jpg",,"1"
"8313","Cooking Needs","Condiments & Sauces","Fresh Dips & Tapenades","Joseph's","Joseph's Spicy Hommus Topped With Slow Roasted Ancho Chili Peppers","Joseph's Spicy Hommus Topped With Slow Roasted Ancho Chili Peppers","3.09","0.0","","10 oz","10 oz","5526.jpg",,"N/A"
"8314","Cooking Needs","Condiments & Sauces","Fresh Dips & Tapenades","Joseph's","Joseph's Stuffed Grape Leaves","Joseph's Stuffed Grape Leaves","3.69","0.0","","14 fl oz","14 fl oz","5519.jpg",,"1"
"8315","Cooking Needs","Condiments & Sauces","Fresh Dips & Tapenades","Joseph's","Joseph's Tzatziki Yogurt Dip Cucumber & Garlic","Joseph's Tzatziki Yogurt Dip Cucumber & Garlic","3.69","0.0","","12 oz","12 oz","5524.jpg",,"1"
"8316","Cooking Needs","Condiments & Sauces","Fresh Dips & Tapenades","Joseph's","Josephs Bruschetta, Tuscan Style","Josephs Bruschetta, Tuscan Style","3.29","0.0","","16 oz","16 oz","17326.jpg",,"N/A"
"8317","Cooking Needs","Condiments & Sauces","Fresh Dips & Tapenades","Joseph's","Josephs Spinach & Onion Dip","Josephs Spinach & Onion Dip","3.69","0.0","","12 oz","12 oz","17325.jpg",,"1"
"8318","Cooking Needs","Condiments & Sauces","Fresh Dips & Tapenades","La Mexicana","La Mexicana Salsa, Hot","La Mexicana Salsa, Hot","3.09","0.0","","16 oz","16 oz","5552.jpg",,"20"
"8319","Cooking Needs","Condiments & Sauces","Fresh Dips & Tapenades","La Mexicana","La Mexicana Salsa, Mango Peach, Mild","La Mexicana Salsa, Mango Peach, Mild","3.09","0.0","","16 oz","16 oz","5553.jpg",,"20"
"8320","Cooking Needs","Condiments & Sauces","Fresh Dips & Tapenades","La Mexicana","La Mexicana Salsa, Mild","La Mexicana Salsa, Mild","3.09","0.0","","16 oz","16 oz","5551.jpg",,"20"
"8321","Cooking Needs","Condiments & Sauces","Fresh Dips & Tapenades","La Mexicana","La Mexicana Salsa, Mild","La Mexicana Salsa, Mild","7.39","0.0","","48 oz","48 oz","5554.jpg",,"N/A"
"8322","Cooking Needs","Condiments & Sauces","Fresh Dips & Tapenades","Lake View Farms","Lake View Farms Classic Veggie Dip","Lake View Farms Classic Veggie Dip","1.89","0.0","","12 oz","12 oz","17330.jpg",,"N/A"
"8323","Cooking Needs","Condiments & Sauces","Fresh Dips & Tapenades","Luisa's","Luisa's Black Bean Taco Layered Fiesta Dip","Luisa's Black Bean Taco Layered Fiesta Dip","3.69","0.0","","18.5 oz","18.5 oz","No Image.jpg",,"N/A"
"8324","Cooking Needs","Condiments & Sauces","Fresh Dips & Tapenades","Market Basket","Classic Guacamole","Classic Guacamole","4.89","0.0","","12 oz","12 oz","Market Basket.jpg",,"1"
"8325","Cooking Needs","Condiments & Sauces","Fresh Dips & Tapenades","Market Basket","Market Basket Gravy","Market Basket Gravy","1.59","0.0","","12 fl oz","12 fl oz","Market Basket.jpg",,"N/A"
"8326","Cooking Needs","Condiments & Sauces","Fresh Dips & Tapenades","Marzetti","Marzetti Chocolate Fruit Dip","Marzetti Chocolate Fruit Dip","4.29","0.0","","15 oz","15 oz","5543.jpg",,"N/A"
"8327","Cooking Needs","Condiments & Sauces","Fresh Dips & Tapenades","Marzetti","Marzetti Cream Cheese Fruit Dip","Marzetti Cream Cheese Fruit Dip","4.69","0.0","","13.5 oz","13.5 oz","5542.jpg",,"N/A"
"8328","Cooking Needs","Condiments & Sauces","Fresh Dips & Tapenades","Marzetti","Marzetti Dill Veggie Dip","Marzetti Dill Veggie Dip","3.09","0.0","","14 oz","14 oz","5539.jpg",,"N/A"
"8329","Cooking Needs","Condiments & Sauces","Fresh Dips & Tapenades","Marzetti","Marzetti French Onion Veggie Dip","Marzetti French Onion Veggie Dip","3.09","0.0","","14 oz","14 oz","5540.jpg",,"20"
"8330","Cooking Needs","Condiments & Sauces","Fresh Dips & Tapenades","Marzetti","Marzetti Light French Onion Veggie Dip","Marzetti Light French Onion Veggie Dip","3.69","0.0","","14 oz","14 oz","5536.jpg",,"N/A"
"8331","Cooking Needs","Condiments & Sauces","Fresh Dips & Tapenades","Marzetti","Marzetti Light Ranch Veggie Dip","Marzetti Light Ranch Veggie Dip","3.69","0.0","","14 oz","14 oz","5537.jpg",,"20"
"8332","Cooking Needs","Condiments & Sauces","Fresh Dips & Tapenades","Marzetti","Marzetti Ranch Veggie Dip","Marzetti Ranch Veggie Dip","3.69","0.0","","14 oz","14 oz","5535.jpg",,"20"
"8333","Cooking Needs","Condiments & Sauces","Fresh Dips & Tapenades","Marzetti","Marzetti Spinach Veggie Dip","Marzetti Spinach Veggie Dip","3.09","0.0","","14 oz","14 oz","5538.jpg",,"N/A"
"8334","Cooking Needs","Condiments & Sauces","Fresh Dips & Tapenades","Marzetti","Marzetti Veggie Dip, Blue Cheese, Cup/Tub","Marzetti Veggie Dip, Blue Cheese, Cup/Tub","3.69","0.0","","14 oz","14 oz","5541.jpg",,"N/A"
"8335","Cooking Needs","Condiments & Sauces","Fresh Dips & Tapenades","Sabra","Sabra Hummus Classic","Sabra Hummus Classic","3.69","0.0","","10 oz","10 oz","5544.jpg",,"1"
"8336","Cooking Needs","Condiments & Sauces","Fresh Dips & Tapenades","Sabra","Sabra Hummus Roasted Pine Nt","Sabra Hummus Roasted Pine Nt","3.09","0.0","","10 oz","10 oz","5547.jpg",,"1"
"8337","Cooking Needs","Condiments & Sauces","Fresh Dips & Tapenades","Sabra","Sabra Roasted Garlic Hummus","Sabra Roasted Garlic Hummus","3.09","0.0","","10 oz","10 oz","5548.jpg",,"N/A"
"8338","Cooking Needs","Condiments & Sauces","Fresh Dips & Tapenades","Sabra","Sabra Roasted Red Pepper Hummus","Sabra Roasted Red Pepper Hummus","3.09","0.0","","10 oz","10 oz","5545.jpg",,"1"
"8339","Cooking Needs","Condiments & Sauces","Fresh Dips & Tapenades","Sabra","Sabra Spicy Guacamole","Sabra Spicy Guacamole","2.49","0.0","","8 oz","8 oz","5546.jpg",,"1"
"8340","Cooking Needs","Condiments & Sauces","Fresh Dips & Tapenades","Sabra","Sabra Supremely Spicy Hummus","Sabra Supremely Spicy Hummus","3.09","0.0","","10 oz","10 oz","5549.jpg",,"N/A"
"8341","Cooking Needs","Condiments & Sauces","Fresh Dips & Tapenades","San Pedro's","San Pedro's Salsa Mild","San Pedro's Salsa Mild","3.09","0.0","","16 oz","16 oz","17323.jpg",,"N/A"
"8342","Cooking Needs","Condiments & Sauces","Fresh Dips & Tapenades","Sea Gold","Sea Gold Seafood & Crab Dip","Sea Gold Seafood & Crab Dip","3.69","0.0","","7 oz","7 oz","17324.jpg",,"N/A"
"8343","Cooking Needs","Condiments & Sauces","Fresh Dips & Tapenades","Sea Gold","Sea Gold Seafood And Jalapeno Crab Dip","Sea Gold Seafood And Jalapeno Crab Dip","3.69","0.0","","7 oz","7 oz","17328.jpg",,"N/A"
"8344","Cooking Needs","Condiments & Sauces","Fresh Dips & Tapenades","Wholly Avocado","Wholly Avocado 100% Chunky Avocado Minis","Wholly Avocado 100% Chunky Avocado Minis","3.89","0.0","","4 x 2 oz","4 x 2 oz","17320.jpg",,"N/A"
"8345","Cooking Needs","Condiments & Sauces","Fresh Dips & Tapenades","Wholly Guacamole","Wholly Guacamole Classic Guacamole","Wholly Guacamole Classic Guacamole","2.49","0.0","","8 oz","8 oz","5560.jpg",,"0"
"8346","Cooking Needs","Condiments & Sauces","Fresh Dips & Tapenades","Wholly Guacamole","Wholly Guacamole Classic Guacamole Minis","Wholly Guacamole Classic Guacamole Minis","4.62","0.0","","4 x 2 oz","4 x 2 oz","5558.jpg",,"1"
"8347","Cooking Needs","Condiments & Sauces","Fresh Dips & Tapenades","Yucatan","Yucatan. Guacamole Mild","Yucatan. Guacamole Mild","4.89","0.0","","16 oz","16 oz","17321.jpg",,"1"
"8348","Cooking Needs","Condiments & Sauces","Honeys, Syrups & Nectars","Aunt Jemima","Aunt Jemima Butter Lite Syrup","Aunt Jemima Butter Lite Syrup","4.29","0.0","","24 fl oz","24 fl oz","1601.jpg",,"3"
"8349","Cooking Needs","Condiments & Sauces","Honeys, Syrups & Nectars","Aunt Jemima","Aunt Jemima Original Lite Syrup","Aunt Jemima Original Lite Syrup","3.09","0.0","","24 fl oz","24 fl oz","1599.jpg",,"3"
"8350","Cooking Needs","Condiments & Sauces","Honeys, Syrups & Nectars","Aunt Jemima","Aunt Jemima Original Syrup","Aunt Jemima Original Syrup","4.29","0.0","","24 fl oz","24 fl oz","1598.jpg",,"3"
"8351","Cooking Needs","Condiments & Sauces","Honeys, Syrups & Nectars","Aunt Jemima","Aunt Jemima Syrup, Original","Aunt Jemima Syrup, Original","6.09","0.0","","64 oz","64 oz","1600.jpg",,"3"
"8352","Cooking Needs","Condiments & Sauces","Honeys, Syrups & Nectars","Ben's Sugar Shack","Ben's Sugar Shack 100% Maple Syrup","Ben's Sugar Shack 100% Maple Syrup","17.09","0.0","","1 ct","1 ct","No Image.jpg",,"3"
"8353","Cooking Needs","Condiments & Sauces","Honeys, Syrups & Nectars","Ben's Sugar Shack","Ben's Sugar Shack 100% Pure Maple Syrup","Ben's Sugar Shack 100% Pure Maple Syrup","6.09","0.0","","8 fl oz","8 fl oz","No Image.jpg",,"3"
"8354","Cooking Needs","Condiments & Sauces","Honeys, Syrups & Nectars","Billy Bee","Billy Bee Honey","Billy Bee Honey","5.79","0.0","","16 oz","16 oz","15396.jpg",,"3"
"8355","Cooking Needs","Condiments & Sauces","Honeys, Syrups & Nectars","Cary's","Cary's Sugar Free Low Calorie Syrup","Cary's Sugar Free Low Calorie Syrup","3.09","0.0","","24 oz","24 oz","15397.jpg",,"3"
"8356","Cooking Needs","Condiments & Sauces","Honeys, Syrups & Nectars","Coffee Time","Coffee Time Coffee Syrup","Coffee Time Coffee Syrup","2.99","0.0","","16 oz","16 oz","No Image.jpg",,"3"
"8357","Cooking Needs","Condiments & Sauces","Honeys, Syrups & Nectars","Coombs Family Farms","Coombs Family Farms Organic Maple Syrup","Coombs Family Farms Organic Maple Syrup","6.24","0.0","","8 oz","8 oz","1603.jpg",,"3"
"8358","Cooking Needs","Condiments & Sauces","Honeys, Syrups & Nectars","Coombs Family Farms","Coombs Family Farms Organic Maple Syrup","Coombs Family Farms Organic Maple Syrup","29.99","0.0","","32 fl oz","32 fl oz","1604.jpg",,"3"
"8359","Cooking Needs","Condiments & Sauces","Honeys, Syrups & Nectars","Crosby's","Crosby's Fancy Molasses","Crosby's Fancy Molasses","2.99","0.0","","16 fl oz","16 fl oz","15398.jpg",,"3"
"8360","Cooking Needs","Condiments & Sauces","Honeys, Syrups & Nectars","Golden Blossom Honey","Golden Blossom Honey Brand Organic White Forest Honey","Golden Blossom Honey Brand Organic White Forest Honey","6.79","0.0","","12 oz","12 oz","1606.jpg",,"3"
"8361","Cooking Needs","Condiments & Sauces","Honeys, Syrups & Nectars","Golden Blossom Honey","Golden Blossom Honey Honey 100% Pure U.S. Honey","Golden Blossom Honey Honey 100% Pure U.S. Honey","7.99","0.0","","24 oz","24 oz","1605.jpg",,"3"
"8362","Cooking Needs","Condiments & Sauces","Honeys, Syrups & Nectars","Gonsalves","Gonsalves Honey Orange Blossom","Gonsalves Honey Orange Blossom","6.69","0.0","","16 oz","16 oz","No Image.jpg",,"3"
"8363","Cooking Needs","Condiments & Sauces","Honeys, Syrups & Nectars","Goya","Goya Honey","Goya Honey","7.99","0.0","","16 oz","16 oz","1608.jpg",,"7"
"8364","Cooking Needs","Condiments & Sauces","Honeys, Syrups & Nectars","Goya","Goya Honey with Comb","Goya Honey with Comb","9.29","0.0","","16 oz","16 oz","1607.jpg",,"7"
"8365","Cooking Needs","Condiments & Sauces","Honeys, Syrups & Nectars","Hershey's","Hershey's Chocolate Lite Syrup","Hershey's Chocolate Lite Syrup","2.79","0.0","","18.5 fl oz","18.5 fl oz","1597.jpg",,"3"
"8366","Cooking Needs","Condiments & Sauces","Honeys, Syrups & Nectars","Hershey's","Hershey's Special Dark Mildly Sweet Chocolate Syrup","Hershey's Special Dark Mildly Sweet Chocolate Syrup","2.79","0.0","","22 oz","22 oz","1594.jpg",,"3"
"8367","Cooking Needs","Condiments & Sauces","Honeys, Syrups & Nectars","Hershey's","Hershey's Syrup","Hershey's Syrup","4.89","0.0","","24 fl oz","24 fl oz","No Image.jpg",,"3"
"8368","Cooking Needs","Condiments & Sauces","Honeys, Syrups & Nectars","Hershey's","Hershey's Syrup Sugar Free Genuine Chocolate Flavor","Hershey's Syrup Sugar Free Genuine Chocolate Flavor","4.29","0.0","","17.5 oz","17.5 oz","1595.jpg",,"3"
"8369","Cooking Needs","Condiments & Sauces","Honeys, Syrups & Nectars","Honeytree's","Honeytree's Light Agave Nectar","Honeytree's Light Agave Nectar","6.09","0.0","","23.5 oz","23.5 oz","No Image.jpg",,"3"
"8370","Cooking Needs","Condiments & Sauces","Honeys, Syrups & Nectars","Log Cabin","Log Cabin Syrup Original","Log Cabin Syrup Original","3.69","0.0","","24 fl oz","24 fl oz","15399.jpg",,"3"
"8371","Cooking Needs","Condiments & Sauces","Honeys, Syrups & Nectars","Madhava Agave","Madhava Agave, Light, Organic, Clean & Simple, Bottle","Madhava Agave, Light, Organic, Clean & Simple, Bottle","3.69","0.0","","11.75 oz","11.75 oz","15392.jpg",,"3"
"8372","Cooking Needs","Condiments & Sauces","Honeys, Syrups & Nectars","Maple Grove Farms","Maple Grove Farms Blueberry Syrup","Maple Grove Farms Blueberry Syrup","3.69","0.0","","8.5 fl oz","8.5 fl oz","1609.jpg",,"3"
"8373","Cooking Needs","Condiments & Sauces","Honeys, Syrups & Nectars","Maple Grove Farms","Maple Grove Farms Red Raspberry Syrup","Maple Grove Farms Red Raspberry Syrup","3.69","0.0","","8.5 fl oz","8.5 fl oz","1610.jpg",,"3"
"8374","Cooking Needs","Condiments & Sauces","Honeys, Syrups & Nectars","Market Basket","100% Pure Maple Syrup","100% Pure Maple Syrup","6.09","0.0","","1 ct","1 ct","15402.jpg",,"3"
"8375","Cooking Needs","Condiments & Sauces","Honeys, Syrups & Nectars","Market Basket","Market Basket Butter Flavored Syrup","Market Basket Butter Flavored Syrup","2.39","0.0","","24 fl oz","24 fl oz","Market Basket.jpg",,"3"
"8376","Cooking Needs","Condiments & Sauces","Honeys, Syrups & Nectars","Market Basket","Market Basket Chocolate Flavored Syrup","Market Basket Chocolate Flavored Syrup","3.69","0.0","","48 oz","48 oz","Market Basket.jpg",,"3"
"8377","Cooking Needs","Condiments & Sauces","Honeys, Syrups & Nectars","Market Basket","Market Basket Frosted Shredded Wheat","Market Basket Frosted Shredded Wheat","2.49","0.0","","18 oz","18 oz","Market Basket.jpg",,"3"
"8378","Cooking Needs","Condiments & Sauces","Honeys, Syrups & Nectars","Market Basket","Market Basket Honey","Market Basket Honey","4.89","0.0","","16 oz","16 oz","Market Basket.jpg",,"3"
"8379","Cooking Needs","Condiments & Sauces","Honeys, Syrups & Nectars","Market Basket","Market Basket Honey Bear U.S. Grade A Pure Honey Clover","Market Basket Honey Bear U.S. Grade A Pure Honey Clover","3.49","0.0","","12 oz","12 oz","Market Basket.jpg",,"3"
"8380","Cooking Needs","Condiments & Sauces","Honeys, Syrups & Nectars","Market Basket","Market Basket Lite Reduced Calorie Syrup","Market Basket Lite Reduced Calorie Syrup","2.39","0.0","","24 fl oz","24 fl oz","Market Basket.jpg",,"3"
"8381","Cooking Needs","Condiments & Sauces","Honeys, Syrups & Nectars","Market Basket","Market Basket Organic Amber Agave Nectar","Market Basket Organic Amber Agave Nectar","6.09","0.0","","23 oz","23 oz","Market Basket.jpg",,"3"
"8382","Cooking Needs","Condiments & Sauces","Honeys, Syrups & Nectars","Market Basket","Market Basket Reduced Calorie Lite Syrup","Market Basket Reduced Calorie Lite Syrup","2.39","0.0","","24 oz","24 oz","Market Basket.jpg",,"3"
"8383","Cooking Needs","Condiments & Sauces","Honeys, Syrups & Nectars","Market Basket","Market Basket Sugar Free Chocolate Flavored Syrup","Market Basket Sugar Free Chocolate Flavored Syrup","2.39","0.0","","18.5 oz","18.5 oz","Market Basket.jpg",,"3"
"8384","Cooking Needs","Condiments & Sauces","Honeys, Syrups & Nectars","Market Basket","Market Basket Sugar Free Syrup","Market Basket Sugar Free Syrup","2.49","0.0","","24 fl oz","24 fl oz","Market Basket.jpg",,"3"
"8385","Cooking Needs","Condiments & Sauces","Honeys, Syrups & Nectars","Market Basket","Market Basket Syrup 2% Real Maple","Market Basket Syrup 2% Real Maple","1.69","0.0","","12 fl oz","12 fl oz","Market Basket.jpg",,"3"
"8386","Cooking Needs","Condiments & Sauces","Honeys, Syrups & Nectars","Market Basket","Market Basket U.S. Grade A Pure Honey Clover","Market Basket U.S. Grade A Pure Honey Clover","2.49","0.0","","8 oz","8 oz","Market Basket.jpg",,"3"
"8387","Cooking Needs","Condiments & Sauces","Honeys, Syrups & Nectars","Market Basket","Market Basket U.S. Grade A Pure Honey Clover","Market Basket U.S. Grade A Pure Honey Clover","4.69","0.0","","16 oz","16 oz","Market Basket.jpg",,"3"
"8388","Cooking Needs","Condiments & Sauces","Honeys, Syrups & Nectars","Mrs. Butterworth's","Mrs. Butterworth's Syrup Original","Mrs. Butterworth's Syrup Original","3.69","0.0","","24 fl oz","24 fl oz","15394.jpg",,"3"
"8389","Cooking Needs","Condiments & Sauces","Honeys, Syrups & Nectars","Trinidad Country Style","Trinidad Country Style Old Fashioned Pure Honey U.S. Grade A","Trinidad Country Style Old Fashioned Pure Honey U.S. Grade A","6.99","0.0","","32 oz","32 oz","No Image.jpg",,"3"
"8390","Cooking Needs","Condiments & Sauces","Honeys, Syrups & Nectars","Vermont Maid","Vermont Maid Original Syrup","Vermont Maid Original Syrup","2.49","0.0","","24 oz","24 oz","15393.jpg",,"3"
"8391","Cooking Needs","Condiments & Sauces","Marinades & Meat Preparation","4C Breadcrumbs","4C Bread Crumbs Seasoned","4C Bread Crumbs Seasoned","3.69","0.0","","46 oz","46 oz","1980.jpg",,"1"
"8392","Cooking Needs","Condiments & Sauces","Marinades & Meat Preparation","4C Breadcrumbs","4C Breadcrumbs 100% Whole Wheat Seasoned","4C Breadcrumbs 100% Whole Wheat Seasoned","1.49","0.0","","13 oz","13 oz","1981.jpg",,"1"
"8393","Cooking Needs","Condiments & Sauces","Marinades & Meat Preparation","4C Breadcrumbs","4C Breadcrumbs Japanese Style Panko Plain","4C Breadcrumbs Japanese Style Panko Plain","1.59","0.0","","8 oz","8 oz","1978.jpg",,"1"
"8394","Cooking Needs","Condiments & Sauces","Marinades & Meat Preparation","4C Breadcrumbs","4C Breadcrumbs Seasoned","4C Breadcrumbs Seasoned","1.49","0.0","","15 oz","15 oz","1979.jpg",,"1"
"8395","Cooking Needs","Condiments & Sauces","Marinades & Meat Preparation","A.1.","A.1. Original Sauce","A.1. Original Sauce","4.89","0.0","","15 oz","15 oz","15565.jpg",,"2"
"8396","Cooking Needs","Condiments & Sauces","Marinades & Meat Preparation","A.1.","A.1. Original Sauce","A.1. Original Sauce","4.29","0.0","","10 oz","10 oz","15570.jpg",,"2"
"8397","Cooking Needs","Condiments & Sauces","Marinades & Meat Preparation","Annie's Homegrown","Annie's Homegrown Goddess Dressing","Annie's Homegrown Goddess Dressing","4.29","0.0","","8 fl oz","8 fl oz","15463.jpg",,"9"
"8398","Cooking Needs","Condiments & Sauces","Marinades & Meat Preparation","Bull's-Eye","Bull's Eye Original Barbecue Sauce","Bull's Eye Original Barbecue Sauce","1.89","0.0","","18 oz","18 oz","15568.jpg",,"9"
"8399","Cooking Needs","Condiments & Sauces","Marinades & Meat Preparation","Crockery Gourmet","Crockery Gourmet Seasoning Mix For Beef","Crockery Gourmet Seasoning Mix For Beef","2.19","0.0","","2.5 oz","2.5 oz","15564.jpg",,"9"
"8400","Cooking Needs","Condiments & Sauces","Marinades & Meat Preparation","Crockery Gourmet","Crockery Gourmet Seasoning Mix For Chicken","Crockery Gourmet Seasoning Mix For Chicken","2.19","0.0","","2.5 oz","2.5 oz","15573.jpg",,"9"
"8401","Cooking Needs","Condiments & Sauces","Marinades & Meat Preparation","Drew's","Drew's Organic Dressing & Quick Marinade Peppercorn Ranch","Drew's Organic Dressing & Quick Marinade Peppercorn Ranch","3.69","0.0","","8 fl oz","8 fl oz","15581.jpg",,"9"
"8402","Cooking Needs","Condiments & Sauces","Marinades & Meat Preparation","Drew's","Drews Dressing & Quick Marinade, Classic Caesar","Drews Dressing & Quick Marinade, Classic Caesar","3.69","0.0","","8 oz","8 oz","15580.jpg",,"9"
"8403","Cooking Needs","Condiments & Sauces","Marinades & Meat Preparation","Frank's","Frank's RedHot Buffalo Wings Sauce","Frank's RedHot Buffalo Wings Sauce","4.89","0.0","","23 fl oz","23 fl oz","15562.jpg",,"2"
"8404","Cooking Needs","Condiments & Sauces","Marinades & Meat Preparation","Infinite Herbd","Infinite Herbs Fresh Poultry Seasoning","Infinite Herbs Fresh Poultry Seasoning","2.49","0.0","","1 oz","1 oz","No Image.jpg",,"9"
"8405","Cooking Needs","Condiments & Sauces","Marinades & Meat Preparation","Gonsalves","Gonsalves Cooking Wine Dry White","Gonsalves Cooking Wine Dry White","2.19","0.0","","25.4 fl oz","25.4 fl oz","15574.jpg",,"2"
"8406","Cooking Needs","Condiments & Sauces","Marinades & Meat Preparation","Goya","Goya Mojo Criollo Marinade","Goya Mojo Criollo Marinade","2.49","0.0","","24 fl oz","24 fl oz","15567.jpg",,"9"
"8407","Cooking Needs","Condiments & Sauces","Marinades & Meat Preparation","Gravy Masters","Gravy Masters Gravy Master Browning and Seasoning Sauce","Gravy Masters Gravy Master Browning and Seasoning Sauce","3.69","0.0","","5 fl oz","5 fl oz","15572.jpg",,"9"
"8408","Cooking Needs","Condiments & Sauces","Marinades & Meat Preparation","Heinz","Heinz HomeStyle Bistro Au Jus Gravy","Heinz HomeStyle Bistro Au Jus Gravy","2.09","0.0","","12 oz","12 oz","1957.jpg",,"9"
"8409","Cooking Needs","Condiments & Sauces","Marinades & Meat Preparation","Heinz","Heinz HomeStyle Classic Chicken Gravy","Heinz HomeStyle Classic Chicken Gravy","2.09","0.0","","12 oz","12 oz","1954.jpg",,"9"
"8410","Cooking Needs","Condiments & Sauces","Marinades & Meat Preparation","Heinz","Heinz HomeStyle Classic Chicken Gravy","Heinz HomeStyle Classic Chicken Gravy","2.69","0.0","","18 oz","18 oz","1956.jpg",,"9"
"8411","Cooking Needs","Condiments & Sauces","Marinades & Meat Preparation","Heinz","Heinz HomeStyle Fat Free Classic Chicken Gravy","Heinz HomeStyle Fat Free Classic Chicken Gravy","2.09","0.0","","12 oz","12 oz","1958.jpg",,"9"
"8412","Cooking Needs","Condiments & Sauces","Marinades & Meat Preparation","Heinz","Heinz HomeStyle Pork Gravy","Heinz HomeStyle Pork Gravy","2.09","0.0","","12 oz","12 oz","1960.jpg",,"9"
"8413","Cooking Needs","Condiments & Sauces","Marinades & Meat Preparation","Heinz","Heinz HomeStyle Roasted Turkey Gravy","Heinz HomeStyle Roasted Turkey Gravy","1.59","0.0","","12 oz","12 oz","1959.jpg",,"9"
"8414","Cooking Needs","Condiments & Sauces","Marinades & Meat Preparation","Heinz","Heinz HomeStyle Savory Beef Gravy","Heinz HomeStyle Savory Beef Gravy","2.09","0.0","","12 oz","12 oz","1955.jpg",,"9"
"8415","Cooking Needs","Condiments & Sauces","Marinades & Meat Preparation","Jack Link's","Jack Link's Orignal Beef Jerky","Jack Link's Orignal Beef Jerky","5.29","0.0","","2.85 oz","2.85 oz","No Image.jpg",,"9"
"8416","Cooking Needs","Condiments & Sauces","Marinades & Meat Preparation","Joyce Chen","Joyce Chen Soy Sauce, Gluten Free, Less Sodium","Joyce Chen Soy Sauce, Gluten Free, Less Sodium","6.09","0.0","","10 oz","10 oz","15556.jpg",,"3"
"8417","Cooking Needs","Condiments & Sauces","Marinades & Meat Preparation","KC Masterpiece","KC Masterpiece BBQ Sauce","KC Masterpiece BBQ Sauce","3.69","0.0","","40 Oz","40 Oz","1984.jpg",,"9"
"8418","Cooking Needs","Condiments & Sauces","Marinades & Meat Preparation","KC Masterpiece","KC Masterpiece Marinade","KC Masterpiece Marinade","3.09","0.0","","16 fl oz","16 fl oz","1982.jpg",,"2"
"8419","Cooking Needs","Condiments & Sauces","Marinades & Meat Preparation","KC Masterpiece","SP Single Brand KC Masterpiece Original Barbecue Sauce, 18 Ounces","SP Single Brand KC Masterpiece Original Barbecue Sauce, 18 Ounces","2.49","0.0","","18 oz","18 oz","15577.jpg",,"9"
"8420","Cooking Needs","Condiments & Sauces","Marinades & Meat Preparation","Ken's Steakhouse","Ken's Steakhouse Dressing & Marinade Caesar Lite","Ken's Steakhouse Dressing & Marinade Caesar Lite","3.19","0.0","","16 fl oz","16 fl oz","1952.jpg",,"2"
"8421","Cooking Needs","Condiments & Sauces","Marinades & Meat Preparation","Ken's Steakhouse","Ken's Steakhouse Dressing & Marinade Italian","Ken's Steakhouse Dressing & Marinade Italian","1.99","0.0","","9 fl oz","9 fl oz","1949.jpg",,"2"
"8422","Cooking Needs","Condiments & Sauces","Marinades & Meat Preparation","Ken's Steakhouse","Ken's Steakhouse Dressing & Marinade Italian","Ken's Steakhouse Dressing & Marinade Italian","4.89","0.0","","16 fl oz","16 fl oz","1951.jpg",,"2"
"8423","Cooking Needs","Condiments & Sauces","Marinades & Meat Preparation","Ken's Steakhouse","Ken's Steakhouse Dressing & Marinade Italian Lite","Ken's Steakhouse Dressing & Marinade Italian Lite","1.99","0.0","","9 fl oz","9 fl oz","1950.jpg",,"2"
"8424","Cooking Needs","Condiments & Sauces","Marinades & Meat Preparation","Ken's Steakhouse","Ken's Steakhouse Dressing Italian Lite","Ken's Steakhouse Dressing Italian Lite","3.19","0.0","","16 fl oz","16 fl oz","1953.jpg",,"9"
"8425","Cooking Needs","Condiments & Sauces","Marinades & Meat Preparation","Knorr","Knorr Gravy Mix Roasted Turkey","Knorr Gravy Mix Roasted Turkey","2.49","0.0","","1.2 oz","1.2 oz","15576.jpg",,"9"
"8426","Cooking Needs","Condiments & Sauces","Marinades & Meat Preparation","Kraft","Kraft Hickory Smoke Barbecue Sauce","Kraft Hickory Smoke Barbecue Sauce","1.89","0.0","","17.5 oz","17.5 oz","1963.jpg",,"9"
"8427","Cooking Needs","Condiments & Sauces","Marinades & Meat Preparation","Kraft","Kraft Honey Barbecue Sauce","Kraft Honey Barbecue Sauce","1.89","0.0","","17.5 oz","17.5 oz","1967.jpg",,"9"
"8428","Cooking Needs","Condiments & Sauces","Marinades & Meat Preparation","Kraft","Kraft Shake 'N Bake Seasoned Coating Mix Original Pork 2 Ct","Kraft Shake 'N Bake Seasoned Coating Mix Original Pork 2 Ct","2.49","0.0","","5 oz","5 oz","1962.jpg",,"9"
"8429","Cooking Needs","Condiments & Sauces","Marinades & Meat Preparation","Kraft","Kraft Slow Simmered Original Barbecue Sauce","Kraft Slow Simmered Original Barbecue Sauce","1.89","0.0","","18 oz","18 oz","1964.jpg",,"9"
"8430","Cooking Needs","Condiments & Sauces","Marinades & Meat Preparation","Kraft","Kraft Slow Simmered Sweet Brown Sugar Barbecue Sauce","Kraft Slow Simmered Sweet Brown Sugar Barbecue Sauce","1.89","0.0","","18 oz","18 oz","1965.jpg",,"9"
"8431","Cooking Needs","Condiments & Sauces","Marinades & Meat Preparation","Kraft","Kraft Slow Simmered Sweet Honey Barbecue Sauce","Kraft Slow Simmered Sweet Honey Barbecue Sauce","2.49","0.0","","18 oz","18 oz","1966.jpg",,"9"
"8432","Cooking Needs","Condiments & Sauces","Marinades & Meat Preparation","Lawry's","Lawry's Herb & Garlic With Lemon Marinade","Lawry's Herb & Garlic With Lemon Marinade","2.49","0.0","","12 oz","12 oz","1943.jpg",,"2"
"8433","Cooking Needs","Condiments & Sauces","Marinades & Meat Preparation","Lawry's","Lawry's Lemon Pepper With Lemon Marinade","Lawry's Lemon Pepper With Lemon Marinade","2.49","0.0","","12 fl oz","12 fl oz","1941.jpg",,"2"
"8434","Cooking Needs","Condiments & Sauces","Marinades & Meat Preparation","Lawry's","Lawry's Sesame & Ginger Marinade","Lawry's Sesame & Ginger Marinade","2.49","0.0","","12 oz","12 oz","1945.jpg",,"2"
"8435","Cooking Needs","Condiments & Sauces","Marinades & Meat Preparation","Lawry's","Lawry's Steak & Chop Marinade","Lawry's Steak & Chop Marinade","2.49","0.0","","12 fl oz","12 fl oz","1942.jpg",,"9"
"8436","Cooking Needs","Condiments & Sauces","Marinades & Meat Preparation","Lawry's","Lawry's Steakhouse Marinade","Lawry's Steakhouse Marinade","2.49","0.0","","12 oz","12 oz","1947.jpg",,"9"
"8437","Cooking Needs","Condiments & Sauces","Marinades & Meat Preparation","Lawry's","Lawry's Teriyaki With Pineapple Marinade","Lawry's Teriyaki With Pineapple Marinade","2.49","0.0","","12 fl oz","12 fl oz","1944.jpg",,"2"
"8438","Cooking Needs","Condiments & Sauces","Marinades & Meat Preparation","Maple Grove Farms","Maple Grove Farms Of Vermont Fat Free Raspberry Vinaigrette","Maple Grove Farms Of Vermont Fat Free Raspberry Vinaigrette","2.99","0.0","","8 fl oz","8 fl oz","15569.jpg",,"9"
"8439","Cooking Needs","Condiments & Sauces","Marinades & Meat Preparation","Market Basket","Market Basket Golden Bread Crumbs","Market Basket Golden Bread Crumbs","1.09","0.0","","15 oz","15 oz","Market Basket.jpg",,"1"
"8440","Cooking Needs","Condiments & Sauces","Marinades & Meat Preparation","Market Basket","Market Basket Hickory Bbq Sauce","Market Basket Hickory Bbq Sauce","1.59","0.0","","18 oz","18 oz","Market Basket.jpg",,"9"
"8441","Cooking Needs","Condiments & Sauces","Marinades & Meat Preparation","Market Basket","Market Basket Original Bbq Sauce","Market Basket Original Bbq Sauce","1.59","0.0","","18 oz","18 oz","Market Basket.jpg",,"2"
"8442","Cooking Needs","Condiments & Sauces","Marinades & Meat Preparation","Market Basket","Market Basket Turkey Stuffing","Market Basket Turkey Stuffing","1.29","0.0","","6 oz","6 oz","Market Basket.jpg",,"9"
"8443","Cooking Needs","Condiments & Sauces","Marinades & Meat Preparation","McCormick","McCormick Bag 'n Season Original Chicken Cooking & Seasoning Mix","McCormick Bag 'n Season Original Chicken Cooking & Seasoning Mix","1.29","0.0","","1.25 oz","1.25 oz","15566.jpg",,"9"
"8444","Cooking Needs","Condiments & Sauces","Marinades & Meat Preparation","McCormick","McCormick Bag 'n Season Pot Roast Cooking & Seasoning Mix","McCormick Bag 'n Season Pot Roast Cooking & Seasoning Mix","10.99","0.0","","0.81 oz","0.81 oz","15553.jpg",,"9"
"8445","Cooking Needs","Condiments & Sauces","Marinades & Meat Preparation","McCormick","McCormick Beef Stew Seasoning Mix","McCormick Beef Stew Seasoning Mix","1.59","0.0","","1.5 oz","1.5 oz","1968.jpg",,"9"
"8446","Cooking Needs","Condiments & Sauces","Marinades & Meat Preparation","McCormick","McCormick Brown Gravy Mix","McCormick Brown Gravy Mix","0.89","0.0","","0.87 oz","0.87 oz","1969.jpg",,"9"
"8447","Cooking Needs","Condiments & Sauces","Marinades & Meat Preparation","McCormick","McCormick Cheesy Taco Seasoning Mix","McCormick Cheesy Taco Seasoning Mix","0.89","0.0","","1.12 oz","1.12 oz","1970.jpg",,"9"
"8448","Cooking Needs","Condiments & Sauces","Marinades & Meat Preparation","McCormick","McCormick Homestyle Gravy Mix","McCormick Homestyle Gravy Mix","1.59","0.0","","0.87 oz","0.87 oz","1972.jpg",,"9"
"8449","Cooking Needs","Condiments & Sauces","Marinades & Meat Preparation","McCormick","McCormick Mild Taco Seasoning Mix","McCormick Mild Taco Seasoning Mix","0.99","0.0","","1.5 oz","1.5 oz","15561.jpg",,"9"
"8450","Cooking Needs","Condiments & Sauces","Marinades & Meat Preparation","McCormick","McCormick Onion Gravy Mix","McCormick Onion Gravy Mix","0.89","0.0","","0.87 oz","0.87 oz","1971.jpg",,"9"
"8451","Cooking Needs","Condiments & Sauces","Marinades & Meat Preparation","McCormick","McCormick Slow Cookers BBQ Pulled Pork Seasoning Mix","McCormick Slow Cookers BBQ Pulled Pork Seasoning Mix","1.89","0.0","","1.6 oz","1.6 oz","15571.jpg",,"9"
"8452","Cooking Needs","Condiments & Sauces","Marinades & Meat Preparation","McCormick","McCormick Slow Cookers Hearty Beef Stew Seasoning Mix","McCormick Slow Cookers Hearty Beef Stew Seasoning Mix","1.59","0.0","","1.5 oz","1.5 oz","15560.jpg",,"9"
"8453","Cooking Needs","Condiments & Sauces","Marinades & Meat Preparation","Progresso","Progresso Italian Style Bread Crumbs","Progresso Italian Style Bread Crumbs","2.49","0.0","","24 oz","24 oz","15555.jpg",,"1"
"8454","Cooking Needs","Condiments & Sauces","Marinades & Meat Preparation","Progresso","Progresso Panko Bread Crumbs, Italian Style","Progresso Panko Bread Crumbs, Italian Style","3.09","0.0","","8 oz","8 oz","15559.jpg",,"1"
"8455","Cooking Needs","Condiments & Sauces","Marinades & Meat Preparation","Shake 'N Bake","Shake 'N Bake Original Chicken Seasoned Coating Mix","Shake 'N Bake Original Chicken Seasoned Coating Mix","2.49","0.0","","4.5 oz","4.5 oz","15563.jpg",,"1"
"8456","Cooking Needs","Condiments & Sauces","Marinades & Meat Preparation","Stubb's","Stubb's Hickory Bourbon Bar B Q Sauce","Stubb's Hickory Bourbon Bar B Q Sauce","3.69","0.0","","18 oz","18 oz","15557.jpg",,"9"
"8457","Cooking Needs","Condiments & Sauces","Marinades & Meat Preparation","Stubb's","Stubb's Original Bar B Q Sauce","Stubb's Original Bar B Q Sauce","3.69","0.0","","18 oz","18 oz","15552.jpg",,"9"
"8458","Cooking Needs","Condiments & Sauces","Marinades & Meat Preparation","Stubb's","Stubb's Spicy Bar B Q Sauce","Stubb's Spicy Bar B Q Sauce","3.69","0.0","","18 oz","18 oz","15554.jpg",,"2"
"8459","Cooking Needs","Condiments & Sauces","Marinades & Meat Preparation","Sweet Baby Ray's","Sweet Baby Ray's Barbecue Sauce","Sweet Baby Ray's Barbecue Sauce","2.49","0.0","","18 fl oz","18 fl oz","1930.jpg",,"2"
"8460","Cooking Needs","Condiments & Sauces","Marinades & Meat Preparation","Sweet Baby Ray's","Sweet Baby Ray's Barbecue Sauce","Sweet Baby Ray's Barbecue Sauce","3.89","0.0","","40 Oz","40 Oz","1936.jpg",,"2"
"8461","Cooking Needs","Condiments & Sauces","Marinades & Meat Preparation","Sweet Baby Ray's","Sweet Baby Ray's Barbecue Sauce Hickory Brown Sugar","Sweet Baby Ray's Barbecue Sauce Hickory Brown Sugar","2.49","0.0","","18 oz","18 oz","1932.jpg",,"2"
"8462","Cooking Needs","Condiments & Sauces","Marinades & Meat Preparation","Sweet Baby Ray's","Sweet Baby Ray's Barbecue Sauce Honey","Sweet Baby Ray's Barbecue Sauce Honey","3.69","0.0","","40 Oz","40 Oz","1935.jpg",,"2"
"8463","Cooking Needs","Condiments & Sauces","Marinades & Meat Preparation","Sweet Baby Ray's","Sweet Baby Ray's Barbecue Sauce Honey Chipotle","Sweet Baby Ray's Barbecue Sauce Honey Chipotle","2.49","0.0","","18 oz","18 oz","1939.jpg",,"9"
"8464","Cooking Needs","Condiments & Sauces","Marinades & Meat Preparation","Sweet Baby Ray's","Sweet Baby Ray's Creamy Buffalo Wing Dipping Sauce","Sweet Baby Ray's Creamy Buffalo Wing Dipping Sauce","2.49","0.0","","14 fl oz","14 fl oz","1933.jpg",,"2"
"8465","Cooking Needs","Condiments & Sauces","Marinades & Meat Preparation","Sweet Baby Ray's","Sweet Baby Ray's Hickory & Brown Sugar Barbecue Sauce","Sweet Baby Ray's Hickory & Brown Sugar Barbecue Sauce","3.69","0.0","","40 Oz","40 Oz","1940.jpg",,"9"
"8466","Cooking Needs","Condiments & Sauces","Marinades & Meat Preparation","Sweet Baby Ray's","Sweet Baby Ray's Honey Barbecue Sauce","Sweet Baby Ray's Honey Barbecue Sauce","2.49","0.0","","28 oz","28 oz","1929.jpg",,"9"
"8467","Cooking Needs","Condiments & Sauces","Marinades & Meat Preparation","Sweet Baby Ray's","Sweet Baby Ray's Honey Barbecue Sauce","Sweet Baby Ray's Honey Barbecue Sauce","2.49","0.0","","18 oz","18 oz","1931.jpg",,"9"
"8468","Cooking Needs","Condiments & Sauces","Marinades & Meat Preparation","Sweet Baby Ray's","Sweet Baby Ray's Sweet 'n Spicy Barbecue Sauce","Sweet Baby Ray's Sweet 'n Spicy Barbecue Sauce","3.69","0.0","","40 Oz","40 Oz","1934.jpg",,"2"
"8469","Cooking Needs","Condiments & Sauces","Marinades & Meat Preparation","Sweet Baby Ray's","Sweet Baby Ray's Sweet 'n Spicy Barbecue Sauce","Sweet Baby Ray's Sweet 'n Spicy Barbecue Sauce","2.49","0.0","","18 oz","18 oz","1938.jpg",,"2"
"8470","Cooking Needs","Condiments & Sauces","Marinades & Meat Preparation","Sweet Baby Ray's","Sweet Baby Ray's Sweet Vidalia Onion Barbecue Sauce","Sweet Baby Ray's Sweet Vidalia Onion Barbecue Sauce","2.49","0.0","","18 oz","18 oz","1937.jpg",,"9"
"8471","Cooking Needs","Condiments & Sauces","Marinades & Meat Preparation","Weber","Weber Bold & Thick Sweet 'N Spicy BBQ Sauce","Weber Bold & Thick Sweet 'N Spicy BBQ Sauce","4.09","0.0","","18 oz","18 oz","15558.jpg",,"9"
"8472","Cooking Needs","Condiments & Sauces","Marinades & Meat Preparation","World Harbors","World Harbors Amalfi Coast Italian Grill Sauce & Marinade","World Harbors Amalfi Coast Italian Grill Sauce & Marinade","3.09","0.0","","16 fl oz","16 fl oz","1974.jpg",,"9"
"8473","Cooking Needs","Condiments & Sauces","Marinades & Meat Preparation","World Harbors","World Harbors Lemon Pepper & Garlic","World Harbors Lemon Pepper & Garlic","3.09","0.0","","16 oz","16 oz","1973.jpg",,"9"
"8474","Cooking Needs","Condiments & Sauces","Marinades & Meat Preparation","World Harbors","World Harbors Sauce & Marinaade Mexican Style Fajita","World Harbors Sauce & Marinaade Mexican Style Fajita","3.09","0.0","","16 oz","16 oz","1977.jpg",,"9"
"8475","Cooking Needs","Condiments & Sauces","Marinades & Meat Preparation","World Harbors","World Harbors Sauce & Marinade Jamaican Style Jerk","World Harbors Sauce & Marinade Jamaican Style Jerk","3.09","0.0","","16 fl oz","16 fl oz","1975.jpg",,"2"
"8476","Cooking Needs","Condiments & Sauces","Marinades & Meat Preparation","World Harbors","World Harbors Sauce & Marinade Teriyaki","World Harbors Sauce & Marinade Teriyaki","3.09","0.0","","16 fl oz","16 fl oz","1976.jpg",,"2"
"8477","Cooking Needs","Condiments & Sauces","Marinades & Meat Preparation","Wrights","Wrights Liquid Smoke, Hickory","Wrights Liquid Smoke, Hickory","2.79","0.0","","3.5 oz","3.5 oz","15578.jpg",,"9"
"8478","Cooking Needs","Condiments & Sauces","Oils & Vinegars","Alessi","Alessi Balsamic Vinegar, White","Alessi Balsamic Vinegar, White","4.29","0.0","","12.75 oz","12.75 oz","15501.jpg",,"2"
"8479","Cooking Needs","Condiments & Sauces","Oils & Vinegars","Alessi","Alessi Vinegar, White Balsamic, Orange Blossom Honey","Alessi Vinegar, White Balsamic, Orange Blossom Honey","3.09","0.0","","8.5 oz","8.5 oz","15502.jpg",,"2"
"8480","Cooking Needs","Condiments & Sauces","Oils & Vinegars","Bragg","Bragg Organic Raw Unfiltered Apple Cider Vinegar","Bragg Organic Raw Unfiltered Apple Cider Vinegar","4.29","0.0","","16 oz","16 oz","15481.jpg",,"2"
"8481","Cooking Needs","Condiments & Sauces","Oils & Vinegars","Capatriti","Capatriti 100% Pure Olive Oil","Capatriti 100% Pure Olive Oil","14.69","0.0","","68 fl oz","68 fl oz","1819.jpg",,"2"
"8482","Cooking Needs","Condiments & Sauces","Oils & Vinegars","Capatriti","Capatriti Olive Oil","Capatriti Olive Oil","3.89","0.0","","17 oz","17 oz","No Image.jpg",,"2"
"8483","Cooking Needs","Condiments & Sauces","Oils & Vinegars","Capatriti","Capatriti Pure Olive Oil","Capatriti Pure Olive Oil","3.89","0.0","","17 fl oz","17 fl oz","No Image.jpg",,"2"
"8484","Cooking Needs","Condiments & Sauces","Oils & Vinegars","Capatriti","Capatriti Pure Olive Oil","Capatriti Pure Olive Oil","9.79","0.0","","51 fl oz","51 fl oz","No Image.jpg",,"2"
"8485","Cooking Needs","Condiments & Sauces","Oils & Vinegars","Carrington Farms","Carrington Farms Organic Coconut Oil","Carrington Farms Organic Coconut Oil","7.39","0.0","","12 fl oz","12 fl oz","15519.jpg",,"2"
"8486","Cooking Needs","Condiments & Sauces","Oils & Vinegars","Colavita","Colavita Balsamic Vinegar of Modena","Colavita Balsamic Vinegar of Modena","3.69","0.0","","16.9 oz","16.9 oz","1829.jpg",,"2"
"8487","Cooking Needs","Condiments & Sauces","Oils & Vinegars","Colavita","Colavita Raspberry Wine Vinegar","Colavita Raspberry Wine Vinegar","4.89","0.0","","16.9 oz","16.9 oz","1830.jpg",,"2"
"8488","Cooking Needs","Condiments & Sauces","Oils & Vinegars","Columela","Columela Vinegar Sherry","Columela Vinegar Sherry","10.99","0.0","","12.7 fl oz","12.7 fl oz","15525.jpg",,"2"
"8489","Cooking Needs","Condiments & Sauces","Oils & Vinegars","Crisco","Crisco Oil Pure Canola","Crisco Oil Pure Canola","4.89","0.0","","48 fl oz","48 fl oz","1842.jpg",,"2"
"8490","Cooking Needs","Condiments & Sauces","Oils & Vinegars","Crisco","Crisco Oil Pure Vegetable","Crisco Oil Pure Vegetable","4.09","0.0","","48 fl oz","48 fl oz","1841.jpg",,"2"
"8491","Cooking Needs","Condiments & Sauces","Oils & Vinegars","Crisco","Crisco Professional Saute Expert No Stiick Saute Spray","Crisco Professional Saute Expert No Stiick Saute Spray","2.69","0.0","","12 oz","12 oz","15529.jpg",,"2"
"8492","Cooking Needs","Condiments & Sauces","Oils & Vinegars","Crisco","Crisco Pure Vegetable Oil","Crisco Pure Vegetable Oil","4.89","0.0","","48 fl oz","48 fl oz","1843.jpg",,"2"
"8493","Cooking Needs","Condiments & Sauces","Oils & Vinegars","Filippo Berio","Filippo Berio Olive Oil","Filippo Berio Olive Oil","6.09","0.0","","16.9 fl oz","16.9 fl oz","1800.jpg",,"2"
"8494","Cooking Needs","Condiments & Sauces","Oils & Vinegars","Filippo Berio","Filippo Berio Olive Oil","Filippo Berio Olive Oil","13.49","0.0","","50.7 fl oz","50.7 fl oz","1802.jpg",,"2"
"8495","Cooking Needs","Condiments & Sauces","Oils & Vinegars","Filippo Berio","Filippo Berio Olive Oil","Filippo Berio Olive Oil","24.39","0.0","","101.4 oz","101.4 oz","1807.jpg",,"2"
"8496","Cooking Needs","Condiments & Sauces","Oils & Vinegars","Filippo Berio","Filippo Berio Olive Oil","Filippo Berio Olive Oil","11.39","0.0","","25.3 fl oz","25.3 fl oz","1808.jpg",,"2"
"8497","Cooking Needs","Condiments & Sauces","Oils & Vinegars","Golchin","Golchin Grape Seed Oil","Golchin Grape Seed Oil","4.89","0.0","","1 L","1 L","15527.jpg",,"2"
"8498","Cooking Needs","Condiments & Sauces","Oils & Vinegars","Goya","Goya Puro Olive Oil","Goya Puro Olive Oil","4.39","0.0","","8.5 fl oz","8.5 fl oz","1846.jpg",,"7"
"8499","Cooking Needs","Condiments & Sauces","Oils & Vinegars","GrapeOla","GrapeOla Grape Seed Oil","GrapeOla Grape Seed Oil","8.59","0.0","","33.8 fl oz","33.8 fl oz","15513.jpg",,"2"
"8500","Cooking Needs","Condiments & Sauces","Oils & Vinegars","Heinz","Heinz All Natural Apple Cider Vinegar","Heinz All Natural Apple Cider Vinegar","2.49","0.0","","32 oz","32 oz","15491.jpg",,"2"
"8501","Cooking Needs","Condiments & Sauces","Oils & Vinegars","Heinz","Heinz Distilled White Vinegar","Heinz Distilled White Vinegar","1.49","0.0","","16 oz","16 oz","15483.jpg",,"2"
"8502","Cooking Needs","Condiments & Sauces","Oils & Vinegars","Heinz","Heinz Distilled White Vinegar","Heinz Distilled White Vinegar","2.09","0.0","","32 oz","32 oz","15496.jpg",,"2"
"8503","Cooking Needs","Condiments & Sauces","Oils & Vinegars","Holland House","Holland House Cooking Wine Marsala","Holland House Cooking Wine Marsala","4.29","0.0","","16 fl oz","16 fl oz","1810.jpg",,"2"
"8504","Cooking Needs","Condiments & Sauces","Oils & Vinegars","Holland House","Holland House Cooking Wine Red","Holland House Cooking Wine Red","4.29","0.0","","16 fl oz","16 fl oz","1812.jpg",,"2"
"8505","Cooking Needs","Condiments & Sauces","Oils & Vinegars","Holland House","Holland House Cooking Wine Sherry","Holland House Cooking Wine Sherry","4.29","0.0","","16 fl oz","16 fl oz","1815.jpg",,"2"
"8506","Cooking Needs","Condiments & Sauces","Oils & Vinegars","Holland House","Holland House Cooking Wine White","Holland House Cooking Wine White","4.29","0.0","","16 fl oz","16 fl oz","1811.jpg",,"2"
"8507","Cooking Needs","Condiments & Sauces","Oils & Vinegars","Holland House","Holland House Cooking Wine White with Lemon Flavor","Holland House Cooking Wine White with Lemon Flavor","4.29","0.0","","16 fl oz","16 fl oz","1816.jpg",,"2"
"8508","Cooking Needs","Condiments & Sauces","Oils & Vinegars","Holland House","Holland House Malt Vinegar","Holland House Malt Vinegar","3.09","0.0","","12 fl oz","12 fl oz","1814.jpg",,"2"
"8509","Cooking Needs","Condiments & Sauces","Oils & Vinegars","Holland House","Holland House Red Wine Vinegar","Holland House Red Wine Vinegar","3.09","0.0","","12 fl oz","12 fl oz","1813.jpg",,"2"
"8510","Cooking Needs","Condiments & Sauces","Oils & Vinegars","Holland House","Holland House White Wine Vinegar","Holland House White Wine Vinegar","3.09","0.0","","12 fl oz","12 fl oz","1817.jpg",,"2"
"8511","Cooking Needs","Condiments & Sauces","Oils & Vinegars","Hollywood","Hollywood Enriched Gold Peanut Oil","Hollywood Enriched Gold Peanut Oil","4.89","0.0","","24 fl oz","24 fl oz","15507.jpg",,"2"
"8512","Cooking Needs","Condiments & Sauces","Oils & Vinegars","International Collection","International Collection Olive Oil, White Truffle","International Collection Olive Oil, White Truffle","9.79","0.0","","8.45 fl oz","8.45 fl oz","17966.jpg",,"2"
"8513","Cooking Needs","Condiments & Sauces","Oils & Vinegars","Kernel Season's","Kernel Season's Movie Theater Butter","Kernel Season's Movie Theater Butter","4.29","0.0","","13.75 fl oz","13.75 fl oz","15497.jpg",,"2"
"8514","Cooking Needs","Condiments & Sauces","Oils & Vinegars","La Spagnola","La Spagnola Safflower Oil","La Spagnola Safflower Oil","3.69","0.0","","1 L","1 L","No Image.jpg",,"2"
"8515","Cooking Needs","Condiments & Sauces","Oils & Vinegars","La Spagnola","La Spagnola Saut Oil","La Spagnola Saut Oil","3.69","0.0","","48 fl oz","48 fl oz","No Image.jpg",,"2"
"8516","Cooking Needs","Condiments & Sauces","Oils & Vinegars","La Spagnola","La Spagnola Vegetable And Olive Oil","La Spagnola Vegetable And Olive Oil","7.99","0.0","","101.4 fl oz","101.4 fl oz","No Image.jpg",,"2"
"8517","Cooking Needs","Condiments & Sauces","Oils & Vinegars","La Tourangelle","La Tourangelle Artisan Oils Delicate Avocado","La Tourangelle Artisan Oils Delicate Avocado","7.39","0.0","","8.45 fl oz","8.45 fl oz","15521.jpg",,"2"
"8518","Cooking Needs","Condiments & Sauces","Oils & Vinegars","London Pub","London Pub Original Malt Vinegar","London Pub Original Malt Vinegar","3.49","0.0","","12.7 fl oz","12.7 fl oz","15523.jpg",,"2"
"8519","Cooking Needs","Condiments & Sauces","Oils & Vinegars","Loriva","Loriva Pure Toasted Sesame Oil","Loriva Pure Toasted Sesame Oil","6.09","0.0","","8 fl oz","8 fl oz","15506.jpg",,"2"
"8520","Cooking Needs","Condiments & Sauces","Oils & Vinegars","LouAna","LouAna Organic Coconut Oil","LouAna Organic Coconut Oil","7.39","0.0","","14 fl oz","14 fl oz","15516.jpg",,"2"
"8521","Cooking Needs","Condiments & Sauces","Oils & Vinegars","LouAna","LouAna Pure Coconut Oil","LouAna Pure Coconut Oil","4.29","0.0","","14 fl oz","14 fl oz","15518.jpg",,"2"
"8522","Cooking Needs","Condiments & Sauces","Oils & Vinegars","Market Basket","Balsamic Vinegar","Balsamic Vinegar","4.89","0.0","","16 fl oz","16 fl oz","Market Basket.jpg",,"2"
"8523","Cooking Needs","Condiments & Sauces","Oils & Vinegars","Market Basket","Market Basket Apple Cider Vinegar","Market Basket Apple Cider Vinegar","0.79","0.0","","16 fl oz","16 fl oz","Market Basket.jpg",,"2"
"8524","Cooking Needs","Condiments & Sauces","Oils & Vinegars","Market Basket","Market Basket Apple Cider Vinegar","Market Basket Apple Cider Vinegar","1.09","0.0","","32 fl oz","32 fl oz","Market Basket.jpg",,"2"
"8525","Cooking Needs","Condiments & Sauces","Oils & Vinegars","Market Basket","Market Basket Apple Cider Vinegar","Market Basket Apple Cider Vinegar","3.49","0.0","","128 fl oz","128 fl oz","Market Basket.jpg",,"2"
"8526","Cooking Needs","Condiments & Sauces","Oils & Vinegars","Market Basket","Market Basket Balsamic Vinegar","Market Basket Balsamic Vinegar","2.49","0.0","","16.9 oz","16.9 oz","Market Basket.jpg",,"2"
"8527","Cooking Needs","Condiments & Sauces","Oils & Vinegars","Market Basket","Market Basket Butter Flavored Cooking Spray","Market Basket Butter Flavored Cooking Spray","2.09","0.0","","6 oz","6 oz","Market Basket.jpg",,"2"
"8528","Cooking Needs","Condiments & Sauces","Oils & Vinegars","Market Basket","Market Basket Canola Oil","Market Basket Canola Oil","3.89","0.0","","48 fl oz","48 fl oz","Market Basket.jpg",,"2"
"8529","Cooking Needs","Condiments & Sauces","Oils & Vinegars","Market Basket","Market Basket Canola Oil","Market Basket Canola Oil","2.99","0.0","","32 fl oz","32 fl oz","Market Basket.jpg",,"2"
"8530","Cooking Needs","Condiments & Sauces","Oils & Vinegars","Market Basket","Market Basket Canola Oil Cooking Spray","Market Basket Canola Oil Cooking Spray","2.09","0.0","","6 oz","6 oz","Market Basket.jpg",,"2"
"8531","Cooking Needs","Condiments & Sauces","Oils & Vinegars","Market Basket","Market Basket Corn Oil","Market Basket Corn Oil","3.09","0.0","","32 fl oz","32 fl oz","Market Basket.jpg",,"2"
"8532","Cooking Needs","Condiments & Sauces","Oils & Vinegars","Market Basket","Market Basket Corn Oil","Market Basket Corn Oil","3.89","0.0","","48 fl oz","48 fl oz","Market Basket.jpg",,"2"
"8533","Cooking Needs","Condiments & Sauces","Oils & Vinegars","Market Basket","Market Basket Distilled White Vinegar","Market Basket Distilled White Vinegar","2.49","0.0","","128 fl oz","128 fl oz","Market Basket.jpg",,"2"
"8534","Cooking Needs","Condiments & Sauces","Oils & Vinegars","Market Basket","Market Basket Distilled White Vinegar","Market Basket Distilled White Vinegar","0.79","0.0","","16 fl oz","16 fl oz","Market Basket.jpg",,"2"
"8535","Cooking Needs","Condiments & Sauces","Oils & Vinegars","Market Basket","Market Basket Extra Virgin Greek Olive Oil","Market Basket Extra Virgin Greek Olive Oil","6.09","0.0","","17 fl oz","17 fl oz","Market Basket.jpg",,"2"
"8536","Cooking Needs","Condiments & Sauces","Oils & Vinegars","Market Basket","Market Basket Extra Virgin Greek Olive Oil","Market Basket Extra Virgin Greek Olive Oil","24.39","0.0","","101 fl oz","101 fl oz","Market Basket.jpg",,"2"
"8537","Cooking Needs","Condiments & Sauces","Oils & Vinegars","Market Basket","Market Basket Extra Virgin Olive Oil","Market Basket Extra Virgin Olive Oil","7.39","0.0","","25.4 fl oz","25.4 fl oz","Market Basket.jpg",,"2"
"8538","Cooking Needs","Condiments & Sauces","Oils & Vinegars","Market Basket","Market Basket Pure Vegetable Oil","Market Basket Pure Vegetable Oil","2.19","0.0","","1 ct","1 ct","Market Basket.jpg",,"2"
"8539","Cooking Needs","Condiments & Sauces","Oils & Vinegars","Market Basket","Market Basket Pure Vegetable Oil","Market Basket Pure Vegetable Oil","2.99","0.0","","32 fl oz","32 fl oz","Market Basket.jpg",,"2"
"8540","Cooking Needs","Condiments & Sauces","Oils & Vinegars","Market Basket","Market Basket Pure Vegetable Oil","Market Basket Pure Vegetable Oil","7.39","0.0","","96 fl oz","96 fl oz","Market Basket.jpg",,"2"
"8541","Cooking Needs","Condiments & Sauces","Oils & Vinegars","Market Basket","Market Basket Red Wine Vinegar","Market Basket Red Wine Vinegar","1.69","0.0","","32 fl oz","32 fl oz","Market Basket.jpg",,"2"
"8542","Cooking Needs","Condiments & Sauces","Oils & Vinegars","Market Basket","Market Basket Red Wine Vinegar","Market Basket Red Wine Vinegar","0.99","0.0","","16 fl oz","16 fl oz","Market Basket.jpg",,"2"
"8543","Cooking Needs","Condiments & Sauces","Oils & Vinegars","Market Basket","Market Basket Vegetable Oil","Market Basket Vegetable Oil","4.29","0.0","","48 fl oz","48 fl oz","Market Basket.jpg",,"2"
"8544","Cooking Needs","Condiments & Sauces","Oils & Vinegars","Market Basket","Market Basket White Distilled Vinegar","Market Basket White Distilled Vinegar","0.99","0.0","","32 fl oz","32 fl oz","Market Basket.jpg",,"2"
"8545","Cooking Needs","Condiments & Sauces","Oils & Vinegars","Marukan","Marukan Lite Rice Vinegar Dressing","Marukan Lite Rice Vinegar Dressing","3.69","0.0","","12 fl oz","12 fl oz","15515.jpg",,"2"
"8546","Cooking Needs","Condiments & Sauces","Oils & Vinegars","Marukan","Marukan Rice Vinegar","Marukan Rice Vinegar","3.69","0.0","","12 oz","12 oz","15495.jpg",,"2"
"8547","Cooking Needs","Condiments & Sauces","Oils & Vinegars","Mazola","Mazola 100% Pure Vegetable Oil","Mazola 100% Pure Vegetable Oil","4.39","0.0","","40 fl oz","40 fl oz","15505.jpg",,"2"
"8548","Cooking Needs","Condiments & Sauces","Oils & Vinegars","Mazola","Mazola Canola Cooking Spray Original","Mazola Canola Cooking Spray Original","2.49","0.0","","5 oz","5 oz","15493.jpg",,"2"
"8549","Cooking Needs","Condiments & Sauces","Oils & Vinegars","Mazola","Mazola Corn Oil Cholesterol Free","Mazola Corn Oil Cholesterol Free","10.99","0.0","","128 fl oz","128 fl oz","15488.jpg",,"2"
"8550","Cooking Needs","Condiments & Sauces","Oils & Vinegars","Mazola","Mazola Vegetable Plus! Oil","Mazola Vegetable Plus! Oil","4.69","0.0","","40 fl oz","40 fl oz","15524.jpg",,"2"
"8551","Cooking Needs","Condiments & Sauces","Oils & Vinegars","Mizkan","Mizkan Seasoned Rice Vinegar Roasted Garlic","Mizkan Seasoned Rice Vinegar Roasted Garlic","3.09","0.0","","12 fl oz","12 fl oz","15508.jpg",,"2"
"8552","Cooking Needs","Condiments & Sauces","Oils & Vinegars","Modenaceti","Modenaceti Balsamic Vinegar Of Modena","Modenaceti Balsamic Vinegar Of Modena","3.69","0.0","","16.9 fl oz","16.9 fl oz","15510.jpg",,"2"
"8553","Cooking Needs","Condiments & Sauces","Oils & Vinegars","Monari Federzoni","Monari Federzoni Glaze With Balsamic Vinegar Of Modena","Monari Federzoni Glaze With Balsamic Vinegar Of Modena","6.24","0.0","","9.1 oz","9.1 oz","15500.jpg",,"2"
"8554","Cooking Needs","Condiments & Sauces","Oils & Vinegars","Nakano","Nakano Mizkan Rice Vinegar Natural","Nakano Mizkan Rice Vinegar Natural","3.09","0.0","","12 fl oz","12 fl oz","15503.jpg",,"2"
"8555","Cooking Needs","Condiments & Sauces","Oils & Vinegars","Nakano","Nakano Seasoned Rice Vinegar Basil & Oregano","Nakano Seasoned Rice Vinegar Basil & Oregano","3.09","0.0","","12 fl oz","12 fl oz","15522.jpg",,"2"
"8556","Cooking Needs","Condiments & Sauces","Oils & Vinegars","Nakano","Nakano Seasoned Rice Vinegar Original","Nakano Seasoned Rice Vinegar Original","3.29","0.0","","12 fl oz","12 fl oz","15494.jpg",,"2"
"8557","Cooking Needs","Condiments & Sauces","Oils & Vinegars","Newman's Own","Newman's Own Dressing Oil & Vinegar","Newman's Own Dressing Oil & Vinegar","3.09","0.0","","12 fl oz","12 fl oz","15484.jpg",,"2"
"8558","Cooking Needs","Condiments & Sauces","Oils & Vinegars","Olivari","Olivari Olive Oil Classic","Olivari Olive Oil Classic","3.69","0.0","","17 fl oz","17 fl oz","15487.jpg",,"2"
"8559","Cooking Needs","Condiments & Sauces","Oils & Vinegars","Pam","Pam Butter Cooking Spray","Pam Butter Cooking Spray","3.09","0.0","","5 oz","5 oz","15485.jpg",,"2"
"8560","Cooking Needs","Condiments & Sauces","Oils & Vinegars","Pam","Pam Coconut Oil Cooking Spray","Pam Coconut Oil Cooking Spray","4.69","0.0","","5 oz","5 oz","15492.jpg",,"2"
"8561","Cooking Needs","Condiments & Sauces","Oils & Vinegars","Pam","Pam Olive Cooking Spray","Pam Olive Cooking Spray","3.69","0.0","","5 oz","5 oz","17968.jpg",,"2"
"8562","Cooking Needs","Condiments & Sauces","Oils & Vinegars","Pastene","Pastene 100% Pure Olive Oil","Pastene 100% Pure Olive Oil","26.89","0.0","","101 fl oz","101 fl oz","No Image.jpg",,"2"
"8563","Cooking Needs","Condiments & Sauces","Oils & Vinegars","Pastene","Pastene Balsamic Vinegar of Modena","Pastene Balsamic Vinegar of Modena","3.09","0.0","","16.9 fl oz","16.9 fl oz","15499.jpg",,"2"
"8564","Cooking Needs","Condiments & Sauces","Oils & Vinegars","Pastene","Pastene Sunflower Oil","Pastene Sunflower Oil","6.09","0.0","","16.9 fl oz","16.9 fl oz","15520.jpg",,"2"
"8565","Cooking Needs","Condiments & Sauces","Oils & Vinegars","Pastene","Pastene Vinegar Red Wine","Pastene Vinegar Red Wine","2.49","0.0","","25.4 fl oz","25.4 fl oz","15498.jpg",,"2"
"8566","Cooking Needs","Condiments & Sauces","Oils & Vinegars","Pure Wesson","Pure Wesson Best Blend Oil","Pure Wesson Best Blend Oil","4.29","0.0","","48 fl oz","48 fl oz","1826.jpg",,"2"
"8567","Cooking Needs","Condiments & Sauces","Oils & Vinegars","Pure Wesson","Pure Wesson Canola Oil","Pure Wesson Canola Oil","9.19","0.0","","1 gal","1 gal","1821.jpg",,"2"
"8568","Cooking Needs","Condiments & Sauces","Oils & Vinegars","Pure Wesson","Pure Wesson Canola Oil","Pure Wesson Canola Oil","4.29","0.0","","48 fl oz","48 fl oz","1824.jpg",,"2"
"8569","Cooking Needs","Condiments & Sauces","Oils & Vinegars","Pure Wesson","Pure Wesson Canola Oil","Pure Wesson Canola Oil","4.09","0.0","","24 oz","24 oz","1825.jpg",,"2"
"8570","Cooking Needs","Condiments & Sauces","Oils & Vinegars","Pure Wesson","Pure Wesson Vegetable Oil","Pure Wesson Vegetable Oil","4.29","0.0","","48 fl oz","48 fl oz","1822.jpg",,"2"
"8571","Cooking Needs","Condiments & Sauces","Oils & Vinegars","Pure Wesson","Pure Wesson Vegetable Oil","Pure Wesson Vegetable Oil","10.99","0.0","","128 fl oz","128 fl oz","1823.jpg",,"2"
"8572","Cooking Needs","Condiments & Sauces","Oils & Vinegars","Reese","Reese Cooking Wine, Red","Reese Cooking Wine, Red","3.69","0.0","","12.7 oz","12.7 oz","15526.jpg",,"2"
"8573","Cooking Needs","Condiments & Sauces","Oils & Vinegars","Reese","Reese Tarragon Sprig Wine Vinegar","Reese Tarragon Sprig Wine Vinegar","3.69","0.0","","12.7 fl oz","12.7 fl oz","17967.jpg",,"2"
"8574","Cooking Needs","Condiments & Sauces","Oils & Vinegars","Smart Balance","Smart Balance Cholesterol Free Vegetable Oil Blend","Smart Balance Cholesterol Free Vegetable Oil Blend","5.19","0.0","","48 fl oz","48 fl oz","15479.jpg",,"2"
"8575","Cooking Needs","Condiments & Sauces","Oils & Vinegars","Smart Balance","Smart Balance Non Stick Original Cooking Spray","Smart Balance Non Stick Original Cooking Spray","3.09","0.0","","6 oz","6 oz","15504.jpg",,"2"
"8576","Cooking Needs","Condiments & Sauces","Oils & Vinegars","Spectrum","Spectrum Coconut Spray Oil","Spectrum Coconut Spray Oil","6.09","0.0","","6 oz","6 oz","1836.jpg",,"2"
"8577","Cooking Needs","Condiments & Sauces","Oils & Vinegars","Spectrum","Spectrum Essentials Organic Flax Oil","Spectrum Essentials Organic Flax Oil","10.99","0.0","","8 oz","8 oz","15482.jpg",,"2"
"8578","Cooking Needs","Condiments & Sauces","Oils & Vinegars","Spectrum","Spectrum Organic Canola Oil","Spectrum Organic Canola Oil","8.29","0.0","","16 fl oz","16 fl oz","1832.jpg",,"2"
"8579","Cooking Needs","Condiments & Sauces","Oils & Vinegars","Spectrum","Spectrum Organic Coconut Oil","Spectrum Organic Coconut Oil","9.79","0.0","","14 fl oz","14 fl oz","1833.jpg",,"2"
"8580","Cooking Needs","Condiments & Sauces","Oils & Vinegars","Spectrum","Spectrum Organic Unrefined Coconut Oil","Spectrum Organic Unrefined Coconut Oil","12.19","0.0","","14 fl oz","14 fl oz","1834.jpg",,"2"
"8581","Cooking Needs","Condiments & Sauces","Oils & Vinegars","Spectrum","Spectrum Walnut Oil","Spectrum Walnut Oil","8.59","0.0","","16 fl oz","16 fl oz","1835.jpg",,"2"
"8582","Cooking Needs","Condiments & Sauces","Oils & Vinegars","Vermont Village","Vermont Village Apple Cider Vinegar Raw & Organic","Vermont Village Apple Cider Vinegar Raw & Organic","6.09","0.0","","32 fl oz","32 fl oz","15511.jpg",,"2"
"8583","Cooking Needs","Condiments & Sauces","Oils & Vinegars","Vermont Village","Vermont Village Apple Cider Vinegar Raw & Organic","Vermont Village Apple Cider Vinegar Raw & Organic","4.89","0.0","","16 fl oz","16 fl oz","15517.jpg",,"2"
"8584","Cooking Needs","Condiments & Sauces","Pickled Goods & Olives","Alessi","Alessi Balsamic Capers","Alessi Balsamic Capers","4.89","0.0","","7 fl oz","7 fl oz","15549.jpg",,"2"
"8585","Cooking Needs","Condiments & Sauces","Pickled Goods & Olives","B&G","B&G Peppers Hot Chopped Sandwich Toppers","B&G Peppers Hot Chopped Sandwich Toppers","4.29","0.0","","16 oz","16 oz","15546.jpg",,"2"
"8586","Cooking Needs","Condiments & Sauces","Pickled Goods & Olives","Ba-Tampte","Ba Tampte Half Sour Pickles","Ba Tampte Half Sour Pickles","3.69","0.0","","32 fl oz","32 fl oz","15532.jpg",,"2"
"8587","Cooking Needs","Condiments & Sauces","Pickled Goods & Olives","Ba-Tampte","Ba Tampte Pickled Tomatoes","Ba Tampte Pickled Tomatoes","3.69","0.0","","32 fl oz","32 fl oz","15547.jpg",,"2"
"8588","Cooking Needs","Condiments & Sauces","Pickled Goods & Olives","BaTampte","BaTampte Sauer Kraut","BaTampte Sauer Kraut","3.69","0.0","","32 oz","32 oz","15545.jpg",,"2"
"8589","Cooking Needs","Condiments & Sauces","Pickled Goods & Olives","Botticelli","Botticelli Fire Roasted Sweet Red Peppers","Botticelli Fire Roasted Sweet Red Peppers","3.29","0.0","","24 oz","24 oz","No Image.jpg",,"2"
"8590","Cooking Needs","Condiments & Sauces","Pickled Goods & Olives","Cains","Cains Babies Polish Dill Gherkins","Cains Babies Polish Dill Gherkins","3.19","0.0","","24 oz","24 oz","No Image.jpg",,"2"
"8591","Cooking Needs","Condiments & Sauces","Pickled Goods & Olives","Cains","Cains Kosher Lil' Dills","Cains Kosher Lil' Dills","3.19","0.0","","24 oz","24 oz","No Image.jpg",,"2"
"8592","Cooking Needs","Condiments & Sauces","Pickled Goods & Olives","Cains","Cains No Sugar Sugar Free Sweet Pickle Relish","Cains No Sugar Sugar Free Sweet Pickle Relish","2.69","0.0","","16 fl oz","16 fl oz","1921.jpg",,"2"
"8593","Cooking Needs","Condiments & Sauces","Pickled Goods & Olives","Cains","Cains Old Fashioned Sweet Gherkins","Cains Old Fashioned Sweet Gherkins","3.49","0.0","","16 fl oz","16 fl oz","1920.jpg",,"2"
"8594","Cooking Needs","Condiments & Sauces","Pickled Goods & Olives","Cains","Cains Reduced Sodium Hamburger Pickle Chips","Cains Reduced Sodium Hamburger Pickle Chips","2.69","0.0","","16 fl oz","16 fl oz","1919.jpg",,"2"
"8595","Cooking Needs","Condiments & Sauces","Pickled Goods & Olives","Cains","Cains Sweet Bread & Butter Chips","Cains Sweet Bread & Butter Chips","1.99","0.0","","16 fl oz","16 fl oz","1918.jpg",,"2"
"8596","Cooking Needs","Condiments & Sauces","Pickled Goods & Olives","Canada Dry","Canada Dry All Natural Sparkling Seltzer Water Pomegranate Cherry","Canada Dry All Natural Sparkling Seltzer Water Pomegranate Cherry","4.29","0.0","","12 fl oz","12 fl oz","15535.jpg",,"2"
"8597","Cooking Needs","Condiments & Sauces","Pickled Goods & Olives","Casa Italica","Casa Italica Jalapenos, Sliced, Value Size!","Casa Italica Jalapenos, Sliced, Value Size!","1.89","0.0","","24 oz","24 oz","1928.jpg",,"2"
"8598","Cooking Needs","Condiments & Sauces","Pickled Goods & Olives","Casa Italica","Casa Italica Kalamata Olives","Casa Italica Kalamata Olives","3.49","0.0","","13.2 oz","13.2 oz","No Image.jpg",,"2"
"8599","Cooking Needs","Condiments & Sauces","Pickled Goods & Olives","Casa Italica","Casa Italica Spanish Manzanilla Stuffed Olives","Casa Italica Spanish Manzanilla Stuffed Olives","1.29","0.0","","5.75 oz","5.75 oz","No Image.jpg",,"2"
"8600","Cooking Needs","Condiments & Sauces","Pickled Goods & Olives","Casa Italica","Casa Italica Spanish Queens Olives","Casa Italica Spanish Queens Olives","3.09","0.0","","10 oz","10 oz","No Image.jpg",,"2"
"8601","Cooking Needs","Condiments & Sauces","Pickled Goods & Olives","Claussen","Claussen Kosher Deli Style Pickle Halves","Claussen Kosher Deli Style Pickle Halves","3.69","0.0","","32 fl oz","32 fl oz","1923.jpg",,"2"
"8602","Cooking Needs","Condiments & Sauces","Pickled Goods & Olives","Claussen","Claussen Kosher Deli Style Pickle Spears","Claussen Kosher Deli Style Pickle Spears","3.69","0.0","","24 fl oz","24 fl oz","1924.jpg",,"2"
"8603","Cooking Needs","Condiments & Sauces","Pickled Goods & Olives","Claussen","Claussen Kosher Dill Deli Style Pickle Spears","Claussen Kosher Dill Deli Style Pickle Spears","6.09","0.0","","64 fl oz","64 fl oz","1927.jpg",,"2"
"8604","Cooking Needs","Condiments & Sauces","Pickled Goods & Olives","Claussen","Claussen Kosher Dill Whole Pickles","Claussen Kosher Dill Whole Pickles","4.49","0.0","","32 fl oz","32 fl oz","1925.jpg",,"1"
"8605","Cooking Needs","Condiments & Sauces","Pickled Goods & Olives","Claussen","Claussen Mini Kosher Dill Pickles","Claussen Mini Kosher Dill Pickles","3.69","0.0","","20 fl oz","20 fl oz","1926.jpg",,"1"
"8606","Cooking Needs","Condiments & Sauces","Pickled Goods & Olives","Essential Everyday","Essential Everyday Pimento Stuffed Manzanilla Olives","Essential Everyday Pimento Stuffed Manzanilla Olives","2.19","0.0","","5.75 oz","5.75 oz","15538.jpg",,"2"
"8607","Cooking Needs","Condiments & Sauces","Pickled Goods & Olives","Lindsay","Lindsay Recloseables California Ripe Pitted Extra Large Olives","Lindsay Recloseables California Ripe Pitted Extra Large Olives","1.89","0.0","","5 oz","5 oz","15541.jpg",,"2"
"8608","Cooking Needs","Condiments & Sauces","Pickled Goods & Olives","Pearls","Pearls Extra Large Pitted California Ripe Olives","Pearls Extra Large Pitted California Ripe Olives","2.89","0.0","","6 oz","6 oz","1895.jpg",,"2"
"8609","Cooking Needs","Condiments & Sauces","Pickled Goods & Olives","Goya","Goya Alcaparrado Manzanilla Olives Pimientos & Capers","Goya Alcaparrado Manzanilla Olives Pimientos & Capers","2.69","0.0","","10 oz","10 oz","1879.jpg",,"7"
"8610","Cooking Needs","Condiments & Sauces","Pickled Goods & Olives","Goya","Goya Alcaparrado Manzanilla Olives Pimientos & Capers Pitted","Goya Alcaparrado Manzanilla Olives Pimientos & Capers Pitted","2.79","0.0","","9.5 oz","9.5 oz","1878.jpg",,"7"
"8611","Cooking Needs","Condiments & Sauces","Pickled Goods & Olives","Goya","Goya Alcaparrado, Pimientos & Capers Manzanilla Olives","Goya Alcaparrado, Pimientos & Capers Manzanilla Olives","4.89","0.0","","20 oz","20 oz","1869.jpg",,"7"
"8612","Cooking Needs","Condiments & Sauces","Pickled Goods & Olives","Goya","Goya Capers","Goya Capers","2.99","0.0","","3.5 oz","3.5 oz","1876.jpg",,"7"
"8613","Cooking Needs","Condiments & Sauces","Pickled Goods & Olives","Goya","Goya Capers Nonpareilles","Goya Capers Nonpareilles","3.29","0.0","","2.5 oz","2.5 oz","1877.jpg",,"7"
"8614","Cooking Needs","Condiments & Sauces","Pickled Goods & Olives","Goya","Goya Cocktail Olives","Goya Cocktail Olives","2.19","0.0","","5.5 oz","5.5 oz","1872.jpg",,"7"
"8615","Cooking Needs","Condiments & Sauces","Pickled Goods & Olives","Goya","Goya Manzanilla Spanish Olives with Pimientos","Goya Manzanilla Spanish Olives with Pimientos","2.49","0.0","","6.75 oz","6.75 oz","1874.jpg",,"7"
"8616","Cooking Needs","Condiments & Sauces","Pickled Goods & Olives","Goya","Goya Manzanilla Spanish Olives with Pimientos","Goya Manzanilla Spanish Olives with Pimientos","2.99","0.0","","9.5 oz","9.5 oz","1875.jpg",,"7"
"8617","Cooking Needs","Condiments & Sauces","Pickled Goods & Olives","Goya","Goya Olives, Spanish, Stuffed Queen, with Minced Pimientos","Goya Olives, Spanish, Stuffed Queen, with Minced Pimientos","3.69","0.0","","9 oz","9 oz","1871.jpg",,"7"
"8618","Cooking Needs","Condiments & Sauces","Pickled Goods & Olives","Goya","Goya Salad Olives","Goya Salad Olives","2.49","0.0","","7 oz","7 oz","1873.jpg",,"7"
"8619","Cooking Needs","Condiments & Sauces","Pickled Goods & Olives","Goya","Goya Stuffed Olives Minced Tuna","Goya Stuffed Olives Minced Tuna","2.69","0.0","","148.8 g","148.8 g","1870.jpg",,"7"
"8620","Cooking Needs","Condiments & Sauces","Pickled Goods & Olives","Market Basket","Market Basket Dill Polish Spear Pickles","Market Basket Dill Polish Spear Pickles","2.49","0.0","","24 fl oz","24 fl oz","Market Basket.jpg",,"2"
"8621","Cooking Needs","Condiments & Sauces","Pickled Goods & Olives","Market Basket","Market Basket Hamburger Dill Oval Chips","Market Basket Hamburger Dill Oval Chips","2.49","0.0","","24 fl oz","24 fl oz","Market Basket.jpg",,"2"
"8622","Cooking Needs","Condiments & Sauces","Pickled Goods & Olives","Market Basket","Market Basket Hamburger Sliced Dill Pickles","Market Basket Hamburger Sliced Dill Pickles","1.89","0.0","","16 oz","16 oz","Market Basket.jpg",,"2"
"8623","Cooking Needs","Condiments & Sauces","Pickled Goods & Olives","Market Basket","Market Basket Hot Jalapeo Slices","Market Basket Hot Jalapeo Slices","1.49","0.0","","12 fl oz","12 fl oz","Market Basket.jpg",,"2"
"8624","Cooking Needs","Condiments & Sauces","Pickled Goods & Olives","Market Basket","Market Basket Kalamata Olives","Market Basket Kalamata Olives","7.39","0.0","","14 oz","14 oz","Market Basket.jpg",,"2"
"8625","Cooking Needs","Condiments & Sauces","Pickled Goods & Olives","Market Basket","Market Basket Kosher Baby Dill Pickles","Market Basket Kosher Baby Dill Pickles","1.89","0.0","","16 fl oz","16 fl oz","Market Basket.jpg",,"2"
"8626","Cooking Needs","Condiments & Sauces","Pickled Goods & Olives","Market Basket","Market Basket Kosher Baby Dill Pickles","Market Basket Kosher Baby Dill Pickles","3.29","0.0","","32 fl oz","32 fl oz","Market Basket.jpg",,"2"
"8627","Cooking Needs","Condiments & Sauces","Pickled Goods & Olives","Market Basket","Market Basket Kosher Dill Pickle Chips","Market Basket Kosher Dill Pickle Chips","2.49","0.0","","24 fl oz","24 fl oz","Market Basket.jpg",,"2"
"8628","Cooking Needs","Condiments & Sauces","Pickled Goods & Olives","Market Basket","Market Basket Kosher Dill Pickle Spears","Market Basket Kosher Dill Pickle Spears","2.49","0.0","","24 fl oz","24 fl oz","Market Basket.jpg",,"2"
"8629","Cooking Needs","Condiments & Sauces","Pickled Goods & Olives","Market Basket","Market Basket Kosher Petite Dill Pickles","Market Basket Kosher Petite Dill Pickles","3.29","0.0","","32 fl oz","32 fl oz","Market Basket.jpg",,"2"
"8630","Cooking Needs","Condiments & Sauces","Pickled Goods & Olives","Market Basket","Market Basket Kosher Sandwich Dill Slices","Market Basket Kosher Sandwich Dill Slices","2.49","0.0","","16 fl oz","16 fl oz","Market Basket.jpg",,"2"
"8631","Cooking Needs","Condiments & Sauces","Pickled Goods & Olives","Market Basket","Market Basket Kosher Whole Dill Pickles","Market Basket Kosher Whole Dill Pickles","3.69","0.0","","46 fl oz","46 fl oz","Market Basket.jpg",,"2"
"8632","Cooking Needs","Condiments & Sauces","Pickled Goods & Olives","Market Basket","Market Basket Kosher Whole Dill Pickles","Market Basket Kosher Whole Dill Pickles","4.89","0.0","","128 fl oz","128 fl oz","Market Basket.jpg",,"2"
"8633","Cooking Needs","Condiments & Sauces","Pickled Goods & Olives","Market Basket","Market Basket Manzanilla Spanish Olives With Pimientos","Market Basket Manzanilla Spanish Olives With Pimientos","2.49","0.0","","10 oz","10 oz","Market Basket.jpg",,"2"
"8634","Cooking Needs","Condiments & Sauces","Pickled Goods & Olives","Market Basket","Market Basket Napkins","Market Basket Napkins","2.49","0.0","","250 count","250 count","Market Basket.jpg",,"14"
"8635","Cooking Needs","Condiments & Sauces","Pickled Goods & Olives","Market Basket","Market Basket Olives, Spanish, Manzanilla","Market Basket Olives, Spanish, Manzanilla","3.49","0.0","","15 oz","15 oz","1848.jpg",,"2"
"8636","Cooking Needs","Condiments & Sauces","Pickled Goods & Olives","Market Basket","Market Basket Salad Spanish Olives","Market Basket Salad Spanish Olives","2.09","0.0","","10 oz","10 oz","Market Basket.jpg",,"2"
"8637","Cooking Needs","Condiments & Sauces","Pickled Goods & Olives","Market Basket","Market Basket Sauerkraut","Market Basket Sauerkraut","0.99","0.0","","14.5 oz","14.5 oz","Market Basket.jpg",,"2"
"8638","Cooking Needs","Condiments & Sauces","Pickled Goods & Olives","Market Basket","Market Basket Sauerkraut","Market Basket Sauerkraut","0.79","0.0","","8 oz","8 oz","Market Basket.jpg",,"2"
"8639","Cooking Needs","Condiments & Sauces","Pickled Goods & Olives","Market Basket","Market Basket Sliced Manzanilla Spanish Olives With Pimientos","Market Basket Sliced Manzanilla Spanish Olives With Pimientos","1.29","0.0","","5 oz","5 oz","Market Basket.jpg",,"2"
"8640","Cooking Needs","Condiments & Sauces","Pickled Goods & Olives","Market Basket","Market Basket Sweet Bread & Butter Chips No Salt","Market Basket Sweet Bread & Butter Chips No Salt","1.99","0.0","","16 fl oz","16 fl oz","Market Basket.jpg",,"2"
"8641","Cooking Needs","Condiments & Sauces","Pickled Goods & Olives","Market Basket","Market Basket Sweet Garden Mix Pickles","Market Basket Sweet Garden Mix Pickles","2.49","0.0","","16 fl oz","16 fl oz","Market Basket.jpg",,"2"
"8642","Cooking Needs","Condiments & Sauces","Pickled Goods & Olives","Market Basket","Market Basket Sweet Whole Gherkin Pickles With Splenda","Market Basket Sweet Whole Gherkin Pickles With Splenda","2.49","0.0","","16 fl oz","16 fl oz","Market Basket.jpg",,"2"
"8643","Cooking Needs","Condiments & Sauces","Pickled Goods & Olives","Mediterranean Organics","Mediterranean Organics Wild Non Pareil Capers","Mediterranean Organics Wild Non Pareil Capers","3.69","0.0","","3.5 oz","3.5 oz","15542.jpg",,"2"
"8644","Cooking Needs","Condiments & Sauces","Pickled Goods & Olives","Mezzetta","Mezzetta Deli Sliced Mild Pepper Rings","Mezzetta Deli Sliced Mild Pepper Rings","1.89","0.0","","16 fl oz","16 fl oz","1911.jpg",,"2"
"8645","Cooking Needs","Condiments & Sauces","Pickled Goods & Olives","Mezzetta","Mezzetta Deli Sliced Tamed Jalapeno Peppers","Mezzetta Deli Sliced Tamed Jalapeno Peppers","1.89","0.0","","16 fl oz","16 fl oz","1917.jpg",,"2"
"8646","Cooking Needs","Condiments & Sauces","Pickled Goods & Olives","Mezzetta","Mezzetta Garlic & Dill Golden Peperoncini","Mezzetta Garlic & Dill Golden Peperoncini","1.89","0.0","","16 fl oz","16 fl oz","1915.jpg",,"2"
"8647","Cooking Needs","Condiments & Sauces","Pickled Goods & Olives","Mezzetta","Mezzetta Kalamata Olives Sliced Greek","Mezzetta Kalamata Olives Sliced Greek","6.09","0.0","","9.5 oz","9.5 oz","1914.jpg",,"2"
"8648","Cooking Needs","Condiments & Sauces","Pickled Goods & Olives","Mezzetta","Mezzetta Olives, Kalamata, Pitted Greek, Jar","Mezzetta Olives, Kalamata, Pitted Greek, Jar","6.09","0.0","","9.5 oz","9.5 oz","1912.jpg",,"2"
"8649","Cooking Needs","Condiments & Sauces","Pickled Goods & Olives","Mezzetta","Mezzetta Peperoncini, Sliced, Golden Greek, Medium Heat, Bottle","Mezzetta Peperoncini, Sliced, Golden Greek, Medium Heat, Bottle","1.89","0.0","","16 fl oz","16 fl oz","1916.jpg",,"2"
"8650","Cooking Needs","Condiments & Sauces","Pickled Goods & Olives","Mezzetta","Mezzetta Sweet Cherry Peppers","Mezzetta Sweet Cherry Peppers","1.89","0.0","","16 fl oz","16 fl oz","1913.jpg",,"2"
"8651","Cooking Needs","Condiments & Sauces","Pickled Goods & Olives","Mezzetta","Mezzettas Peperoncini, Golden Greek, Medium Heat, Jar","Mezzettas Peperoncini, Golden Greek, Medium Heat, Jar","1.89","0.0","","16 fl oz","16 fl oz","15537.jpg",,"2"
"8652","Cooking Needs","Condiments & Sauces","Pickled Goods & Olives","Mrs. Fanning's","Mrs. Fanning's Bread'n Butter Pickles The Original","Mrs. Fanning's Bread'n Butter Pickles The Original","1.49","0.0","","12 fl oz","12 fl oz","15544.jpg",,"2"
"8653","Cooking Needs","Condiments & Sauces","Pickled Goods & Olives","Mrs. Renfro's","Mrs. Renfro's Jalapeno Peppers Nacho Sliced","Mrs. Renfro's Jalapeno Peppers Nacho Sliced","3.69","0.0","","16 oz","16 oz","15531.jpg",,"2"
"8654","Cooking Needs","Condiments & Sauces","Pickled Goods & Olives","Mt. Olive","Mt. Olive Kosher Baby Dills","Mt. Olive Kosher Baby Dills","3.09","0.0","","24 oz","24 oz","1882.jpg",,"2"
"8655","Cooking Needs","Condiments & Sauces","Pickled Goods & Olives","Mt. Olive","Mt. Olive Kosher Dill Petite Snack Crunchers","Mt. Olive Kosher Dill Petite Snack Crunchers","2.49","0.0","","16 fl oz","16 fl oz","1883.jpg",,"2"
"8656","Cooking Needs","Condiments & Sauces","Pickled Goods & Olives","Mt. Olive","Mt. Olive Kosher Dill Petites Portable Pickle Pak","Mt. Olive Kosher Dill Petites Portable Pickle Pak","3.09","0.0","","4 count","4 count","1884.jpg",,"2"
"8657","Cooking Needs","Condiments & Sauces","Pickled Goods & Olives","Mt. Olive","Mt. Olive Kosher Dill Sandwich Stuffers","Mt. Olive Kosher Dill Sandwich Stuffers","2.69","0.0","","24 fl oz","24 fl oz","1885.jpg",,"2"
"8658","Cooking Needs","Condiments & Sauces","Pickled Goods & Olives","Mt. Olive","Mt. Olive Kosher Dill Spears","Mt. Olive Kosher Dill Spears","2.69","0.0","","24 fl oz","24 fl oz","1889.jpg",,"2"
"8659","Cooking Needs","Condiments & Sauces","Pickled Goods & Olives","Mt. Olive","Mt. Olive Kosher Dill Spears","Mt. Olive Kosher Dill Spears","2.69","0.0","","24 fl oz","24 fl oz","1890.jpg",,"2"
"8660","Cooking Needs","Condiments & Sauces","Pickled Goods & Olives","Mt. Olive","Mt. Olive Kosher Dills Pickles","Mt. Olive Kosher Dills Pickles","3.29","0.0","","1.36 L","1.36 L","1886.jpg",,"2"
"8661","Cooking Needs","Condiments & Sauces","Pickled Goods & Olives","Mt. Olive","Mt. Olive Old Fashioned Sweet Bread & Butter Chips","Mt. Olive Old Fashioned Sweet Bread & Butter Chips","2.49","0.0","","710 ml","710 ml","1881.jpg",,"2"
"8662","Cooking Needs","Condiments & Sauces","Pickled Goods & Olives","Mt. Olive","Mt. Olive Old Fashioned Sweet Bread & Butter Sandwich Stuffers Pickles","Mt. Olive Old Fashioned Sweet Bread & Butter Sandwich Stuffers Pickles","2.49","0.0","","1 pint","1 pint","1880.jpg",,"2"
"8663","Cooking Needs","Condiments & Sauces","Pickled Goods & Olives","Mt. Olive","Mt. Olive Sandwich Stuffers Kosher Dill Pickles","Mt. Olive Sandwich Stuffers Kosher Dill Pickles","2.74","0.0","","1 pint","1 pint","1888.jpg",,"2"
"8664","Cooking Needs","Condiments & Sauces","Pickled Goods & Olives","Mt. Olive","Mt. Olive Zesty Garlic Kosher Spears","Mt. Olive Zesty Garlic Kosher Spears","2.69","0.0","","710 ml","710 ml","1887.jpg",,"2"
"8665","Cooking Needs","Condiments & Sauces","Pickled Goods & Olives","Nathan's","Nathan's Kosher Spears, New York","Nathan's Kosher Spears, New York","3.59","0.0","","24 oz","24 oz","15550.jpg",,"2"
"8666","Cooking Needs","Condiments & Sauces","Pickled Goods & Olives","Nathan's","Nathan's Pickles, Half Sour, New York","Nathan's Pickles, Half Sour, New York","3.99","0.0","","32 oz","32 oz","15534.jpg",,"2"
"8667","Cooking Needs","Condiments & Sauces","Pickled Goods & Olives","Nellie's","Aunt Nellie's Sliced Pickled Beets","Aunt Nellie's Sliced Pickled Beets","1.69","0.0","","16 oz","16 oz","15540.jpg",,"9"
"8668","Cooking Needs","Condiments & Sauces","Pickled Goods & Olives","Nellie's","Aunt Nellie's Whole Pickled Beets","Aunt Nellie's Whole Pickled Beets","1.59","0.0","","16 oz","16 oz","15539.jpg",,"2"
"8669","Cooking Needs","Condiments & Sauces","Pickled Goods & Olives","Pastene","Pastene Cherry Peppers","Pastene Cherry Peppers","4.59","0.0","","16 fl oz","16 fl oz","1849.jpg",,"2"
"8670","Cooking Needs","Condiments & Sauces","Pickled Goods & Olives","Pastene","Pastene Cherry Peppers Hot","Pastene Cherry Peppers Hot","4.59","0.0","","32 fl oz","32 fl oz","1852.jpg",,"2"
"8671","Cooking Needs","Condiments & Sauces","Pickled Goods & Olives","Pastene","Pastene Chipotle Pepper in Adobo Sauce","Pastene Chipotle Pepper in Adobo Sauce","2.19","0.0","","7 fl oz","7 fl oz","1865.jpg",,"2"
"8672","Cooking Needs","Condiments & Sauces","Pickled Goods & Olives","Pastene","Pastene Crushed Peppers Hot","Pastene Crushed Peppers Hot","3.09","0.0","","16 fl oz","16 fl oz","1866.jpg",,"2"
"8673","Cooking Needs","Condiments & Sauces","Pickled Goods & Olives","Pastene","Pastene Deli Sliced Peperoncini","Pastene Deli Sliced Peperoncini","3.09","0.0","","12 fl oz","12 fl oz","1855.jpg",,"2"
"8674","Cooking Needs","Condiments & Sauces","Pickled Goods & Olives","Pastene","Pastene Garlic Stuffed Olives","Pastene Garlic Stuffed Olives","5.89","0.0","","7 oz","7 oz","1856.jpg",,"2"
"8675","Cooking Needs","Condiments & Sauces","Pickled Goods & Olives","Pastene","Pastene Greek Black Olives","Pastene Greek Black Olives","4.69","0.0","","10 oz","10 oz","1867.jpg",,"2"
"8676","Cooking Needs","Condiments & Sauces","Pickled Goods & Olives","Pastene","Pastene Hot Jalapeno Peppers Sliced","Pastene Hot Jalapeno Peppers Sliced","4.59","0.0","","16 fl oz","16 fl oz","1857.jpg",,"2"
"8677","Cooking Needs","Condiments & Sauces","Pickled Goods & Olives","Pastene","Pastene Kalamata Olives","Pastene Kalamata Olives","4.89","0.0","","10 oz","10 oz","1854.jpg",,"2"
"8678","Cooking Needs","Condiments & Sauces","Pickled Goods & Olives","Pastene","Pastene Kalamata Olives Pitted","Pastene Kalamata Olives Pitted","4.89","0.0","","6.5 oz","6.5 oz","1853.jpg",,"2"
"8679","Cooking Needs","Condiments & Sauces","Pickled Goods & Olives","Pastene","Pastene Marinated Mushrooms","Pastene Marinated Mushrooms","6.09","0.0","","15.5 fl oz","15.5 fl oz","1858.jpg",,"2"
"8680","Cooking Needs","Condiments & Sauces","Pickled Goods & Olives","Pastene","Pastene Mushrooms Marinated","Pastene Mushrooms Marinated","4.09","0.0","","8 oz","8 oz","1861.jpg",,"2"
"8681","Cooking Needs","Condiments & Sauces","Pickled Goods & Olives","Pastene","Pastene Olives Stuffed Queen","Pastene Olives Stuffed Queen","4.29","0.0","","10 oz","10 oz","1860.jpg",,"2"
"8682","Cooking Needs","Condiments & Sauces","Pickled Goods & Olives","Pastene","Pastene Peperoncini","Pastene Peperoncini","2.49","0.0","","12 fl oz","12 fl oz","1850.jpg",,"2"
"8683","Cooking Needs","Condiments & Sauces","Pickled Goods & Olives","Pastene","Pastene Peperoncini Peppers In Vinegar","Pastene Peperoncini Peppers In Vinegar","3.69","0.0","","32 fl oz","32 fl oz","1851.jpg",,"2"
"8684","Cooking Needs","Condiments & Sauces","Pickled Goods & Olives","Pastene","Pastene Pepper Rings Hot","Pastene Pepper Rings Hot","4.59","0.0","","16 fl oz","16 fl oz","1864.jpg",,"2"
"8685","Cooking Needs","Condiments & Sauces","Pickled Goods & Olives","Pastene","Pastene Ripe Olives Pitted","Pastene Ripe Olives Pitted","2.49","0.0","","6 oz","6 oz","1862.jpg",,"2"
"8686","Cooking Needs","Condiments & Sauces","Pickled Goods & Olives","Pastene","Pastene Ripe Olives Sliced","Pastene Ripe Olives Sliced","2.49","0.0","","6.5 oz","6.5 oz","1863.jpg",,"2"
"8687","Cooking Needs","Condiments & Sauces","Pickled Goods & Olives","Pastene","Pastene Sicilian Style Olives","Pastene Sicilian Style Olives","3.09","0.0","","10 oz","10 oz","1859.jpg",,"2"
"8688","Cooking Needs","Condiments & Sauces","Pickled Goods & Olives","Pastene","Pastene Sweet Banana Peppers","Pastene Sweet Banana Peppers","4.69","0.0","","32 fl oz","32 fl oz","No Image.jpg",,"2"
"8689","Cooking Needs","Condiments & Sauces","Pickled Goods & Olives","Pastene","Pastene Tomato Sun Dried Halves","Pastene Tomato Sun Dried Halves","6.09","0.0","","7 oz","7 oz","1868.jpg",,"2"
"8690","Cooking Needs","Condiments & Sauces","Pickled Goods & Olives","Pearls","Pearls Black Pitted Large California Ripe Olives","Pearls Black Pitted Large California Ripe Olives","3.69","0.0","","4 x 1.2 oz","4 x 1.2 oz","1893.jpg",,"2"
"8691","Cooking Needs","Condiments & Sauces","Pickled Goods & Olives","Pearls","Pearls Large Pitted California Ripe Olives","Pearls Large Pitted California Ripe Olives","1.89","0.0","","6 oz","6 oz","1891.jpg",,"2"
"8692","Cooking Needs","Condiments & Sauces","Pickled Goods & Olives","Pearls","Pearls Medium Pitted California Ripe Olives","Pearls Medium Pitted California Ripe Olives","2.89","0.0","","6 oz","6 oz","1899.jpg",,"2"
"8693","Cooking Needs","Condiments & Sauces","Pickled Goods & Olives","Pearls","Pearls Reduced Sodium Pimiento Stuffed Manzanilla Olives","Pearls Reduced Sodium Pimiento Stuffed Manzanilla Olives","2.49","0.0","","5.75 oz","5.75 oz","1896.jpg",,"2"
"8694","Cooking Needs","Condiments & Sauces","Pickled Goods & Olives","Pearls","Pearls Sliced California Ripe Olives","Pearls Sliced California Ripe Olives","1.49","0.0","","2.5 oz","2.5 oz","1894.jpg",,"2"
"8695","Cooking Needs","Condiments & Sauces","Pickled Goods & Olives","Pearls","Pearls Small Pitted California Ripe Olives","Pearls Small Pitted California Ripe Olives","1.29","0.0","","6 oz","6 oz","1892.jpg",,"2"
"8696","Cooking Needs","Condiments & Sauces","Pickled Goods & Olives","Pearls","Pearls Specialties Blue Cheese Hand Stuffed Queen Olives","Pearls Specialties Blue Cheese Hand Stuffed Queen Olives","4.89","0.0","","6.7 oz","6.7 oz","15548.jpg",,"2"
"8697","Cooking Needs","Condiments & Sauces","Pickled Goods & Olives","Pearls","Pearls Specialties Garlic Stuffed Queen Olives","Pearls Specialties Garlic Stuffed Queen Olives","4.89","0.0","","7 oz","7 oz","1897.jpg",,"2"
"8698","Cooking Needs","Condiments & Sauces","Pickled Goods & Olives","Pearls","Pearls Specialties Kalamata Sliced Olives","Pearls Specialties Kalamata Sliced Olives","4.89","0.0","","6.7 oz","6.7 oz","1900.jpg",,"2"
"8699","Cooking Needs","Condiments & Sauces","Pickled Goods & Olives","Pearls","Pearls Specialties Pitted Kalamata Greek Olives","Pearls Specialties Pitted Kalamata Greek Olives","4.89","0.0","","6 oz","6 oz","1898.jpg",,"2"
"8700","Cooking Needs","Condiments & Sauces","Pickled Goods & Olives","Peloponnese","Peloponnese Pitted Kalamata Olives","Peloponnese Pitted Kalamata Olives","6.09","0.0","","11.1 oz","11.1 oz","15551.jpg",,"2"
"8701","Cooking Needs","Condiments & Sauces","Pickled Goods & Olives","Reese","Reese Non Pareil Capers","Reese Non Pareil Capers","3.69","0.0","","3.5 fl oz","3.5 fl oz","15543.jpg",,"2"
"8702","Cooking Needs","Condiments & Sauces","Pickled Goods & Olives","Silver Floss","Silver Floss Barrel Cured Sauerkraut","Silver Floss Barrel Cured Sauerkraut","2.79","0.0","","2 lb","2 lb","15533.jpg",,"2"
"8703","Cooking Needs","Condiments & Sauces","Pickled Goods & Olives","Trappey's","Trappey's Hot Jalapeno Peppers","Trappey's Hot Jalapeno Peppers","2.99","0.0","","12 oz","12 oz","15536.jpg",,"2"
"8704","Cooking Needs","Condiments & Sauces","Pickled Goods & Olives","Vlasic","Vlasic Bread & Butter Chips","Vlasic Bread & Butter Chips","2.99","0.0","","24 fl oz","24 fl oz","1904.jpg",,"2"
"8705","Cooking Needs","Condiments & Sauces","Pickled Goods & Olives","Vlasic","Vlasic Kosher Dill Gherkins","Vlasic Kosher Dill Gherkins","3.69","0.0","","16 fl oz","16 fl oz","1905.jpg",,"2"
"8706","Cooking Needs","Condiments & Sauces","Pickled Goods & Olives","Vlasic","Vlasic Kosher Dill Spears Lightly Salted","Vlasic Kosher Dill Spears Lightly Salted","3.69","0.0","","24 oz","24 oz","1907.jpg",,"2"
"8707","Cooking Needs","Condiments & Sauces","Pickled Goods & Olives","Vlasic","Vlasic Kosher Dill Spears Pickles","Vlasic Kosher Dill Spears Pickles","2.99","0.0","","24 fl oz","24 fl oz","1901.jpg",,"2"
"8708","Cooking Needs","Condiments & Sauces","Pickled Goods & Olives","Vlasic","Vlasic Kosher Dill Whole Pickles","Vlasic Kosher Dill Whole Pickles","4.89","0.0","","1 gal","1 gal","1909.jpg",,"2"
"8709","Cooking Needs","Condiments & Sauces","Pickled Goods & Olives","Vlasic","Vlasic Kosher Dill, Minis, Snack'mms, Jar","Vlasic Kosher Dill, Minis, Snack'mms, Jar","2.49","0.0","","16 fl oz","16 fl oz","1902.jpg",,"2"
"8710","Cooking Needs","Condiments & Sauces","Pickled Goods & Olives","Vlasic","Vlasic Purely Pickles Kosher Dill Stackers","Vlasic Purely Pickles Kosher Dill Stackers","2.49","0.0","","16 fl oz","16 fl oz","1908.jpg",,"2"
"8711","Cooking Needs","Condiments & Sauces","Pickled Goods & Olives","Vlasic","Vlasic Stackers Bread & Butter Pickles","Vlasic Stackers Bread & Butter Pickles","2.69","0.0","","16 fl oz","16 fl oz","1910.jpg",,"2"
"8712","Cooking Needs","Condiments & Sauces","Pickled Goods & Olives","Vlasic","Vlasic Stackers Kosher Dill","Vlasic Stackers Kosher Dill","2.49","0.0","","16 fl oz","16 fl oz","1903.jpg",,"2"
"8713","Cooking Needs","Condiments & Sauces","Pickled Goods & Olives","Vlasic","Vlasic Stackers Kosher Dill Pickles","Vlasic Stackers Kosher Dill Pickles","3.29","0.0","","24 fl oz","24 fl oz","1906.jpg",,"2"
"8714","Cooking Needs","Condiments & Sauces","Preserved Dips & Spreads","Cabot Creamery","Cabot Creamery Garden Veggie Dip","Cabot Creamery Garden Veggie Dip","2.09","0.0","","12 oz","12 oz","15593.jpg",,"N/A"
"8715","Cooking Needs","Condiments & Sauces","Preserved Dips & Spreads","Calavo","Calavo Guacamole, Mild","Calavo Guacamole, Mild","3.69","0.0","","12 oz","12 oz","2005.jpg",,"N/A"
"8716","Cooking Needs","Condiments & Sauces","Preserved Dips & Spreads","Calavo","Calavo Guacamole, Spicy","Calavo Guacamole, Spicy","3.89","0.0","","12 oz","12 oz","No Image.jpg",,"N/A"
"8717","Cooking Needs","Condiments & Sauces","Preserved Dips & Spreads","Calavo","Calavo Single Serve Guacamole Mild 6 CT","Calavo Single Serve Guacamole Mild 6 CT","3.69","0.0","","2 oz","2 oz","2006.jpg",,"N/A"
"8718","Cooking Needs","Condiments & Sauces","Preserved Dips & Spreads","Cedar","Cedar All Natural Hommus, Chipotle","Cedar All Natural Hommus, Chipotle","2.49","0.0","","16 oz","16 oz","No Image.jpg",,"N/A"
"8719","Cooking Needs","Condiments & Sauces","Preserved Dips & Spreads","Cedar","Cedar Taboule Salad","Cedar Taboule Salad","4.59","0.0","","7 oz","7 oz","2008.jpg",,"N/A"
"8720","Cooking Needs","Condiments & Sauces","Preserved Dips & Spreads","CHI-CHI'S","Chi chi's Sauces Medium Thick & Chunky Salsa","Chi chi's Sauces Medium Thick & Chunky Salsa","3.29","0.0","","24 oz","24 oz","15602.jpg",,"0"
"8721","Cooking Needs","Condiments & Sauces","Preserved Dips & Spreads","CHI-CHI'S","Chi chi's Sauces Mild Thick & Chunky Salsa","Chi chi's Sauces Mild Thick & Chunky Salsa","4.69","0.0","","24 oz","24 oz","15598.jpg",,"N/A"
"8722","Cooking Needs","Condiments & Sauces","Preserved Dips & Spreads","Desert Pepper","Desert Pepper Trading Company Authentic Corn Black Bean Red Pepper Salsa","Desert Pepper Trading Company Authentic Corn Black Bean Red Pepper Salsa","4.89","0.0","","16 oz","16 oz","15600.jpg",,"0"
"8723","Cooking Needs","Condiments & Sauces","Preserved Dips & Spreads","Desert Pepper","Desert Pepper Trading Company Roasted Tomato Chipotle Corn Salsa Medium Hot","Desert Pepper Trading Company Roasted Tomato Chipotle Corn Salsa Medium Hot","4.89","0.0","","16 oz","16 oz","15605.jpg",,"0"
"8724","Cooking Needs","Condiments & Sauces","Preserved Dips & Spreads","Drew's","Drews Salsa, Thick & Chunky, Hot, Organic, Jar","Drews Salsa, Thick & Chunky, Hot, Organic, Jar","5.49","0.0","","12 oz","12 oz","15587.jpg",,"N/A"
"8725","Cooking Needs","Condiments & Sauces","Preserved Dips & Spreads","Drew's","Drews Salsa, Thick & Chunky, Medium, Organic, Jar","Drews Salsa, Thick & Chunky, Medium, Organic, Jar","4.29","0.0","","12 oz","12 oz","15607.jpg",,"N/A"
"8726","Cooking Needs","Condiments & Sauces","Preserved Dips & Spreads","Easy Cheese","Easy Cheese Cheddar Cheese Snack","Easy Cheese Cheddar Cheese Snack","4.39","0.0","","8 oz","8 oz","15608.jpg",,"N/A"
"8727","Cooking Needs","Condiments & Sauces","Preserved Dips & Spreads","Cedar","Cedar Party Size Fresh Taboule Salad","Cedar Party Size Fresh Taboule Salad","4.29","0.0","","14 oz","14 oz","2007.jpg",,"1"
"8728","Cooking Needs","Condiments & Sauces","Preserved Dips & Spreads","Mitchell's","Mitchell's Fresh Fresh Salsa","Mitchell's Fresh Fresh Salsa","4.89","0.0","","15 oz","15 oz","15586.jpg",,"20"
"8729","Cooking Needs","Condiments & Sauces","Preserved Dips & Spreads","Mitchell's","Mitchell's Fresh Mild Salsa","Mitchell's Fresh Mild Salsa","4.89","0.0","","15 oz","15 oz","15595.jpg",,"20"
"8730","Cooking Needs","Condiments & Sauces","Preserved Dips & Spreads","Fritos","Fritos Bean Original Flavor Dip","Fritos Bean Original Flavor Dip","3.69","0.0","","9 oz","9 oz","2010.jpg",,"N/A"
"8731","Cooking Needs","Condiments & Sauces","Preserved Dips & Spreads","Fritos","Fritos Jalapeno & Cheddar Flavored Cheese Dip","Fritos Jalapeno & Cheddar Flavored Cheese Dip","3.69","0.0","","9 oz","9 oz","2009.jpg",,"N/A"
"8732","Cooking Needs","Condiments & Sauces","Preserved Dips & Spreads","Fritos","Fritos Mild Cheddar Cheese Dip","Fritos Mild Cheddar Cheese Dip","3.69","0.0","","9 oz","9 oz","2011.jpg",,"0"
"8733","Cooking Needs","Condiments & Sauces","Preserved Dips & Spreads","Goya","Goya Mexican Green Salsa","Goya Mexican Green Salsa","1.29","0.0","","7 oz","7 oz","2012.jpg",,"7"
"8734","Cooking Needs","Condiments & Sauces","Preserved Dips & Spreads","Goya","Goya Mexican Red Salsa","Goya Mexican Red Salsa","1.49","0.0","","7 oz","7 oz","2014.jpg",,"7"
"8735","Cooking Needs","Condiments & Sauces","Preserved Dips & Spreads","Goya","Goya Pico De Gallo Mild Salsa","Goya Pico De Gallo Mild Salsa","3.29","0.0","","17.6 oz","17.6 oz","2013.jpg",,"7"
"8736","Cooking Needs","Condiments & Sauces","Preserved Dips & Spreads","Green Mountain","Green Mountain Mild Salsa","Green Mountain Mild Salsa","3.69","0.0","","16 oz","16 oz","2017.jpg",,"N/A"
"8737","Cooking Needs","Condiments & Sauces","Preserved Dips & Spreads","Green Mountain","Green Mountain Salsa Hot","Green Mountain Salsa Hot","3.69","0.0","","16 oz","16 oz","2015.jpg",,"N/A"
"8738","Cooking Needs","Condiments & Sauces","Preserved Dips & Spreads","Green Mountain","Green Mountain Salsa Medium","Green Mountain Salsa Medium","3.69","0.0","","16 oz","16 oz","2016.jpg",,"N/A"
"8739","Cooking Needs","Condiments & Sauces","Preserved Dips & Spreads","Heluva Good!","Heluva Good! Prepared Horseradish","Heluva Good! Prepared Horseradish","1.59","0.0","","5 oz","5 oz","15592.jpg",,"N/A"
"8740","Cooking Needs","Condiments & Sauces","Preserved Dips & Spreads","Herdez","Herdez Mild Salsa","Herdez Mild Salsa","2.49","0.0","","16 oz","16 oz","15584.jpg",,"N/A"
"8741","Cooking Needs","Condiments & Sauces","Preserved Dips & Spreads","Herdez","Herdez Mild Salsa Verde","Herdez Mild Salsa Verde","2.49","0.0","","16 oz","16 oz","15583.jpg",,"N/A"
"8742","Cooking Needs","Condiments & Sauces","Preserved Dips & Spreads","Joseph's","Joseph's Olive Hommus","Joseph's Olive Hommus","3.69","0.0","","10 oz","10 oz","15601.jpg",,"N/A"
"8743","Cooking Needs","Condiments & Sauces","Preserved Dips & Spreads","Joseph's","Joseph's Pine Nut Hommus","Joseph's Pine Nut Hommus","3.69","0.0","","10 oz","10 oz","No Image.jpg",,"N/A"
"8744","Cooking Needs","Condiments & Sauces","Preserved Dips & Spreads","Kraft","Kraft Parmesan","Kraft Parmesan","3.69","0.0","","8 oz","8 oz","15582.jpg",,"4"
"8745","Cooking Needs","Condiments & Sauces","Preserved Dips & Spreads","Kraft","Kraft Spread Pimento","Kraft Spread Pimento","3.69","0.0","","5 oz","5 oz","17969.jpg",,"N/A"
"8746","Cooking Needs","Condiments & Sauces","Preserved Dips & Spreads","Lay's","Lay's French Onion Dip","Lay's French Onion Dip","3.69","0.0","","8.5 oz","8.5 oz","15597.jpg",,"0"
"8747","Cooking Needs","Condiments & Sauces","Preserved Dips & Spreads","Margarita's","Margarita's Hot Salsa","Margarita's Hot Salsa","3.69","0.0","","16 oz","16 oz","No Image.jpg",,"N/A"
"8748","Cooking Needs","Condiments & Sauces","Preserved Dips & Spreads","Market Basket","All Natural Salsa Con Queso","All Natural Salsa Con Queso","3.79","0.0","","16 oz","16 oz","15585.jpg",,"N/A"
"8749","Cooking Needs","Condiments & Sauces","Preserved Dips & Spreads","Market Basket","Market Basket Corn And Bean Mild Salsa","Market Basket Corn And Bean Mild Salsa","2.19","0.0","","16 oz","16 oz","Market Basket.jpg",,"N/A"
"8750","Cooking Needs","Condiments & Sauces","Preserved Dips & Spreads","Market Basket","Market Basket Corn And Bean Salsa","Market Basket Corn And Bean Salsa","2.19","0.0","","16 oz","16 oz","Market Basket.jpg",,"N/A"
"8751","Cooking Needs","Condiments & Sauces","Preserved Dips & Spreads","Market Basket","Market Basket Hot Salsa","Market Basket Hot Salsa","1.89","0.0","","16 oz","16 oz","Market Basket.jpg",,"N/A"
"8752","Cooking Needs","Condiments & Sauces","Preserved Dips & Spreads","Market Basket","Market Basket Medium Salsa","Market Basket Medium Salsa","2.49","0.0","","24 oz","24 oz","Market Basket.jpg",,"N/A"
"8753","Cooking Needs","Condiments & Sauces","Preserved Dips & Spreads","Market Basket","Market Basket Medium Salsa","Market Basket Medium Salsa","1.89","0.0","","16 oz","16 oz","Market Basket.jpg",,"N/A"
"8754","Cooking Needs","Condiments & Sauces","Preserved Dips & Spreads","Market Basket","Market Basket Mild Salsa","Market Basket Mild Salsa","1.89","0.0","","16 oz","16 oz","Market Basket.jpg",,"N/A"
"8755","Cooking Needs","Condiments & Sauces","Preserved Dips & Spreads","Market Basket","Market Basket Salsa Mild","Market Basket Salsa Mild","2.49","0.0","","24 oz","24 oz","Market Basket.jpg",,"N/A"
"8756","Cooking Needs","Condiments & Sauces","Preserved Dips & Spreads","Market Basket","Market Basket Salsa, Mild","Market Basket Salsa, Mild","2.49","0.0","","24 oz","24 oz","Market Basket.jpg",,"N/A"
"8757","Cooking Needs","Condiments & Sauces","Preserved Dips & Spreads","Marzetti","Marzetti Old Fashioned Light Caramel Dip","Marzetti Old Fashioned Light Caramel Dip","3.09","0.0","","16.5 oz","16.5 oz","15596.jpg",,"20"
"8758","Cooking Needs","Condiments & Sauces","Preserved Dips & Spreads","Mrs. Renfro's","Mrs. Renfro's Black Bean Salsa Medium","Mrs. Renfro's Black Bean Salsa Medium","3.69","0.0","","16 oz","16 oz","2001.jpg",,"N/A"
"8759","Cooking Needs","Condiments & Sauces","Preserved Dips & Spreads","Mrs. Renfro's","Mrs. Renfro's Gourmet Salsas Ghost Pepper Salsa Caution: Scary Hot","Mrs. Renfro's Gourmet Salsas Ghost Pepper Salsa Caution: Scary Hot","3.69","0.0","","16 oz","16 oz","2000.jpg",,"N/A"
"8760","Cooking Needs","Condiments & Sauces","Preserved Dips & Spreads","Mrs. Renfro's","Mrs. Renfro's Habanero Salsa Hot","Mrs. Renfro's Habanero Salsa Hot","3.69","0.0","","16 oz","16 oz","2003.jpg",,"N/A"
"8761","Cooking Needs","Condiments & Sauces","Preserved Dips & Spreads","Mrs. Renfro's","Mrs. Renfro's Jalapeno Green Salsa Hot","Mrs. Renfro's Jalapeno Green Salsa Hot","3.69","0.0","","16 oz","16 oz","2002.jpg",,"N/A"
"8762","Cooking Needs","Condiments & Sauces","Preserved Dips & Spreads","Mrs. Renfro's","Mrs. Renfro's Mild Salsa Peach","Mrs. Renfro's Mild Salsa Peach","3.69","0.0","","16 oz","16 oz","2004.jpg",,"N/A"
"8763","Cooking Needs","Condiments & Sauces","Preserved Dips & Spreads","Mrs. Renfro's","Mrs. Renfro's Smoky Roasted Salsa Medium","Mrs. Renfro's Smoky Roasted Salsa Medium","3.69","0.0","","16 oz","16 oz","15606.jpg",,"N/A"
"8764","Cooking Needs","Condiments & Sauces","Preserved Dips & Spreads","Newman's Own","Newman's Own Farmer's Garden Salsa Medium Chunky","Newman's Own Farmer's Garden Salsa Medium Chunky","3.59","0.0","","16 oz","16 oz","1991.jpg",,"N/A"
"8765","Cooking Needs","Condiments & Sauces","Preserved Dips & Spreads","Newman's Own","Newman's Own Habanero Hot Salsa","Newman's Own Habanero Hot Salsa","0.59","0.0","","16 oz","16 oz","1990.jpg",,"0"
"8766","Cooking Needs","Condiments & Sauces","Preserved Dips & Spreads","Newman's Own","Newman's Own Mango Salsa Medium Chunky","Newman's Own Mango Salsa Medium Chunky","2.49","0.0","","16 oz","16 oz","1989.jpg",,"N/A"
"8767","Cooking Needs","Condiments & Sauces","Preserved Dips & Spreads","Newman's Own","Newman's Own Medium Salsa Medium Chunky","Newman's Own Medium Salsa Medium Chunky","2.49","0.0","","16 oz","16 oz","1986.jpg",,"0"
"8768","Cooking Needs","Condiments & Sauces","Preserved Dips & Spreads","Newman's Own","Newman's Own Mild Salsa Mild Chunky","Newman's Own Mild Salsa Mild Chunky","2.49","0.0","","16 oz","16 oz","1987.jpg",,"0"
"8769","Cooking Needs","Condiments & Sauces","Preserved Dips & Spreads","Newman's Own","Newman's Own Peach Salsa Medium Chunky","Newman's Own Peach Salsa Medium Chunky","2.49","0.0","","16 oz","16 oz","1992.jpg",,"N/A"
"8770","Cooking Needs","Condiments & Sauces","Preserved Dips & Spreads","Newman's Own","Newman's Own Pineapple Salsa Medium Chunky","Newman's Own Pineapple Salsa Medium Chunky","2.49","0.0","","16 oz","16 oz","1985.jpg",,"0"
"8771","Cooking Needs","Condiments & Sauces","Preserved Dips & Spreads","Newman's Own","Newman's Own Salsa Con Queso","Newman's Own Salsa Con Queso","2.49","0.0","","16 oz","16 oz","1988.jpg",,"0"
"8772","Cooking Needs","Condiments & Sauces","Preserved Dips & Spreads","On The Border","On The Border Salsa Mild","On The Border Salsa Mild","3.69","0.0","","16 oz","16 oz","15599.jpg",,"0"
"8773","Cooking Needs","Condiments & Sauces","Preserved Dips & Spreads","Santa Barbara","Santa Barbara Medium Salsa","Santa Barbara Medium Salsa","3.09","0.0","","24 oz","24 oz","15591.jpg",,"N/A"
"8774","Cooking Needs","Condiments & Sauces","Preserved Dips & Spreads","Smucker's","Red Raspberry Preserves","Red Raspberry Preserves","2.49","0.0","","12 oz","12 oz","No Image.jpg",,"N/A"
"8775","Cooking Needs","Condiments & Sauces","Preserved Dips & Spreads","Tio Juan's","Tio Juan's Margarita Hot Salsa","Tio Juan's Margarita Hot Salsa","3.09","0.0","","16 oz","16 oz","No Image.jpg",,"N/A"
"8776","Cooking Needs","Condiments & Sauces","Preserved Dips & Spreads","Tostitos","Tostitos Chunky Salsa Medium","Tostitos Chunky Salsa Medium","4.29","0.0","","24 oz","24 oz","1999.jpg",,"0"
"8777","Cooking Needs","Condiments & Sauces","Preserved Dips & Spreads","Tostitos","Tostitos Creamy Spinach Dip","Tostitos Creamy Spinach Dip","2.24","0.0","","15 oz","15 oz","1995.jpg",,"0"
"8778","Cooking Needs","Condiments & Sauces","Preserved Dips & Spreads","Tostitos","Tostitos Habanero Salsa","Tostitos Habanero Salsa","3.69","0.0","","15 oz","15 oz","1997.jpg",,"N/A"
"8779","Cooking Needs","Condiments & Sauces","Preserved Dips & Spreads","Tostitos","Tostitos Queso Blanco Dip, Medium","Tostitos Queso Blanco Dip, Medium","3.69","0.0","","15 oz","15 oz","1996.jpg",,"0"
"8780","Cooking Needs","Condiments & Sauces","Preserved Dips & Spreads","Tostitos","Tostitos Restaurant Style Salsa Medium","Tostitos Restaurant Style Salsa Medium","3.69","0.0","","15.5 oz","15.5 oz","1994.jpg",,"0"
"8781","Cooking Needs","Condiments & Sauces","Preserved Dips & Spreads","Tostitos","Tostitos Salsa Con Queso Medium","Tostitos Salsa Con Queso Medium","3.69","0.0","","15 oz","15 oz","1993.jpg",,"0"
"8782","Cooking Needs","Condiments & Sauces","Preserved Dips & Spreads","Tostitos","Tostitos Salsa, Chunky, Hot","Tostitos Salsa, Chunky, Hot","3.69","0.0","","15.5 oz","15.5 oz","1998.jpg",,"N/A"
"8783","Cooking Needs","Condiments & Sauces","Preserved Dips & Spreads","Tostitos","Tostitos Smooth Cheddar Dip shelf stable","Tostitos Smooth Cheddar Dip shelf stable","3.69","0.0","","15 oz","15 oz","15588.jpg",,"0"
"8784","Cooking Needs","Condiments & Sauces","Preserved Dips & Spreads","Trappist","Trappist Damson Plum Jam","Trappist Damson Plum Jam","3.69","0.0","","12 oz","12 oz","15604.jpg",,"N/A"
"8785","Cooking Needs","Condiments & Sauces","Preserved Dips & Spreads","Welch's","Welch's Jelly Concord Grape","Welch's Jelly Concord Grape","1.89","0.0","","20 oz","20 oz","15589.jpg",,"3"
"8786","Cooking Needs","Condiments & Sauces","Preserved Dips & Spreads","Wise","Wise Salsa Con Queso Medium","Wise Salsa Con Queso Medium","3.09","0.0","","15 oz","15 oz","15610.jpg",,"N/A"
"8787","Cooking Needs","Condiments & Sauces","Salad Dressing & Toppings","4C Breadcrumbs","4C Crumbs Gluten Free Seasoned","4C Crumbs Gluten Free Seasoned","3.69","0.0","","12 oz","12 oz","15451.jpg",,"N/A"
"8788","Cooking Needs","Condiments & Sauces","Salad Dressing & Toppings","Annie's Homegrown","Annie's Homegrown Cowgirl Ranch Dressing","Annie's Homegrown Cowgirl Ranch Dressing","4.29","0.0","","8 fl oz","8 fl oz","15468.jpg",,"N/A"
"8789","Cooking Needs","Condiments & Sauces","Salad Dressing & Toppings","Annie's Homegrown","Annie's Homegrown Roasted Red Pepper Dressing","Annie's Homegrown Roasted Red Pepper Dressing","4.29","0.0","","8 fl oz","8 fl oz","15456.jpg",,"N/A"
"8790","Cooking Needs","Condiments & Sauces","Salad Dressing & Toppings","Annie's Homegrown","Annie's Homegrown Vinaigrette Shiitake Sesame","Annie's Homegrown Vinaigrette Shiitake Sesame","4.29","0.0","","8 fl oz","8 fl oz","15472.jpg",,"N/A"
"8791","Cooking Needs","Condiments & Sauces","Salad Dressing & Toppings","Aurora","Aurora Natural Salad Fixin's Original","Aurora Natural Salad Fixin's Original","4.89","0.0","","14 oz","14 oz","15465.jpg",,"N/A"
"8792","Cooking Needs","Condiments & Sauces","Salad Dressing & Toppings","Brianna's","Brianna's Dressing Homestyle Creamy Blue Cheese","Brianna's Dressing Homestyle Creamy Blue Cheese","4.29","0.0","","12 fl oz","12 fl oz","1798.jpg",,"N/A"
"8793","Cooking Needs","Condiments & Sauces","Salad Dressing & Toppings","Brianna's","Brianna's Home Style Dressing Asiago Caesar","Brianna's Home Style Dressing Asiago Caesar","4.29","0.0","","12 fl oz","12 fl oz","1796.jpg",,"2"
"8794","Cooking Needs","Condiments & Sauces","Salad Dressing & Toppings","Brianna's","Brianna's Home Style Dressing Blush Wine Vinaigrette","Brianna's Home Style Dressing Blush Wine Vinaigrette","4.29","0.0","","12 fl oz","12 fl oz","1794.jpg",,"N/A"
"8795","Cooking Needs","Condiments & Sauces","Salad Dressing & Toppings","Brianna's","Brianna's Home Style Dressing Rich Poppy Seed","Brianna's Home Style Dressing Rich Poppy Seed","4.29","0.0","","12 fl oz","12 fl oz","1797.jpg",,"2"
"8796","Cooking Needs","Condiments & Sauces","Salad Dressing & Toppings","Brianna's","Brianna's Real French Vinaigrette Dressing","Brianna's Real French Vinaigrette Dressing","4.29","0.0","","12 oz","12 oz","1795.jpg",,"N/A"
"8797","Cooking Needs","Condiments & Sauces","Salad Dressing & Toppings","Briannas","Briannas Dressing Dressing, Classic Buttermilk Ranch, Home Style","Briannas Dressing Dressing, Classic Buttermilk Ranch, Home Style","4.29","0.0","","12 oz","12 oz","15453.jpg",,"N/A"
"8798","Cooking Needs","Condiments & Sauces","Salad Dressing & Toppings","Cape Cod","Olde Cape Cod Light Marinade Dressing Raspberry Vinaigrette","Olde Cape Cod Light Marinade Dressing Raspberry Vinaigrette","3.09","0.0","","8 fl oz","8 fl oz","15428.jpg",,"N/A"
"8799","Cooking Needs","Condiments & Sauces","Salad Dressing & Toppings","Cardini's","Cardini's Garlic Lemon Caesar Salad Dressing","Cardini's Garlic Lemon Caesar Salad Dressing","4.29","0.0","","12 fl oz","12 fl oz","15467.jpg",,"2"
"8800","Cooking Needs","Condiments & Sauces","Salad Dressing & Toppings","Cardini's","Cardini's Light Greek Vinaigrette Salad Dressing","Cardini's Light Greek Vinaigrette Salad Dressing","4.29","0.0","","12 fl oz","12 fl oz","15458.jpg",,"N/A"
"8801","Cooking Needs","Condiments & Sauces","Salad Dressing & Toppings","Chatham Village","Chatham Village Caesar Traditional Cut Baked Croutons","Chatham Village Caesar Traditional Cut Baked Croutons","1.29","0.0","","5 oz","5 oz","15436.jpg",,"2"
"8802","Cooking Needs","Condiments & Sauces","Salad Dressing & Toppings","Chatham Village","Chatham Village Cheese & Garlic Flavored Large Cut Baked Croutons","Chatham Village Cheese & Garlic Flavored Large Cut Baked Croutons","1.29","0.0","","5 oz","5 oz","15462.jpg",,"2"
"8803","Cooking Needs","Condiments & Sauces","Salad Dressing & Toppings","Chatham Village","Chatham Village Fat Free Garlic & Onion Traditional Cut Baked Croutons","Chatham Village Fat Free Garlic & Onion Traditional Cut Baked Croutons","1.89","0.0","","5 oz","5 oz","15473.jpg",,"N/A"
"8804","Cooking Needs","Condiments & Sauces","Salad Dressing & Toppings","Chatham Village","Chatham Village Garlic & Butter Flavored Traditional Cut Baked Croutons","Chatham Village Garlic & Butter Flavored Traditional Cut Baked Croutons","1.29","0.0","","5 oz","5 oz","15432.jpg",,"2"
"8805","Cooking Needs","Condiments & Sauces","Salad Dressing & Toppings","Christie","Christie Greek Dressing","Christie Greek Dressing","2.49","0.0","","8 fl oz","8 fl oz","15469.jpg",,"2"
"8806","Cooking Needs","Condiments & Sauces","Salad Dressing & Toppings","Christie","Christie Lite Greek Dressing","Christie Lite Greek Dressing","2.09","0.0","","8 fl oz","8 fl oz","15446.jpg",,"2"
"8807","Cooking Needs","Condiments & Sauces","Salad Dressing & Toppings","Fanny Mencoboni","Fanny Mencoboni's Italian Dressing Original","Fanny Mencoboni's Italian Dressing Original","3.69","0.0","","16 fl oz","16 fl oz","15439.jpg",,"2"
"8808","Cooking Needs","Condiments & Sauces","Salad Dressing & Toppings","Fanny Mencoboni","Fanny Mencoboni's Lite Italian Dressing","Fanny Mencoboni's Lite Italian Dressing","3.69","0.0","","16 fl oz","16 fl oz","15449.jpg",,"N/A"
"8809","Cooking Needs","Condiments & Sauces","Salad Dressing & Toppings","French's","French's Original Crispy Fried Onions","French's Original Crispy Fried Onions","3.69","0.0","","6 oz","6 oz","15434.jpg",,"9"
"8810","Cooking Needs","Condiments & Sauces","Salad Dressing & Toppings","French's","French's Original Crispy Fried Onions","French's Original Crispy Fried Onions","2.49","0.0","","2.8 oz","2.8 oz","15452.jpg",,"N/A"
"8811","Cooking Needs","Condiments & Sauces","Salad Dressing & Toppings","French's","French's White Cheddar Crispy Fried Onions","French's White Cheddar Crispy Fried Onions","3.69","0.0","","6 oz","6 oz","15435.jpg",,"N/A"
"8812","Cooking Needs","Condiments & Sauces","Salad Dressing & Toppings","Fresh Gourmet Classic","Fresh Gourmet Classic Caesar Croutons","Fresh Gourmet Classic Caesar Croutons","1.59","0.0","","5 oz","5 oz","15427.jpg",,"20"
"8813","Cooking Needs","Condiments & Sauces","Salad Dressing & Toppings","Fresh Gourmet Classic","Fresh Gourmet Organic Croutons Caesar","Fresh Gourmet Organic Croutons Caesar","2.09","0.0","","4.5 oz","4.5 oz","15460.jpg",,"N/A"
"8814","Cooking Needs","Condiments & Sauces","Salad Dressing & Toppings","Fresh Gourmet Classic","Fresh Gourmet Organic Seasoned Croutons","Fresh Gourmet Organic Seasoned Croutons","2.09","0.0","","4.5 oz","4.5 oz","15470.jpg",,"2"
"8815","Cooking Needs","Condiments & Sauces","Salad Dressing & Toppings","Fresh Gourmet Classic","Fresh Gourmet Tortilla Strips Lightly Salted","Fresh Gourmet Tortilla Strips Lightly Salted","1.89","0.0","","3.5 oz","3.5 oz","15433.jpg",,"N/A"
"8816","Cooking Needs","Condiments & Sauces","Salad Dressing & Toppings","Fresh Gourmet Classic","Fresh Gourmet Tortilla Strips Tri Color","Fresh Gourmet Tortilla Strips Tri Color","1.89","0.0","","3.5 oz","3.5 oz","15437.jpg",,"N/A"
"8817","Cooking Needs","Condiments & Sauces","Salad Dressing & Toppings","Good Seasons","Good Seasons Balsamic Dressing & Recipe Mix","Good Seasons Balsamic Dressing & Recipe Mix","1.69","0.0","","0.7 oz","0.7 oz","15457.jpg",,"N/A"
"8818","Cooking Needs","Condiments & Sauces","Salad Dressing & Toppings","Good Seasons","Good Seasons Garlic & Herb Dressing & Recipe Mix","Good Seasons Garlic & Herb Dressing & Recipe Mix","1.69","0.0","","0.75 oz","0.75 oz","15459.jpg",,"N/A"
"8819","Cooking Needs","Condiments & Sauces","Salad Dressing & Toppings","Good Seasons","Good Seasons Italian Salad Dressing & Recipe Mix","Good Seasons Italian Salad Dressing & Recipe Mix","0.59","0.0","","0.7 oz","0.7 oz","15448.jpg",,"N/A"
"8820","Cooking Needs","Condiments & Sauces","Salad Dressing & Toppings","Good Seasons","Good Seasons Mild Italian Dressing & Recipe Mix","Good Seasons Mild Italian Dressing & Recipe Mix","1.69","0.0","","1 oz","1 oz","15476.jpg",,"N/A"
"8821","Cooking Needs","Condiments & Sauces","Salad Dressing & Toppings","Good Seasons","Good Seasons Zesty Italian Dry Salad Dressing and Recipe Mix","Good Seasons Zesty Italian Dry Salad Dressing and Recipe Mix","1.69","0.0","","0.6 oz","0.6 oz","15475.jpg",,"N/A"
"8822","Cooking Needs","Condiments & Sauces","Salad Dressing & Toppings","Heinz","Heinz Original Cocktail Sauce","Heinz Original Cocktail Sauce","2.49","0.0","","12 oz","12 oz","1559.jpg",,"N/A"
"8823","Cooking Needs","Condiments & Sauces","Salad Dressing & Toppings","Hidden Valley","Hidden Valley Dry Dip Mix","Hidden Valley Dry Dip Mix","1.29","0.0","","1 oz","1 oz","1731.jpg",,"2"
"8824","Cooking Needs","Condiments & Sauces","Salad Dressing & Toppings","Hidden Valley","Hidden Valley Salad Dressing","Hidden Valley Salad Dressing","4.89","0.0","","20 fl oz","20 fl oz","1729.jpg",,"2"
"8825","Cooking Needs","Condiments & Sauces","Salad Dressing & Toppings","Hidden Valley","Hidden Valley Salad Dressing","Hidden Valley Salad Dressing","4.89","0.0","","24 fl oz","24 fl oz","1732.jpg",,"2"
"8826","Cooking Needs","Condiments & Sauces","Salad Dressing & Toppings","Hidden Valley","Hidden Valley Salad Dressing","Hidden Valley Salad Dressing","5.49","0.0","","36 fl oz","36 fl oz","1733.jpg",,"N/A"
"8827","Cooking Needs","Condiments & Sauces","Salad Dressing & Toppings","Hidden Valley","Hidden Valley Salad Dressing","Hidden Valley Salad Dressing","4.29","0.0","","16 fl oz","16 fl oz","1734.jpg",,"2"
"8828","Cooking Needs","Condiments & Sauces","Salad Dressing & Toppings","Hidden Valley","Hidden Valley Salad Dressing","Hidden Valley Salad Dressing","4.29","0.0","","16 fl oz","16 fl oz","1735.jpg",,"2"
"8829","Cooking Needs","Condiments & Sauces","Salad Dressing & Toppings","Hidden Valley","Hidden Valley Salad Dressing","Hidden Valley Salad Dressing","4.89","0.0","","24 fl oz","24 fl oz","1737.jpg",,"N/A"
"8830","Cooking Needs","Condiments & Sauces","Salad Dressing & Toppings","Hidden Valley","Hidden Valley Salad Dressing","Hidden Valley Salad Dressing","4.29","0.0","","16 fl oz","16 fl oz","1739.jpg",,"N/A"
"8831","Cooking Needs","Condiments & Sauces","Salad Dressing & Toppings","Hidden Valley","Hidden Valley Salad Dressing","Hidden Valley Salad Dressing","4.89","0.0","","16 fl oz","16 fl oz","1740.jpg",,"N/A"
"8832","Cooking Needs","Condiments & Sauces","Salad Dressing & Toppings","Hidden Valley","Hidden Valley Salad Dressing","Hidden Valley Salad Dressing","4.29","0.0","","16 fl oz","16 fl oz","1741.jpg",,"2"
"8833","Cooking Needs","Condiments & Sauces","Salad Dressing & Toppings","Hidden Valley","Hidden Valley Seasoning and Salad Dressing Dry Mix","Hidden Valley Seasoning and Salad Dressing Dry Mix","1.29","0.0","","1 oz","1 oz","1730.jpg",,"N/A"
"8834","Cooking Needs","Condiments & Sauces","Salad Dressing & Toppings","Hidden Valley","Hidden Valley Seasoning and Salad Dressing Dry Mix","Hidden Valley Seasoning and Salad Dressing Dry Mix","5.39","0.0","","4 oz","4 oz","1736.jpg",,"N/A"
"8835","Cooking Needs","Condiments & Sauces","Salad Dressing & Toppings","Hormel","Hormel Real Bacon Bits","Hormel Real Bacon Bits","2.79","0.0","","3 oz","3 oz","15426.jpg",,"9"
"8836","Cooking Needs","Condiments & Sauces","Salad Dressing & Toppings","Joseph's","Joseph's Spinach Hommus","Joseph's Spinach Hommus","4.29","0.0","","16 oz","16 oz","15454.jpg",,"N/A"
"8837","Cooking Needs","Condiments & Sauces","Salad Dressing & Toppings","Ken's","Ken's Greek Dressing","Ken's Greek Dressing","0.39","0.0","","1 ct","1 ct","No Image.jpg",,"N/A"
"8838","Cooking Needs","Condiments & Sauces","Salad Dressing & Toppings","Ken's Steakhouse","Ken's Steakhouse Chef's Reserve Blue Cheese W/Gorgonzola Dressing","Ken's Steakhouse Chef's Reserve Blue Cheese W/Gorgonzola Dressing","1.99","0.0","","9 oz","9 oz","1727.jpg",,"N/A"
"8839","Cooking Needs","Condiments & Sauces","Salad Dressing & Toppings","Ken's Steakhouse","Ken's Steakhouse Dressing & Marinade Balsamic Vinaigrette Lite","Ken's Steakhouse Dressing & Marinade Balsamic Vinaigrette Lite","3.19","0.0","","16 fl oz","16 fl oz","1704.jpg",,"2"
"8840","Cooking Needs","Condiments & Sauces","Salad Dressing & Toppings","Ken's Steakhouse","Ken's Steakhouse Dressing & Marinade Italian","Ken's Steakhouse Dressing & Marinade Italian","3.69","0.0","","24 fl oz","24 fl oz","1688.jpg",,"2"
"8841","Cooking Needs","Condiments & Sauces","Salad Dressing & Toppings","Ken's Steakhouse","Ken's Steakhouse Dressing & Marinade Lite Northern Italian with Basil & Romano","Ken's Steakhouse Dressing & Marinade Lite Northern Italian with Basil & Romano","3.19","0.0","","16 fl oz","16 fl oz","1696.jpg",,"N/A"
"8842","Cooking Needs","Condiments & Sauces","Salad Dressing & Toppings","Ken's Steakhouse","Ken's Steakhouse Dressing & Marinade Zesty Italian","Ken's Steakhouse Dressing & Marinade Zesty Italian","3.19","0.0","","16 fl oz","16 fl oz","1728.jpg",,"N/A"
"8843","Cooking Needs","Condiments & Sauces","Salad Dressing & Toppings","Ken's Steakhouse","Ken's Steakhouse Dressing Balsamic With Honey","Ken's Steakhouse Dressing Balsamic With Honey","3.19","0.0","","16 fl oz","16 fl oz","1701.jpg",,"2"
"8844","Cooking Needs","Condiments & Sauces","Salad Dressing & Toppings","Ken's Steakhouse","Ken's Steakhouse Dressing Buttermilk Ranch","Ken's Steakhouse Dressing Buttermilk Ranch","3.19","0.0","","16 fl oz","16 fl oz","1710.jpg",,"2"
"8845","Cooking Needs","Condiments & Sauces","Salad Dressing & Toppings","Ken's Steakhouse","Ken's Steakhouse Dressing Chunky Blue Cheese","Ken's Steakhouse Dressing Chunky Blue Cheese","3.19","0.0","","16 fl oz","16 fl oz","1692.jpg",,"N/A"
"8846","Cooking Needs","Condiments & Sauces","Salad Dressing & Toppings","Ken's Steakhouse","Ken's Steakhouse Dressing Creamy Caesar","Ken's Steakhouse Dressing Creamy Caesar","3.19","0.0","","16 fl oz","16 fl oz","1690.jpg",,"2"
"8847","Cooking Needs","Condiments & Sauces","Salad Dressing & Toppings","Ken's Steakhouse","Ken's Steakhouse Dressing Creamy Caesar Lite","Ken's Steakhouse Dressing Creamy Caesar Lite","3.19","0.0","","16 fl oz","16 fl oz","1705.jpg",,"N/A"
"8848","Cooking Needs","Condiments & Sauces","Salad Dressing & Toppings","Ken's Steakhouse","Ken's Steakhouse Dressing Creamy French","Ken's Steakhouse Dressing Creamy French","3.19","0.0","","16 fl oz","16 fl oz","1707.jpg",,"N/A"
"8849","Cooking Needs","Condiments & Sauces","Salad Dressing & Toppings","Ken's Steakhouse","Ken's Steakhouse Dressing Creamy Italian","Ken's Steakhouse Dressing Creamy Italian","3.19","0.0","","16 fl oz","16 fl oz","1716.jpg",,"N/A"
"8850","Cooking Needs","Condiments & Sauces","Salad Dressing & Toppings","Ken's Steakhouse","Ken's Steakhouse Dressing Farmhouse Ranch with Buttermilk","Ken's Steakhouse Dressing Farmhouse Ranch with Buttermilk","1.99","0.0","","9 fl oz","9 fl oz","1708.jpg",,"N/A"
"8851","Cooking Needs","Condiments & Sauces","Salad Dressing & Toppings","Ken's Steakhouse","Ken's Steakhouse Dressing Honey Mustard","Ken's Steakhouse Dressing Honey Mustard","3.49","0.0","","16 fl oz","16 fl oz","1726.jpg",,"2"
"8852","Cooking Needs","Condiments & Sauces","Salad Dressing & Toppings","Ken's Steakhouse","Ken's Steakhouse Dressing Italian With Aged Romano","Ken's Steakhouse Dressing Italian With Aged Romano","3.19","0.0","","16 fl oz","16 fl oz","1715.jpg",,"N/A"
"8853","Cooking Needs","Condiments & Sauces","Salad Dressing & Toppings","Ken's Steakhouse","Ken's Steakhouse Dressing Italian with Garlic and Asiago Cheese","Ken's Steakhouse Dressing Italian with Garlic and Asiago Cheese","1.99","0.0","","9 fl oz","9 fl oz","1698.jpg",,"2"
"8854","Cooking Needs","Condiments & Sauces","Salad Dressing & Toppings","Ken's Steakhouse","Ken's Steakhouse Dressing Light Honey Dijon","Ken's Steakhouse Dressing Light Honey Dijon","1.99","0.0","","9 fl oz","9 fl oz","1720.jpg",,"N/A"
"8855","Cooking Needs","Condiments & Sauces","Salad Dressing & Toppings","Ken's Steakhouse","Ken's Steakhouse Dressing Light Parmesan & Peppercorn","Ken's Steakhouse Dressing Light Parmesan & Peppercorn","1.99","0.0","","9 fl oz","9 fl oz","1695.jpg",,"2"
"8856","Cooking Needs","Condiments & Sauces","Salad Dressing & Toppings","Ken's Steakhouse","Ken's Steakhouse Dressing Light Raspberry Walnut","Ken's Steakhouse Dressing Light Raspberry Walnut","1.99","0.0","","9 fl oz","9 fl oz","1693.jpg",,"N/A"
"8857","Cooking Needs","Condiments & Sauces","Salad Dressing & Toppings","Ken's Steakhouse","Ken's Steakhouse Dressing Lite Honey Mustard","Ken's Steakhouse Dressing Lite Honey Mustard","3.19","0.0","","16 fl oz","16 fl oz","1703.jpg",,"2"
"8858","Cooking Needs","Condiments & Sauces","Salad Dressing & Toppings","Ken's Steakhouse","Ken's Steakhouse Dressing Lite Poppy Seed","Ken's Steakhouse Dressing Lite Poppy Seed","3.19","0.0","","16 fl oz","16 fl oz","1713.jpg",,"N/A"
"8859","Cooking Needs","Condiments & Sauces","Salad Dressing & Toppings","Ken's Steakhouse","Ken's Steakhouse Dressing Lite Red Wine Vinegar & Olive Oil","Ken's Steakhouse Dressing Lite Red Wine Vinegar & Olive Oil","3.19","0.0","","16 fl oz","16 fl oz","1724.jpg",,"N/A"
"8860","Cooking Needs","Condiments & Sauces","Salad Dressing & Toppings","Ken's Steakhouse","Ken's Steakhouse Dressing Ranch","Ken's Steakhouse Dressing Ranch","3.49","0.0","","16 fl oz","16 fl oz","1721.jpg",,"2"
"8861","Cooking Needs","Condiments & Sauces","Salad Dressing & Toppings","Ken's Steakhouse","Ken's Steakhouse Dressing Red Wine Vinegar & Olive Oil","Ken's Steakhouse Dressing Red Wine Vinegar & Olive Oil","3.19","0.0","","16 fl oz","16 fl oz","1725.jpg",,"N/A"
"8862","Cooking Needs","Condiments & Sauces","Salad Dressing & Toppings","Ken's Steakhouse","Ken's Steakhouse Dressing Sweet Vidalia Onion","Ken's Steakhouse Dressing Sweet Vidalia Onion","3.19","0.0","","16 fl oz","16 fl oz","1700.jpg",,"N/A"
"8863","Cooking Needs","Condiments & Sauces","Salad Dressing & Toppings","Ken's Steakhouse","Ken's Steakhouse Dressing Sweet Vidalia Onion Lite","Ken's Steakhouse Dressing Sweet Vidalia Onion Lite","3.19","0.0","","16 fl oz","16 fl oz","1711.jpg",,"N/A"
"8864","Cooking Needs","Condiments & Sauces","Salad Dressing & Toppings","Ken's Steakhouse","Ken's Steakhouse Dressing Thousand Island","Ken's Steakhouse Dressing Thousand Island","3.19","0.0","","16 oz","16 oz","1699.jpg",,"N/A"
"8865","Cooking Needs","Condiments & Sauces","Salad Dressing & Toppings","Ken's Steakhouse","Ken's Steakhouse Dressing Thousand Island Lite","Ken's Steakhouse Dressing Thousand Island Lite","3.19","0.0","","16 fl oz","16 fl oz","1694.jpg",,"2"
"8866","Cooking Needs","Condiments & Sauces","Salad Dressing & Toppings","Ken's Steakhouse","Ken's Steakhouse Dressing Topping & Spread Chunky Blue Cheese","Ken's Steakhouse Dressing Topping & Spread Chunky Blue Cheese","3.69","0.0","","24 fl oz","24 fl oz","1706.jpg",,"N/A"
"8867","Cooking Needs","Condiments & Sauces","Salad Dressing & Toppings","Ken's Steakhouse","Ken's Steakhouse Dressing Topping & Spread Honey Mustard Lite","Ken's Steakhouse Dressing Topping & Spread Honey Mustard Lite","3.69","0.0","","24 fl oz","24 fl oz","1722.jpg",,"N/A"
"8868","Cooking Needs","Condiments & Sauces","Salad Dressing & Toppings","Ken's Steakhouse","Ken's Steakhouse Dressing, Topping & Spread Lite Creamy Caesar","Ken's Steakhouse Dressing, Topping & Spread Lite Creamy Caesar","3.69","0.0","","24 fl oz","24 fl oz","1717.jpg",,"N/A"
"8869","Cooking Needs","Condiments & Sauces","Salad Dressing & Toppings","Ken's Steakhouse","Ken's Steakhouse Greek Dressing with Feta Cheese and Black Olives","Ken's Steakhouse Greek Dressing with Feta Cheese and Black Olives","3.19","0.0","","16 fl oz","16 fl oz","1689.jpg",,"2"
"8870","Cooking Needs","Condiments & Sauces","Salad Dressing & Toppings","Ken's Steakhouse","Ken's Steakhouse Honey Mustard","Ken's Steakhouse Honey Mustard","4.29","0.0","","24 fl oz","24 fl oz","1697.jpg",,"N/A"
"8871","Cooking Needs","Condiments & Sauces","Salad Dressing & Toppings","Ken's Steakhouse","Ken's Steakhouse Light Options Caesar Dressing","Ken's Steakhouse Light Options Caesar Dressing","1.99","0.0","","9 oz","9 oz","1719.jpg",,"N/A"
"8872","Cooking Needs","Condiments & Sauces","Salad Dressing & Toppings","Ken's Steakhouse","Ken's Steakhouse Light Options Italian W/Romano & Red Pepper Dressing","Ken's Steakhouse Light Options Italian W/Romano & Red Pepper Dressing","1.99","0.0","","9 oz","9 oz","1712.jpg",,"N/A"
"8873","Cooking Needs","Condiments & Sauces","Salad Dressing & Toppings","Ken's Steakhouse","Ken's Steakhouse Lite Buttermilk Ranch Dressing","Ken's Steakhouse Lite Buttermilk Ranch Dressing","3.49","0.0","","16 fl oz","16 fl oz","1718.jpg",,"2"
"8874","Cooking Needs","Condiments & Sauces","Salad Dressing & Toppings","Ken's Steakhouse","Ken's Steakhouse Lite Creamy Parmesan Dressing","Ken's Steakhouse Lite Creamy Parmesan Dressing","3.19","0.0","","16 fl oz","16 fl oz","1714.jpg",,"N/A"
"8875","Cooking Needs","Condiments & Sauces","Salad Dressing & Toppings","Ken's Steakhouse","Ken's Steakhouse Raspberry Walnut Vinaigrette Dressing Lite","Ken's Steakhouse Raspberry Walnut Vinaigrette Dressing Lite","3.19","0.0","","16 fl oz","16 fl oz","1691.jpg",,"N/A"
"8876","Cooking Needs","Condiments & Sauces","Salad Dressing & Toppings","Ken's Steakhouse","Ken's Steakhouse Russian","Ken's Steakhouse Russian","1.99","0.0","","9 fl oz","9 fl oz","1709.jpg",,"N/A"
"8877","Cooking Needs","Condiments & Sauces","Salad Dressing & Toppings","Ken's Steakhouse","Ken's Steakhouse Simply Vinaigrette Greek","Ken's Steakhouse Simply Vinaigrette Greek","2.49","0.0","","16 fl oz","16 fl oz","1702.jpg",,"N/A"
"8878","Cooking Needs","Condiments & Sauces","Salad Dressing & Toppings","Ken's Steakhouse","Ken's Steakhouse Three Cheese Italian Dressing","Ken's Steakhouse Three Cheese Italian Dressing","3.19","0.0","","16 fl oz","16 fl oz","1723.jpg",,"N/A"
"8879","Cooking Needs","Condiments & Sauces","Salad Dressing & Toppings","Kraft","Kraft Classic Catalina Dressing","Kraft Classic Catalina Dressing","2.49","0.0","","24 fl oz","24 fl oz","No Image.jpg",,"N/A"
"8880","Cooking Needs","Condiments & Sauces","Salad Dressing & Toppings","Kraft","Kraft Classic Catalina Dressing","Kraft Classic Catalina Dressing","2.49","0.0","","16 fl oz","16 fl oz","1765.jpg",,"2"
"8881","Cooking Needs","Condiments & Sauces","Salad Dressing & Toppings","Kraft","Kraft Classic Catalina Fat Free Dressing","Kraft Classic Catalina Fat Free Dressing","2.49","0.0","","16 fl oz","16 fl oz","1760.jpg",,"N/A"
"8882","Cooking Needs","Condiments & Sauces","Salad Dressing & Toppings","Kraft","Kraft Classic Fat Free Ranch Dressing","Kraft Classic Fat Free Ranch Dressing","2.49","0.0","","16 fl oz","16 fl oz","1759.jpg",,"N/A"
"8883","Cooking Needs","Condiments & Sauces","Salad Dressing & Toppings","Kraft","Kraft Classic Ranch Dressing","Kraft Classic Ranch Dressing","2.79","0.0","","16 fl oz","16 fl oz","1756.jpg",,"2"
"8884","Cooking Needs","Condiments & Sauces","Salad Dressing & Toppings","Kraft","Kraft Classic Ranch Dressing","Kraft Classic Ranch Dressing","3.69","0.0","","24 fl oz","24 fl oz","1763.jpg",,"2"
"8885","Cooking Needs","Condiments & Sauces","Salad Dressing & Toppings","Kraft","Kraft Creamy Poppyseed Dressing","Kraft Creamy Poppyseed Dressing","2.49","0.0","","16 fl oz","16 fl oz","1764.jpg",,"N/A"
"8886","Cooking Needs","Condiments & Sauces","Salad Dressing & Toppings","Kraft","Kraft Lite Thousand Island Salad Dressing","Kraft Lite Thousand Island Salad Dressing","2.49","0.0","","16 fl oz","16 fl oz","1758.jpg",,"N/A"
"8887","Cooking Needs","Condiments & Sauces","Salad Dressing & Toppings","Kraft","Kraft Roka Blue Cheese Dressing","Kraft Roka Blue Cheese Dressing","2.49","0.0","","16 fl oz","16 fl oz","1757.jpg",,"N/A"
"8888","Cooking Needs","Condiments & Sauces","Salad Dressing & Toppings","Kraft","Kraft Viva Italian Dressing","Kraft Viva Italian Dressing","2.49","0.0","","16 fl oz","16 fl oz","1766.jpg",,"N/A"
"8889","Cooking Needs","Condiments & Sauces","Salad Dressing & Toppings","Kraft","Kraft Zesty Catalina Dressing","Kraft Zesty Catalina Dressing","2.49","0.0","","16 fl oz","16 fl oz","1762.jpg",,"N/A"
"8890","Cooking Needs","Condiments & Sauces","Salad Dressing & Toppings","Kraft","Kraft Zesty Italian Dressing","Kraft Zesty Italian Dressing","2.79","0.0","","16 fl oz","16 fl oz","1761.jpg",,"2"
"8891","Cooking Needs","Condiments & Sauces","Salad Dressing & Toppings","Maple Grove Farms","Maple Grove Farms Champagne Vinaigrette Dressing","Maple Grove Farms Champagne Vinaigrette Dressing","4.29","0.0","","12 fl oz","12 fl oz","1784.jpg",,"N/A"
"8892","Cooking Needs","Condiments & Sauces","Salad Dressing & Toppings","Maple Grove Farms","Maple Grove Farms Creamy Balsamic Dressing","Maple Grove Farms Creamy Balsamic Dressing","3.69","0.0","","12 oz","12 oz","1780.jpg",,"2"
"8893","Cooking Needs","Condiments & Sauces","Salad Dressing & Toppings","Maple Grove Farms","Maple Grove Farms Dressing, Fat Free, Poppyseed","Maple Grove Farms Dressing, Fat Free, Poppyseed","2.99","0.0","","8 fl oz","8 fl oz","1781.jpg",,"2"
"8894","Cooking Needs","Condiments & Sauces","Salad Dressing & Toppings","Maple Grove Farms","Maple Grove Farms Fat Free Cranberry Balsamic Dressing","Maple Grove Farms Fat Free Cranberry Balsamic Dressing","2.99","0.0","","8 oz","8 oz","1785.jpg",,"N/A"
"8895","Cooking Needs","Condiments & Sauces","Salad Dressing & Toppings","Maple Grove Farms","Maple Grove Farms Fat Free Lime Basil Dressing","Maple Grove Farms Fat Free Lime Basil Dressing","2.99","0.0","","8 oz","8 oz","1783.jpg",,"N/A"
"8896","Cooking Needs","Condiments & Sauces","Salad Dressing & Toppings","Maple Grove Farms","Maple Grove Farms Honey Mustard Dressing","Maple Grove Farms Honey Mustard Dressing","2.99","0.0","","8 oz","8 oz","1786.jpg",,"N/A"
"8897","Cooking Needs","Condiments & Sauces","Salad Dressing & Toppings","Maple Grove Farms","Maple Grove Farms Of Vermont Fat Free Honey Dijon Dressing","Maple Grove Farms Of Vermont Fat Free Honey Dijon Dressing","2.99","0.0","","8 oz","8 oz","15444.jpg",,"2"
"8898","Cooking Needs","Condiments & Sauces","Salad Dressing & Toppings","Maple Grove Farms","Maple Grove Farms Of Vermont Maple Balsamic Vinaigrette Dressing","Maple Grove Farms Of Vermont Maple Balsamic Vinaigrette Dressing","2.99","0.0","","8 fl oz","8 fl oz","1782.jpg",,"N/A"
"8899","Cooking Needs","Condiments & Sauces","Salad Dressing & Toppings","Maple Grove Farms","Maple Grove Farms Of Vermont Sugar Free Vinaigrette Raspberry","Maple Grove Farms Of Vermont Sugar Free Vinaigrette Raspberry","2.99","0.0","","8 fl oz","8 fl oz","15455.jpg",,"N/A"
"8900","Cooking Needs","Condiments & Sauces","Salad Dressing & Toppings","Maple Grove Farms","Maple Grove Farms Sesame Ginger Dressing","Maple Grove Farms Sesame Ginger Dressing","4.29","0.0","","12 oz","12 oz","1788.jpg",,"2"
"8901","Cooking Needs","Condiments & Sauces","Salad Dressing & Toppings","Maple Grove Farms","Maple Grove Farms Strawberry Balsamic Dressing","Maple Grove Farms Strawberry Balsamic Dressing","4.29","0.0","","12 fl oz","12 fl oz","1787.jpg",,"N/A"
"8902","Cooking Needs","Condiments & Sauces","Salad Dressing & Toppings","Marie's","Marie's Dressing + Dip Lite Chunky Blue Cheese","Marie's Dressing + Dip Lite Chunky Blue Cheese","4.99","0.0","","12 fl oz","12 fl oz","15450.jpg",,"N/A"
"8903","Cooking Needs","Condiments & Sauces","Salad Dressing & Toppings","Marie's","Marie's Ranch Yogurt Dressing","Marie's Ranch Yogurt Dressing","3.19","0.0","","11.5 fl oz","11.5 fl oz","15477.jpg",,"N/A"
"8904","Cooking Needs","Condiments & Sauces","Salad Dressing & Toppings","Marie's","Marie's Vinaigrette Italian","Marie's Vinaigrette Italian","3.29","0.0","","11.5 fl oz","11.5 fl oz","15430.jpg",,"N/A"
"8905","Cooking Needs","Condiments & Sauces","Salad Dressing & Toppings","Market Basket","Market Basket Balsamic Vinaigrette Dressing","Market Basket Balsamic Vinaigrette Dressing","1.99","0.0","","16 oz","16 oz","Market Basket.jpg",,"N/A"
"8906","Cooking Needs","Condiments & Sauces","Salad Dressing & Toppings","Market Basket","Market Basket Chunky Blue Cheese Dressing","Market Basket Chunky Blue Cheese Dressing","1.99","0.0","","16 oz","16 oz","Market Basket.jpg",,"N/A"
"8907","Cooking Needs","Condiments & Sauces","Salad Dressing & Toppings","Market Basket","Market Basket Classic Italian Dressing","Market Basket Classic Italian Dressing","1.99","0.0","","16 oz","16 oz","Market Basket.jpg",,"2"
"8908","Cooking Needs","Condiments & Sauces","Salad Dressing & Toppings","Market Basket","Market Basket Classic Ranch Dressing","Market Basket Classic Ranch Dressing","1.99","0.0","","16 oz","16 oz","Market Basket.jpg",,"2"
"8909","Cooking Needs","Condiments & Sauces","Salad Dressing & Toppings","Market Basket","Market Basket Creamy Caesar Dressing","Market Basket Creamy Caesar Dressing","1.99","0.0","","16 oz","16 oz","Market Basket.jpg",,"N/A"
"8910","Cooking Needs","Condiments & Sauces","Salad Dressing & Toppings","Market Basket","Market Basket Creamy Italian Dressing","Market Basket Creamy Italian Dressing","1.99","0.0","","16 oz","16 oz","Market Basket.jpg",,"N/A"
"8911","Cooking Needs","Condiments & Sauces","Salad Dressing & Toppings","Market Basket","Market Basket Deluxe French Dressing","Market Basket Deluxe French Dressing","1.99","0.0","","16 oz","16 oz","Market Basket.jpg",,"N/A"
"8912","Cooking Needs","Condiments & Sauces","Salad Dressing & Toppings","Market Basket","Market Basket Fat Free Italian Dressing","Market Basket Fat Free Italian Dressing","1.99","0.0","","16 oz","16 oz","Market Basket.jpg",,"N/A"
"8913","Cooking Needs","Condiments & Sauces","Salad Dressing & Toppings","Market Basket","Market Basket Fat Free Ranch Dressing","Market Basket Fat Free Ranch Dressing","1.99","0.0","","16 oz","16 oz","Market Basket.jpg",,"N/A"
"8914","Cooking Needs","Condiments & Sauces","Salad Dressing & Toppings","Market Basket","Market Basket French Dressing","Market Basket French Dressing","1.99","0.0","","16 oz","16 oz","Market Basket.jpg",,"N/A"
"8915","Cooking Needs","Condiments & Sauces","Salad Dressing & Toppings","Market Basket","Market Basket Honey Mustard Dressing","Market Basket Honey Mustard Dressing","1.99","0.0","","16 oz","16 oz","Market Basket.jpg",,"2"
"8916","Cooking Needs","Condiments & Sauces","Salad Dressing & Toppings","Market Basket","Market Basket House Italian Dressing","Market Basket House Italian Dressing","1.99","0.0","","16 oz","16 oz","Market Basket.jpg",,"N/A"
"8917","Cooking Needs","Condiments & Sauces","Salad Dressing & Toppings","Market Basket","Market Basket Light Balsamic Vinaigrette Dressing","Market Basket Light Balsamic Vinaigrette Dressing","1.99","0.0","","16 oz","16 oz","Market Basket.jpg",,"N/A"
"8918","Cooking Needs","Condiments & Sauces","Salad Dressing & Toppings","Market Basket","Market Basket Light Caesar Dressing","Market Basket Light Caesar Dressing","1.99","0.0","","16 oz","16 oz","Market Basket.jpg",,"N/A"
"8919","Cooking Needs","Condiments & Sauces","Salad Dressing & Toppings","Market Basket","Market Basket Light Italian Dressing","Market Basket Light Italian Dressing","1.99","0.0","","16 oz","16 oz","Market Basket.jpg",,"N/A"
"8920","Cooking Needs","Condiments & Sauces","Salad Dressing & Toppings","Market Basket","Market Basket Light Ranch Dressing","Market Basket Light Ranch Dressing","1.99","0.0","","16 oz","16 oz","Market Basket.jpg",,"N/A"
"8921","Cooking Needs","Condiments & Sauces","Salad Dressing & Toppings","Market Basket","Market Basket Robust Italian Dressing","Market Basket Robust Italian Dressing","1.99","0.0","","16 oz","16 oz","Market Basket.jpg",,"N/A"
"8922","Cooking Needs","Condiments & Sauces","Salad Dressing & Toppings","Market Basket","Market Basket Thousand Island Dressing","Market Basket Thousand Island Dressing","1.99","0.0","","16 oz","16 oz","Market Basket.jpg",,"N/A"
"8923","Cooking Needs","Condiments & Sauces","Salad Dressing & Toppings","Marzetti","Marzetti Dressing Classic Ranch","Marzetti Dressing Classic Ranch","3.39","0.0","","15 fl oz","15 fl oz","15440.jpg",,"N/A"
"8924","Cooking Needs","Condiments & Sauces","Salad Dressing & Toppings","Marzetti","Marzetti Dressing Original Slaw","Marzetti Dressing Original Slaw","5.19","0.0","","15 fl oz","15 fl oz","15441.jpg",,"N/A"
"8925","Cooking Needs","Condiments & Sauces","Salad Dressing & Toppings","Marzetti","Marzetti Simply Dressed Caesar Dressing","Marzetti Simply Dressed Caesar Dressing","3.29","0.0","","12 fl oz","12 fl oz","15431.jpg",,"N/A"
"8926","Cooking Needs","Condiments & Sauces","Salad Dressing & Toppings","McCormick","McCormick Imitation Bacon Bits","McCormick Imitation Bacon Bits","2.09","0.0","","4.4 oz","4.4 oz","15474.jpg",,"N/A"
"8927","Cooking Needs","Condiments & Sauces","Salad Dressing & Toppings","Mrs. Cubbison's","Mrs. Cubbison's Fat Free Seasoned Restaurant Style Croutons","Mrs. Cubbison's Fat Free Seasoned Restaurant Style Croutons","1.29","0.0","","5 oz","5 oz","15447.jpg",,"N/A"
"8928","Cooking Needs","Condiments & Sauces","Salad Dressing & Toppings","Mrs. Cubbison's","Mrs. Cubbison's Southwest Flavor Tortilla Strips","Mrs. Cubbison's Southwest Flavor Tortilla Strips","1.89","0.0","","4 oz","4 oz","15445.jpg",,"N/A"
"8929","Cooking Needs","Condiments & Sauces","Salad Dressing & Toppings","Mrs. Cubbison's","Mrs. Cubbison's Wonton Strips","Mrs. Cubbison's Wonton Strips","1.89","0.0","","4 oz","4 oz","15442.jpg",,"N/A"
"8930","Cooking Needs","Condiments & Sauces","Salad Dressing & Toppings","Newman's Own","Newman's Own Balsamic Vinaigrette","Newman's Own Balsamic Vinaigrette","3.69","0.0","","16 fl oz","16 fl oz","1768.jpg",,"N/A"
"8931","Cooking Needs","Condiments & Sauces","Salad Dressing & Toppings","Newman's Own","Newman's Own Classic Oil & Vinegar Dressing","Newman's Own Classic Oil & Vinegar Dressing","3.69","0.0","","16 fl oz","16 fl oz","1769.jpg",,"N/A"
"8932","Cooking Needs","Condiments & Sauces","Salad Dressing & Toppings","Newman's Own","Newman's Own Dressing Honey Mustard","Newman's Own Dressing Honey Mustard","3.69","0.0","","16 fl oz","16 fl oz","1767.jpg",,"N/A"
"8933","Cooking Needs","Condiments & Sauces","Salad Dressing & Toppings","Newman's Own","Newman's Own Dressing Light Caesar","Newman's Own Dressing Light Caesar","3.69","0.0","","16 fl oz","16 fl oz","1773.jpg",,"2"
"8934","Cooking Needs","Condiments & Sauces","Salad Dressing & Toppings","Newman's Own","Newman's Own Dressing Parmesan & Roasted Garlic","Newman's Own Dressing Parmesan & Roasted Garlic","3.69","0.0","","16 fl oz","16 fl oz","1777.jpg",,"2"
"8935","Cooking Needs","Condiments & Sauces","Salad Dressing & Toppings","Newman's Own","Newman's Own Family Recipe Italian Dressing","Newman's Own Family Recipe Italian Dressing","3.69","0.0","","16 fl oz","16 fl oz","1775.jpg",,"N/A"
"8936","Cooking Needs","Condiments & Sauces","Salad Dressing & Toppings","Newman's Own","Newman's Own Organic, Salad Dressing, Lite Balsamic, Bottle","Newman's Own Organic, Salad Dressing, Lite Balsamic, Bottle","3.09","0.0","","12 fl oz","12 fl oz","1778.jpg",,"N/A"
"8937","Cooking Needs","Condiments & Sauces","Salad Dressing & Toppings","Newman's Own","Newman's Own Poppy Seed Dressing","Newman's Own Poppy Seed Dressing","3.69","0.0","","16 fl oz","16 fl oz","1772.jpg",,"N/A"
"8938","Cooking Needs","Condiments & Sauces","Salad Dressing & Toppings","Newman's Own","Newman's Own Sesame Ginger Dressing","Newman's Own Sesame Ginger Dressing","3.09","0.0","","16 fl oz","16 fl oz","1776.jpg",,"N/A"
"8939","Cooking Needs","Condiments & Sauces","Salad Dressing & Toppings","Newman's Own","Newman's Own Vinaigrette Light Balsamic","Newman's Own Vinaigrette Light Balsamic","3.69","0.0","","16 fl oz","16 fl oz","1770.jpg",,"2"
"8940","Cooking Needs","Condiments & Sauces","Salad Dressing & Toppings","Newman's Own","Newman's Own Vinaigrette Raspberry Walnut","Newman's Own Vinaigrette Raspberry Walnut","3.69","0.0","","16 fl oz","16 fl oz","1774.jpg",,"N/A"
"8941","Cooking Needs","Condiments & Sauces","Salad Dressing & Toppings","Newmans","Newmans Light Italian Dressing","Newmans Light Italian Dressing","3.69","0.0","","16 fl oz","16 fl oz","15461.jpg",,"2"
"8942","Cooking Needs","Condiments & Sauces","Salad Dressing & Toppings","Oscar Mayer","Oscar Mayer Real Bacon Bits","Oscar Mayer Real Bacon Bits","2.49","0.0","","3 oz","3 oz","15443.jpg",,"N/A"
"8943","Cooking Needs","Condiments & Sauces","Salad Dressing & Toppings","Poland Spring","Poland Spring Natural Spring Water","Poland Spring Natural Spring Water","4.29","0.0","","28 x 0.5 L","28 x 0.5 L","15429.jpg",,"11"
"8944","Cooking Needs","Condiments & Sauces","Salad Dressing & Toppings","Rothbury Farms","Rothbury Farms Cheese Garlic Croutons","Rothbury Farms Cheese Garlic Croutons","1.29","0.0","","5 oz","5 oz","1789.jpg",,"2"
"8945","Cooking Needs","Condiments & Sauces","Salad Dressing & Toppings","Rothbury Farms","Rothbury Farms Croutons, Cheese Garlic","Rothbury Farms Croutons, Cheese Garlic","1.29","0.0","","5 oz","5 oz","1792.jpg",,"2"
"8946","Cooking Needs","Condiments & Sauces","Salad Dressing & Toppings","Rothbury Farms","Rothbury Farms Croutons, Seasoned, Texas Toast","Rothbury Farms Croutons, Seasoned, Texas Toast","1.29","0.0","","5 oz","5 oz","1793.jpg",,"N/A"
"8947","Cooking Needs","Condiments & Sauces","Salad Dressing & Toppings","Rothbury Farms","Rothbury Farms Seasoned Croutons","Rothbury Farms Seasoned Croutons","1.29","0.0","","5 oz","5 oz","1791.jpg",,"N/A"
"8948","Cooking Needs","Condiments & Sauces","Salad Dressing & Toppings","Rothbury Farms","Rothbury Farms Seasoned Italian Style Croutons","Rothbury Farms Seasoned Italian Style Croutons","1.29","0.0","","5 oz","5 oz","1790.jpg",,"N/A"
"8949","Cooking Needs","Condiments & Sauces","Salad Dressing & Toppings","Virginia Brand","Virginia Brand Vidalia Onion Vinegarette Salad Dressing","Virginia Brand Vidalia Onion Vinegarette Salad Dressing","4.89","0.0","","33.77 oz","33.77 oz","15471.jpg",,"N/A"
"8950","Cooking Needs","Condiments & Sauces","Salad Dressing & Toppings","Wish-Bone","Wish Bone Balsamic & Basil Vinaigrette","Wish Bone Balsamic & Basil Vinaigrette","4.19","0.0","","16 fl oz","16 fl oz","1754.jpg",,"N/A"
"8951","Cooking Needs","Condiments & Sauces","Salad Dressing & Toppings","Wish-Bone","Wish Bone Chipotle Ranch Salad Dressing","Wish Bone Chipotle Ranch Salad Dressing","2.79","0.0","","16 fl oz","16 fl oz","1744.jpg",,"2"
"8952","Cooking Needs","Condiments & Sauces","Salad Dressing & Toppings","Wish-Bone","Wish Bone Chunky Blue Cheese Dressing","Wish Bone Chunky Blue Cheese Dressing","1.89","0.0","","15 oz","15 oz","1743.jpg",,"N/A"
"8953","Cooking Needs","Condiments & Sauces","Salad Dressing & Toppings","Wish-Bone","Wish Bone Chunky Blue Cheese Salad Dressing","Wish Bone Chunky Blue Cheese Salad Dressing","2.69","0.0","","16 oz","16 oz","1752.jpg",,"N/A"
"8954","Cooking Needs","Condiments & Sauces","Salad Dressing & Toppings","Wish-Bone","Wish Bone Creamy Caesar Dressing","Wish Bone Creamy Caesar Dressing","2.49","0.0","","16 fl oz","16 fl oz","1749.jpg",,"2"
"8955","Cooking Needs","Condiments & Sauces","Salad Dressing & Toppings","Wish-Bone","Wish Bone Deluxe French Dressing","Wish Bone Deluxe French Dressing","2.49","0.0","","16 fl oz","16 fl oz","1747.jpg",,"N/A"
"8956","Cooking Needs","Condiments & Sauces","Salad Dressing & Toppings","Wish-Bone","Wish Bone Dressing, Balsamic Italian Vinaigrette","Wish Bone Dressing, Balsamic Italian Vinaigrette","2.49","0.0","","16 oz","16 oz","1751.jpg",,"N/A"
"8957","Cooking Needs","Condiments & Sauces","Salad Dressing & Toppings","Wish-Bone","Wish Bone Greek Vinaigrette","Wish Bone Greek Vinaigrette","2.49","0.0","","16 fl oz","16 fl oz","1755.jpg",,"N/A"
"8958","Cooking Needs","Condiments & Sauces","Salad Dressing & Toppings","Wish-Bone","Wish Bone House Italian Dressing","Wish Bone House Italian Dressing","1.89","0.0","","15 fl oz","15 fl oz","1745.jpg",,"2"
"8959","Cooking Needs","Condiments & Sauces","Salad Dressing & Toppings","Wish-Bone","Wish Bone Italian Dressing","Wish Bone Italian Dressing","2.49","0.0","","16 fl oz","16 fl oz","1742.jpg",,"2"
"8960","Cooking Needs","Condiments & Sauces","Salad Dressing & Toppings","Wish-Bone","Wish Bone Italian Dressing Light","Wish Bone Italian Dressing Light","2.49","0.0","","16 fl oz","16 fl oz","1746.jpg",,"N/A"
"8961","Cooking Needs","Condiments & Sauces","Salad Dressing & Toppings","Wish-Bone","Wish Bone Light Ranch Dressing","Wish Bone Light Ranch Dressing","2.49","0.0","","16 fl oz","16 fl oz","1750.jpg",,"2"
"8962","Cooking Needs","Condiments & Sauces","Salad Dressing & Toppings","Wish-Bone","Wish Bone Robusto Italian Dressing","Wish Bone Robusto Italian Dressing","2.49","0.0","","16 fl oz","16 fl oz","1748.jpg",,"N/A"
"8963","Cooking Needs","Condiments & Sauces","Salad Dressing & Toppings","Yasou","Yasou Greek Dressing The Original","Yasou Greek Dressing The Original","2.09","0.0","","9 fl oz","9 fl oz","15438.jpg",,"2"
"8964","Cooking Needs","Condiments & Sauces","Spreads","Barney","Barney Almond Butter, Smooth","Barney Almond Butter, Smooth","9.19","0.0","","16 oz","16 oz","15409.jpg",,"3"
"8965","Cooking Needs","Condiments & Sauces","Spreads","Barney","Barney Butter Almond Butter, Crunchy, Gluten Free, Jar","Barney Butter Almond Butter, Crunchy, Gluten Free, Jar","11.59","0.0","","16 oz","16 oz","15412.jpg",,"3"
"8966","Cooking Needs","Condiments & Sauces","Spreads","Bonne Maman","Bonne Maman Preserves Raspberry, Jar","Bonne Maman Preserves Raspberry, Jar","4.89","0.0","","13 oz","13 oz","1683.jpg",,"3"
"8967","Cooking Needs","Condiments & Sauces","Spreads","Bonne Maman","Bonne Maman Preserves Strawberry, Jar","Bonne Maman Preserves Strawberry, Jar","4.89","0.0","","13 oz","13 oz","1682.jpg",,"3"
"8968","Cooking Needs","Condiments & Sauces","Spreads","Bonne Maman","Bonne Maman Preserves, Wild Blueberry","Bonne Maman Preserves, Wild Blueberry","4.89","0.0","","13 oz","13 oz","1684.jpg",,"3"
"8969","Cooking Needs","Condiments & Sauces","Spreads","Jif","Jif Extra Crunchy Peanut Butter","Jif Extra Crunchy Peanut Butter","3.49","0.0","","16 oz","16 oz","1651.jpg",,"3"
"8970","Cooking Needs","Condiments & Sauces","Spreads","Skippy","Skippy Extra Crunchy Super Chunk Peanut Butter","Skippy Extra Crunchy Super Chunk Peanut Butter","6.89","0.0","","40 Oz","40 Oz","1643.jpg",,"3"
"8971","Cooking Needs","Condiments & Sauces","Spreads","Skippy","Skippy Natural Extra Crunchy Super Chunk Peanut Butter Spread","Skippy Natural Extra Crunchy Super Chunk Peanut Butter Spread","3.09","0.0","","15 oz","15 oz","1641.jpg",,"3"
"8972","Cooking Needs","Condiments & Sauces","Spreads","Skippy","Skippy Super Chunk Extra Crunchy Natural Peanut Butter Spread","Skippy Super Chunk Extra Crunchy Natural Peanut Butter Spread","3.09","0.0","","15 oz","15 oz","1642.jpg",,"3"
"8973","Cooking Needs","Condiments & Sauces","Spreads","Skippy","Skippy Super Chunk Extra Crunchy Peanut Butter","Skippy Super Chunk Extra Crunchy Peanut Butter","3.09","0.0","","16.3 oz","16.3 oz","1639.jpg",,"3"
"8974","Cooking Needs","Condiments & Sauces","Spreads","Fluff","Fluff Marshmallow","Fluff Marshmallow","2.09","0.0","","16 oz","16 oz","15404.jpg",,"3"
"8975","Cooking Needs","Condiments & Sauces","Spreads","Fluff","Fluff Marshmallow","Fluff Marshmallow","1.29","0.0","","7.5 oz","7.5 oz","15413.jpg",,"3"
"8976","Cooking Needs","Condiments & Sauces","Spreads","Goya","Goya Guava Jelly","Goya Guava Jelly","3.29","0.0","","17 oz","17 oz","17965.jpg",,"7"
"8977","Cooking Needs","Condiments & Sauces","Spreads","Goya","Goya Jam, Premium, Mango","Goya Jam, Premium, Mango","3.29","0.0","","17 oz","17 oz","15422.jpg",,"7"
"8978","Cooking Needs","Condiments & Sauces","Spreads","Hero","Hero Black Cherry Premium Fruit Spread","Hero Black Cherry Premium Fruit Spread","3.69","0.0","","12 oz","12 oz","1686.jpg",,"3"
"8979","Cooking Needs","Condiments & Sauces","Spreads","Hero","Hero Blackberry Premium Fruit Spread","Hero Blackberry Premium Fruit Spread","3.69","0.0","","12 oz","12 oz","1687.jpg",,"3"
"8980","Cooking Needs","Condiments & Sauces","Spreads","Hero","Hero Fruit Spread Strawberry","Hero Fruit Spread Strawberry","3.69","0.0","","12 oz","12 oz","1685.jpg",,"3"
"8981","Cooking Needs","Condiments & Sauces","Spreads","Hershey's","Hershey's Chocolate Syrup","Hershey's Chocolate Syrup","2.79","0.0","","24 oz","24 oz","1593.jpg",,"8"
"8982","Cooking Needs","Condiments & Sauces","Spreads","James Keiller & Son","James Keiller & Son Dundee Orange Marmalade","James Keiller & Son Dundee Orange Marmalade","6.69","0.0","","1 lb","1 lb","15421.jpg",,"3"
"8983","Cooking Needs","Condiments & Sauces","Spreads","Jif","Jif Creamy Peanut Butter","Jif Creamy Peanut Butter","3.49","0.0","","16 oz","16 oz","1647.jpg",,"3"
"8984","Cooking Needs","Condiments & Sauces","Spreads","Jif","Jif Creamy Peanut Butter","Jif Creamy Peanut Butter","7.39","0.0","","40 Oz","40 Oz","1648.jpg",,"3"
"8985","Cooking Needs","Condiments & Sauces","Spreads","Jif","Jif Creamy Peanut Butter","Jif Creamy Peanut Butter","7.39","0.0","","28 oz","28 oz","1654.jpg",,"3"
"8986","Cooking Needs","Condiments & Sauces","Spreads","Jif","Jif Creamy Peanut Butter","Jif Creamy Peanut Butter","3.49","0.0","","15.5 oz","15.5 oz","1656.jpg",,"3"
"8987","Cooking Needs","Condiments & Sauces","Spreads","Jif","Jif Natural Creamy Peanut Butter","Jif Natural Creamy Peanut Butter","3.09","0.0","","16 oz","16 oz","1649.jpg",,"3"
"8988","Cooking Needs","Condiments & Sauces","Spreads","Jif","Jif Natural Honey Peanut Butter Creamy","Jif Natural Honey Peanut Butter Creamy","3.09","0.0","","16 oz","16 oz","1655.jpg",,"3"
"8989","Cooking Needs","Condiments & Sauces","Spreads","Jif","Jif Natural Low Sodium Creamy Peanut Butter Spread","Jif Natural Low Sodium Creamy Peanut Butter Spread","7.39","0.0","","40 Oz","40 Oz","1653.jpg",,"3"
"8990","Cooking Needs","Condiments & Sauces","Spreads","Jif","Jif Peanut Butter, Whipped, Creamy","Jif Peanut Butter, Whipped, Creamy","4.09","0.0","","15 oz","15 oz","1650.jpg",,"3"
"8991","Cooking Needs","Condiments & Sauces","Spreads","Jif","Jif Reduced Fat Creamy Peanut Butter Spread","Jif Reduced Fat Creamy Peanut Butter Spread","3.49","0.0","","16 oz","16 oz","1652.jpg",,"3"
"8992","Cooking Needs","Condiments & Sauces","Spreads","Jif","Jif To Go Creamy Peanut Butter","Jif To Go Creamy Peanut Butter","2.49","0.0","","8 x 1.5 oz","8 x 1.5 oz","1646.jpg",,"3"
"8993","Cooking Needs","Condiments & Sauces","Spreads","Jif","Jif Whipped Peanut Butter","Jif Whipped Peanut Butter","3.69","0.0","","15 oz","15 oz","No Image.jpg",,"3"
"8994","Cooking Needs","Condiments & Sauces","Spreads","Joseph's","Joseph's Organic Original Hommus Singles","Joseph's Organic Original Hommus Singles","3.29","0.0","","4 x 2 oz","4 x 2 oz","15415.jpg",,"3"
"8995","Cooking Needs","Condiments & Sauces","Spreads","Levant","Levant 100% Stone Ground Sesame","Levant 100% Stone Ground Sesame","4.89","0.0","","16 oz","16 oz","No Image.jpg",,"3"
"8996","Cooking Needs","Condiments & Sauces","Spreads","Maple Grove Farms","Maple Grove Farms Of Vermont Maple Grove Farms Real Mint Jelly","Maple Grove Farms Of Vermont Maple Grove Farms Real Mint Jelly","3.69","0.0","","10 oz","10 oz","15420.jpg",,"3"
"8997","Cooking Needs","Condiments & Sauces","Spreads","Market Basket","Market Basket Apple Jelly","Market Basket Apple Jelly","1.89","0.0","","12 oz","12 oz","Market Basket.jpg",,"3"
"8998","Cooking Needs","Condiments & Sauces","Spreads","Market Basket","Market Basket Apricot Preserve","Market Basket Apricot Preserve","2.19","0.0","","12 oz","12 oz","Market Basket.jpg",,"3"
"8999","Cooking Needs","Condiments & Sauces","Spreads","Market Basket","Market Basket Apricot Preserves","Market Basket Apricot Preserves","2.69","0.0","","18 oz","18 oz","Market Basket.jpg",,"3"
"9000","Cooking Needs","Condiments & Sauces","Spreads","Market Basket","Market Basket Concord Grape Jelly","Market Basket Concord Grape Jelly","1.69","0.0","","18 oz","18 oz","Market Basket.jpg",,"3"
"9001","Cooking Needs","Condiments & Sauces","Spreads","Market Basket","Market Basket Concord Grape Jelly","Market Basket Concord Grape Jelly","2.19","0.0","","32 oz","32 oz","Market Basket.jpg",,"3"
"9002","Cooking Needs","Condiments & Sauces","Spreads","Market Basket","Market Basket Creamy Peanut Butter","Market Basket Creamy Peanut Butter","2.49","0.0","","18 oz","18 oz","Market Basket.jpg",,"3"
"9003","Cooking Needs","Condiments & Sauces","Spreads","Market Basket","Market Basket Creamy Peanut Butter","Market Basket Creamy Peanut Butter","4.89","0.0","","40 Oz","40 Oz","Market Basket.jpg",,"3"
"9004","Cooking Needs","Condiments & Sauces","Spreads","Market Basket","Market Basket Grape Jam","Market Basket Grape Jam","1.69","0.0","","18 oz","18 oz","Market Basket.jpg",,"3"
"9005","Cooking Needs","Condiments & Sauces","Spreads","Market Basket","Market Basket Grape Jam","Market Basket Grape Jam","2.19","0.0","","32 oz","32 oz","Market Basket.jpg",,"3"
"9006","Cooking Needs","Condiments & Sauces","Spreads","Market Basket","Market Basket Mint Jelly","Market Basket Mint Jelly","1.89","0.0","","12 oz","12 oz","Market Basket.jpg",,"3"
"9007","Cooking Needs","Condiments & Sauces","Spreads","Market Basket","Market Basket Orange Marmalade","Market Basket Orange Marmalade","2.19","0.0","","18 oz","18 oz","Market Basket.jpg",,"3"
"9008","Cooking Needs","Condiments & Sauces","Spreads","Market Basket","Market Basket Orange Marmalade","Market Basket Orange Marmalade","1.69","0.0","","12 oz","12 oz","Market Basket.jpg",,"3"
"9009","Cooking Needs","Condiments & Sauces","Spreads","Market Basket","Market Basket Orange Marmalade","Market Basket Orange Marmalade","3.49","0.0","","32 oz","32 oz","Market Basket.jpg",,"3"
"9010","Cooking Needs","Condiments & Sauces","Spreads","Market Basket","Market Basket Red Raspberry Preserve","Market Basket Red Raspberry Preserve","5.49","0.0","","32 oz","32 oz","Market Basket.jpg",,"3"
"9011","Cooking Needs","Condiments & Sauces","Spreads","Market Basket","Market Basket Seedless Strawberry Jam","Market Basket Seedless Strawberry Jam","2.69","0.0","","18 oz","18 oz","Market Basket.jpg",,"3"
"9012","Cooking Needs","Condiments & Sauces","Spreads","Market Basket","Market Basket Strawberry Jelly","Market Basket Strawberry Jelly","2.19","0.0","","12 oz","12 oz","Market Basket.jpg",,"3"
"9013","Cooking Needs","Condiments & Sauces","Spreads","Market Basket","Market Basket strawberry Preserve","Market Basket strawberry Preserve","2.19","0.0","","12 oz","12 oz","Market Basket.jpg",,"3"
"9014","Cooking Needs","Condiments & Sauces","Spreads","Market Basket","Market Basket Sugar free Strawberry Preserve","Market Basket Sugar free Strawberry Preserve","2.49","0.0","","12.75 oz","12.75 oz","Market Basket.jpg",,"3"
"9015","Cooking Needs","Condiments & Sauces","Spreads","Market Basket","Market Basket Super Chunky Peanut Butter","Market Basket Super Chunky Peanut Butter","2.49","0.0","","18 oz","18 oz","Market Basket.jpg",,"3"
"9016","Cooking Needs","Condiments & Sauces","Spreads","Market Basket","Market Basket Super Chunky Peanut Butter","Market Basket Super Chunky Peanut Butter","3.69","0.0","","28 oz","28 oz","Market Basket.jpg",,"3"
"9017","Cooking Needs","Condiments & Sauces","Spreads","Market Basket","Market Basket Super Chunky Peanut Butter","Market Basket Super Chunky Peanut Butter","4.89","0.0","","40 Oz","40 Oz","Market Basket.jpg",,"3"
"9018","Cooking Needs","Condiments & Sauces","Spreads","Nutella","Nutella Hazelnut Spread With Cocoa","Nutella Hazelnut Spread With Cocoa","3.89","0.0","","13 oz","13 oz","15403.jpg",,"3"
"9019","Cooking Needs","Condiments & Sauces","Spreads","Nutella","Nutella Hazelnut Spread With Cocoa","Nutella Hazelnut Spread With Cocoa","7.39","0.0","","26.5 oz","26.5 oz","15405.jpg",,"3"
"9020","Cooking Needs","Condiments & Sauces","Spreads","Nutella","Nutella Hazelnut Spread With Cocoa","Nutella Hazelnut Spread With Cocoa","3.09","0.0","","7.7 oz","7.7 oz","15417.jpg",,"3"
"9021","Cooking Needs","Condiments & Sauces","Spreads","Pacific","Smucker's Orchard's Finest Pacific Mountain Strawberry Preserves","Smucker's Orchard's Finest Pacific Mountain Strawberry Preserves","3.69","0.0","","12 oz","12 oz","1620.jpg",,"3"
"9022","Cooking Needs","Condiments & Sauces","Spreads","PB2","PB2 Powdered Peanut Butter","PB2 Powdered Peanut Butter","5.89","0.0","","6.5 oz","6.5 oz","15418.jpg",,"3"
"9023","Cooking Needs","Condiments & Sauces","Spreads","Peter Pan","Peter Pan Creamy Reduced Fat Peanut Spread","Peter Pan Creamy Reduced Fat Peanut Spread","3.09","0.0","","16.3 oz","16.3 oz","15419.jpg",,"3"
"9024","Cooking Needs","Condiments & Sauces","Spreads","Polaner","Polaner All Fruit Spreadable Fruit Apricot","Polaner All Fruit Spreadable Fruit Apricot","2.49","0.0","","10 oz","10 oz","1676.jpg",,"3"
"9025","Cooking Needs","Condiments & Sauces","Spreads","Polaner","Polaner All Fruit Spreadable Fruit Blueberry","Polaner All Fruit Spreadable Fruit Blueberry","3.69","0.0","","10 oz","10 oz","1677.jpg",,"3"
"9026","Cooking Needs","Condiments & Sauces","Spreads","Polaner","Polaner All Fruit Spreadable Fruit Concord Grape","Polaner All Fruit Spreadable Fruit Concord Grape","2.49","0.0","","10 oz","10 oz","1674.jpg",,"3"
"9027","Cooking Needs","Condiments & Sauces","Spreads","Polaner","Polaner All Fruit Spreadable Fruit Seedless Blackberry","Polaner All Fruit Spreadable Fruit Seedless Blackberry","2.49","0.0","","10 oz","10 oz","1675.jpg",,"3"
"9028","Cooking Needs","Condiments & Sauces","Spreads","Polaner","Polaner All Fruit Spreadable Fruit Seedless Raspberry","Polaner All Fruit Spreadable Fruit Seedless Raspberry","3.69","0.0","","10 oz","10 oz","1672.jpg",,"3"
"9029","Cooking Needs","Condiments & Sauces","Spreads","Polaner","Polaner All Fruit Spreadable Fruit Strawberry","Polaner All Fruit Spreadable Fruit Strawberry","2.49","0.0","","10 oz","10 oz","1673.jpg",,"3"
"9030","Cooking Needs","Condiments & Sauces","Spreads","Santa Cruz","Santa Cruz Organic Fruit Spread, Seedless Red Raspberry","Santa Cruz Organic Fruit Spread, Seedless Red Raspberry","3.69","0.0","","9.5 oz","9.5 oz","15416.jpg",,"3"
"9031","Cooking Needs","Condiments & Sauces","Spreads","Skippy","Skippy Creamy Peanut Butter","Skippy Creamy Peanut Butter","3.09","0.0","","16.3 oz","16.3 oz","1633.jpg",,"3"
"9032","Cooking Needs","Condiments & Sauces","Spreads","Skippy","Skippy Creamy Peanut Butter","Skippy Creamy Peanut Butter","4.99","0.0","","28 oz","28 oz","1635.jpg",,"3"
"9033","Cooking Needs","Condiments & Sauces","Spreads","Skippy","Skippy Creamy Peanut Butter","Skippy Creamy Peanut Butter","6.09","0.0","","40 Oz","40 Oz","1636.jpg",,"3"
"9034","Cooking Needs","Condiments & Sauces","Spreads","Skippy","Skippy Creamy Peanut Butter","Skippy Creamy Peanut Butter","6.89","0.0","","40 Oz","40 Oz","1637.jpg",,"3"
"9035","Cooking Needs","Condiments & Sauces","Spreads","Skippy","Skippy Natural Creamy Peanut Butter Spread","Skippy Natural Creamy Peanut Butter Spread","3.09","0.0","","15 oz","15 oz","1634.jpg",,"3"
"9036","Cooking Needs","Condiments & Sauces","Spreads","Skippy","Skippy Peanut Butter","Skippy Peanut Butter","2.79","0.0","","12 oz","12 oz","No Image.jpg",,"3"
"9037","Cooking Needs","Condiments & Sauces","Spreads","Skippy","Skippy Peanut Butter Super Chunk Reduced Fat","Skippy Peanut Butter Super Chunk Reduced Fat","3.29","0.0","","16.3 oz","16.3 oz","1640.jpg",,"3"
"9038","Cooking Needs","Condiments & Sauces","Spreads","Skippy","Skippy Reduced Fat Creamy Peanut Butter Spread","Skippy Reduced Fat Creamy Peanut Butter Spread","6.89","0.0","","40 Oz","40 Oz","1638.jpg",,"3"
"9039","Cooking Needs","Condiments & Sauces","Spreads","Smart Balance","Smart Balance Creamy Natural Rich Roast Peanut Butter","Smart Balance Creamy Natural Rich Roast Peanut Butter","3.89","0.0","","16 oz","16 oz","15406.jpg",,"3"
"9040","Cooking Needs","Condiments & Sauces","Spreads","Smart Balance","Smart Balance Natural Rich Roast Chunky Peanut Butter","Smart Balance Natural Rich Roast Chunky Peanut Butter","5.39","0.0","","16 oz","16 oz","15423.jpg",,"3"
"9041","Cooking Needs","Condiments & Sauces","Spreads","Smucker's","Smucker's Concord Grape Jam","Smucker's Concord Grape Jam","2.49","0.0","","32 oz","32 oz","1618.jpg",,"3"
"9042","Cooking Needs","Condiments & Sauces","Spreads","Smucker's","Smucker's Concord Grape Jam Sugar Free","Smucker's Concord Grape Jam Sugar Free","2.99","0.0","","12.75 oz","12.75 oz","1631.jpg",,"3"
"9043","Cooking Needs","Condiments & Sauces","Spreads","Smucker's","Smucker's Goober Peanut Butter & Grape Jelly Stripes","Smucker's Goober Peanut Butter & Grape Jelly Stripes","3.69","0.0","","18 oz","18 oz","1625.jpg",,"3"
"9044","Cooking Needs","Condiments & Sauces","Spreads","Smucker's","Smucker's Jelly Concord Grape","Smucker's Jelly Concord Grape","3.69","0.0","","32 oz","32 oz","1632.jpg",,"3"
"9045","Cooking Needs","Condiments & Sauces","Spreads","Smucker's","Smucker's Orchard's Finest Northwoods Blueberry Preserves","Smucker's Orchard's Finest Northwoods Blueberry Preserves","3.69","0.0","","12 oz","12 oz","1630.jpg",,"3"
"9046","Cooking Needs","Condiments & Sauces","Spreads","Smucker's","Smucker's Organic Peanut Butter Creamy","Smucker's Organic Peanut Butter Creamy","6.09","0.0","","16 oz","16 oz","1617.jpg",,"3"
"9047","Cooking Needs","Condiments & Sauces","Spreads","Smucker's","Smucker's Preserves Apricot","Smucker's Preserves Apricot","3.49","0.0","","12 oz","12 oz","1627.jpg",,"3"
"9048","Cooking Needs","Condiments & Sauces","Spreads","Smucker's","Smucker's Preserves Strawberry","Smucker's Preserves Strawberry","2.49","0.0","","12 oz","12 oz","1613.jpg",,"3"
"9049","Cooking Needs","Condiments & Sauces","Spreads","Smucker's","Smucker's Preserves Strawberry","Smucker's Preserves Strawberry","3.09","0.0","","18 oz","18 oz","1622.jpg",,"3"
"9050","Cooking Needs","Condiments & Sauces","Spreads","Smucker's","Smucker's Red Raspberry Preserves","Smucker's Red Raspberry Preserves","4.29","0.0","","18 oz","18 oz","1619.jpg",,"3"
"9051","Cooking Needs","Condiments & Sauces","Spreads","Smucker's","Smucker's Red Raspberry Preserves","Smucker's Red Raspberry Preserves","3.49","0.0","","12 oz","12 oz","1624.jpg",,"3"
"9052","Cooking Needs","Condiments & Sauces","Spreads","Smucker's","Smucker's Seedless Blackberry Jam Sugar Free","Smucker's Seedless Blackberry Jam Sugar Free","2.99","0.0","","12.75 oz","12.75 oz","1626.jpg",,"3"
"9053","Cooking Needs","Condiments & Sauces","Spreads","Smucker's","Smucker's Seedless Strawberry Jam","Smucker's Seedless Strawberry Jam","2.49","0.0","","18 oz","18 oz","1611.jpg",,"3"
"9054","Cooking Needs","Condiments & Sauces","Spreads","Smucker's","Smucker's Squeeze Strawberry Fruit Spread","Smucker's Squeeze Strawberry Fruit Spread","2.69","0.0","","20 oz","20 oz","1623.jpg",,"3"
"9055","Cooking Needs","Condiments & Sauces","Spreads","Smucker's","Smucker's Strawberry Jam Seedles","Smucker's Strawberry Jam Seedles","2.49","0.0","","12 oz","12 oz","1615.jpg",,"3"
"9056","Cooking Needs","Condiments & Sauces","Spreads","Smucker's","Smucker's Sugar Free Apricot Preserves Sweetened with Splenda","Smucker's Sugar Free Apricot Preserves Sweetened with Splenda","2.99","0.0","","12.75 oz","12.75 oz","1621.jpg",,"3"
"9057","Cooking Needs","Condiments & Sauces","Spreads","Smucker's","Smucker's Sugar Free Orange Marmalade","Smucker's Sugar Free Orange Marmalade","2.99","0.0","","12.75 oz","12.75 oz","1628.jpg",,"3"
"9058","Cooking Needs","Condiments & Sauces","Spreads","Smucker's","Smucker's Sugar Free Preserves Blueberry","Smucker's Sugar Free Preserves Blueberry","2.99","0.0","","12.75 oz","12.75 oz","1629.jpg",,"3"
"9059","Cooking Needs","Condiments & Sauces","Spreads","Smucker's","Smucker's Sugar Free Preserves Strawberry","Smucker's Sugar Free Preserves Strawberry","2.99","0.0","","12.75 oz","12.75 oz","1612.jpg",,"3"
"9060","Cooking Needs","Condiments & Sauces","Spreads","Smucker's","Smucker's Sugar Free Red Raspberry Preserves Sweetened with Splenda","Smucker's Sugar Free Red Raspberry Preserves Sweetened with Splenda","2.99","0.0","","12.75 oz","12.75 oz","1616.jpg",,"3"
"9061","Cooking Needs","Condiments & Sauces","Spreads","Smucker's","Smucker's Sweet Orange Marmalade","Smucker's Sweet Orange Marmalade","2.49","0.0","","12 oz","12 oz","1614.jpg",,"3"
"9062","Cooking Needs","Condiments & Sauces","Spreads","SunButter","SunButter Sunflower Butter Natural","SunButter Sunflower Butter Natural","7.39","0.0","","16 oz","16 oz","15407.jpg",,"3"
"9063","Cooking Needs","Condiments & Sauces","Spreads","SunButter","SunButter Sunflower Butter Natural Crunch","SunButter Sunflower Butter Natural Crunch","7.39","0.0","","16 oz","16 oz","15425.jpg",,"3"
"9064","Cooking Needs","Condiments & Sauces","Spreads","T.N. Dickinson's Country","T.N. Dickinson's Country Apple Butter","T.N. Dickinson's Country Apple Butter","4.09","0.0","","9 oz","9 oz","15411.jpg",,"3"
"9065","Cooking Needs","Condiments & Sauces","Spreads","T.N. Dickinson's Country","T.N. Dickinson's Country Pumpkin Butter","T.N. Dickinson's Country Pumpkin Butter","3.09","0.0","","9 oz","9 oz","15414.jpg",,"3"
"9066","Cooking Needs","Condiments & Sauces","Spreads","Teddie","Teddie All Natural Peanut Butter Super Chunky","Teddie All Natural Peanut Butter Super Chunky","6.09","0.0","","16 oz","16 oz","1669.jpg",,"3"
"9067","Cooking Needs","Condiments & Sauces","Spreads","Teddie","Teddie All Natural Smooth Peanut Butter","Teddie All Natural Smooth Peanut Butter","3.69","0.0","","16 oz","16 oz","1667.jpg",,"3"
"9068","Cooking Needs","Condiments & Sauces","Spreads","Teddie","Teddie All Natural Smooth Peanut Butter Unsalted","Teddie All Natural Smooth Peanut Butter Unsalted","3.69","0.0","","16 oz","16 oz","1666.jpg",,"3"
"9069","Cooking Needs","Condiments & Sauces","Spreads","Teddie","Teddie All Natural Super Chunky Peanut Butter Unsalted","Teddie All Natural Super Chunky Peanut Butter Unsalted","3.69","0.0","","16 oz","16 oz","1668.jpg",,"3"
"9070","Cooking Needs","Condiments & Sauces","Spreads","Teddie","Teddie Organic All Natural Peanut Butter Chunky","Teddie Organic All Natural Peanut Butter Chunky","6.09","0.0","","16 oz","16 oz","No Image.jpg",,"3"
"9071","Cooking Needs","Condiments & Sauces","Spreads","Teddie","Teddie Organic All Natural Peanut Butter Creamy","Teddie Organic All Natural Peanut Butter Creamy","6.09","0.0","","16 oz","16 oz","1671.jpg",,"3"
"9072","Cooking Needs","Condiments & Sauces","Spreads","Teddie","Teddie Peanut Butter, Smooth","Teddie Peanut Butter, Smooth","3.69","0.0","","18 count","18 count","1670.jpg",,"3"
"9073","Cooking Needs","Condiments & Sauces","Spreads","Trappist","Trappist Apricot Preserve","Trappist Apricot Preserve","3.69","0.0","","12 oz","12 oz","1665.jpg",,"3"
"9074","Cooking Needs","Condiments & Sauces","Spreads","Trappist","Trappist Boysenberry Seedless Jam","Trappist Boysenberry Seedless Jam","3.69","0.0","","12 oz","12 oz","1662.jpg",,"3"
"9075","Cooking Needs","Condiments & Sauces","Spreads","Trappist","Trappist Cherry Preserve","Trappist Cherry Preserve","3.69","0.0","","12 oz","12 oz","1664.jpg",,"3"
"9076","Cooking Needs","Condiments & Sauces","Spreads","Trappist","Trappist Hot Pepper Jelly","Trappist Hot Pepper Jelly","3.69","0.0","","12 oz","12 oz","1663.jpg",,"3"
"9077","Cooking Needs","Condiments & Sauces","Spreads","Trappist","Trappist Jam Blackberry Seedless","Trappist Jam Blackberry Seedless","3.69","0.0","","12 oz","12 oz","1659.jpg",,"3"
"9078","Cooking Needs","Condiments & Sauces","Spreads","Trappist","Trappist Peach Preserves","Trappist Peach Preserves","3.69","0.0","","12 oz","12 oz","No Image.jpg",,"3"
"9079","Cooking Needs","Condiments & Sauces","Spreads","Trappist","Trappist Preserve Rhubarb Strawberry","Trappist Preserve Rhubarb Strawberry","3.69","0.0","","12 oz","12 oz","1660.jpg",,"3"
"9080","Cooking Needs","Condiments & Sauces","Spreads","Trappist","Trappist Preserve Strawberry","Trappist Preserve Strawberry","3.69","0.0","","12 oz","12 oz","1661.jpg",,"3"
"9081","Cooking Needs","Condiments & Sauces","Spreads","Trappist","Trappist Red Raspberry Jam","Trappist Red Raspberry Jam","3.69","0.0","","12 oz","12 oz","1658.jpg",,"3"
"9082","Cooking Needs","Condiments & Sauces","Spreads","Trappist","Trappist Seedless Jam Red Raspberry","Trappist Seedless Jam Red Raspberry","3.69","0.0","","12 oz","12 oz","1657.jpg",,"3"
"9083","Cooking Needs","Condiments & Sauces","Spreads","Walden Farms","Walden Farms Spread Whipped Peanut","Walden Farms Spread Whipped Peanut","3.09","0.0","","12 oz","12 oz","15424.jpg",,"3"
"9084","Cooking Needs","Condiments & Sauces","Spreads","Welch's","Welch's Concord Grape Jam","Welch's Concord Grape Jam","3.09","0.0","","32 oz","32 oz","1679.jpg",,"3"
"9085","Cooking Needs","Condiments & Sauces","Spreads","Welch's","Welch's Jelly Concord Grape","Welch's Jelly Concord Grape","1.39","0.0","","30 oz","30 oz","1678.jpg",,"3"
"9086","Cooking Needs","Condiments & Sauces","Spreads","Welch's","Welch's Natural Concord Grape Spread","Welch's Natural Concord Grape Spread","6.09","0.0","","27 oz","27 oz","1681.jpg",,"3"
"9087","Cooking Needs","Frozen Food","Frozen Appetizers & Sides","Alexia","Alexia All Natural House Cut Fries with Sea Salt","Alexia All Natural House Cut Fries with Sea Salt","3.69","0.0","","1.75 lb","1.75 lb","2593.jpg",,"19"
"9088","Cooking Needs","Frozen Food","Frozen Appetizers & Sides","Alexia","Alexia All Natural Onion Rings","Alexia All Natural Onion Rings","3.69","0.0","","12 oz","12 oz","2595.jpg",,"18"
"9089","Cooking Needs","Frozen Food","Frozen Appetizers & Sides","Alexia","Alexia Chipotle Seasoned Spicy Sweet Potato Fries","Alexia Chipotle Seasoned Spicy Sweet Potato Fries","3.69","0.0","","20 oz","20 oz","2594.jpg",,"19"
"9090","Cooking Needs","Frozen Food","Frozen Appetizers & Sides","Alexia","Alexia Fries, Seasoned, Waffle Cut","Alexia Fries, Seasoned, Waffle Cut","3.69","0.0","","20 oz","20 oz","2592.jpg",,"19"
"9091","Cooking Needs","Frozen Food","Frozen Appetizers & Sides","Alexia","Alexia Organic Yukon Select Fries With A Touch Of Sea Salt","Alexia Organic Yukon Select Fries With A Touch Of Sea Salt","3.69","0.0","","22 oz","22 oz","2591.jpg",,"18"
"9092","Cooking Needs","Frozen Food","Frozen Appetizers & Sides","Alexia","Alexia Oven Reds with Olive Oil, Parmesan and Roasted Garlic","Alexia Oven Reds with Olive Oil, Parmesan and Roasted Garlic","3.69","0.0","","22 oz","22 oz","2589.jpg",,"18"
"9093","Cooking Needs","Frozen Food","Frozen Appetizers & Sides","Alexia","Alexia Sweet Potato Fries with Sea Salt","Alexia Sweet Potato Fries with Sea Salt","3.69","0.0","","20 oz","20 oz","2588.jpg",,"19"
"9094","Cooking Needs","Frozen Food","Frozen Appetizers & Sides","Alexia","Alexia Waffle Cut Sweet Potato Seasoned Fries","Alexia Waffle Cut Sweet Potato Seasoned Fries","3.69","0.0","","20 oz","20 oz","2590.jpg",,"19"
"9095","Cooking Needs","Frozen Food","Frozen Appetizers & Sides","Applegate","Applegate Natural Chicken Nuggets","Applegate Natural Chicken Nuggets","6.49","0.0","","8 oz","8 oz","15809.jpg",,"18"
"9096","Cooking Needs","Frozen Food","Frozen Appetizers & Sides","Applegate","Applegate Natural Gluten Free Chicken Nuggets","Applegate Natural Gluten Free Chicken Nuggets","7.39","0.0","","8 oz","8 oz","15819.jpg",,"1"
"9097","Cooking Needs","Frozen Food","Frozen Appetizers & Sides","Arby's","Arby's Seasoned Curly Fries","Arby's Seasoned Curly Fries","2.49","0.0","","22 oz","22 oz","15813.jpg",,"19"
"9098","Cooking Needs","Frozen Food","Frozen Appetizers & Sides","Bagel Bites","Bagel Bites Cheese & Pepperoni Pizza Snacks","Bagel Bites Cheese & Pepperoni Pizza Snacks","2.09","0.0","","9 count","9 count","15823.jpg",,"19"
"9099","Cooking Needs","Frozen Food","Frozen Appetizers & Sides","Bell & Evans","Bell & Evans Breaded Chicken Breast Tenders","Bell & Evans Breaded Chicken Breast Tenders","7.39","0.0","","12 oz","12 oz","15853.jpg",,"1"
"9100","Cooking Needs","Frozen Food","Frozen Appetizers & Sides","Bell & Evans","Bell & Evans Coconut Breaded Chicken Breast Tenders","Bell & Evans Coconut Breaded Chicken Breast Tenders","7.39","0.0","","12 oz","12 oz","15870.jpg",,"1"
"9101","Cooking Needs","Frozen Food","Frozen Appetizers & Sides","Bell & Evans","Bell & Evans Uncooked Chicken Breast Nuggets Breaded","Bell & Evans Uncooked Chicken Breast Nuggets Breaded","7.39","0.0","","12 oz","12 oz","15869.jpg",,"18"
"9102","Cooking Needs","Frozen Food","Frozen Appetizers & Sides","Birds Eye","Birds Eye Selects Whole Grain Brown Rice","Birds Eye Selects Whole Grain Brown Rice","1.89","0.0","","10 oz","10 oz","2612.jpg",,"18"
"9103","Cooking Needs","Frozen Food","Frozen Appetizers & Sides","Birds Eye","Birds Eye Steamfresh Chefs Favorites Lightly Sauced & Vegetables with Tomato Parmesan Sauce","Birds Eye Steamfresh Chefs Favorites Lightly Sauced & Vegetables with Tomato Parmesan Sauce","2.49","0.0","","10.8 oz","10.8 oz","15821.jpg",,"18"
"9104","Cooking Needs","Frozen Food","Frozen Appetizers & Sides","Birds Eye","Birds Eye Steamfresh Selects Long Grain White Rice","Birds Eye Steamfresh Selects Long Grain White Rice","1.29","0.0","","10 oz","10 oz","2610.jpg",,"18"
"9105","Cooking Needs","Frozen Food","Frozen Appetizers & Sides","Birds Eye","Birds Eye Steamfresh Selects Sweet Peas","Birds Eye Steamfresh Selects Sweet Peas","2.99","0.0","","10 oz","10 oz","2428.jpg",,"19"
"9106","Cooking Needs","Frozen Food","Frozen Appetizers & Sides","Birds Eye","Birds Eye Steamfresh Veggie Made Original Riced Cauliflower","Birds Eye Steamfresh Veggie Made Original Riced Cauliflower","3.09","0.0","","10 oz","10 oz","2611.jpg",,"19"
"9107","Cooking Needs","Frozen Food","Frozen Appetizers & Sides","Chef Gusto","Chef Gusto Three Cheese Mini Pizza Bagels","Chef Gusto Three Cheese Mini Pizza Bagels","6.09","0.0","","1 ct","1 ct","Market Basket.jpg",,"19"
"9108","Cooking Needs","Frozen Food","Frozen Appetizers & Sides","Chung's","Chung's Vegetable Eggroll","Chung's Vegetable Eggroll","5.79","0.0","","8 count","8 count","Market Basket.jpg",,"18"
"9109","Cooking Needs","Frozen Food","Frozen Appetizers & Sides","Chung's","Chungs Egg Rolls, Chicken, White Meat","Chungs Egg Rolls, Chicken, White Meat","5.79","0.0","","8 count","8 count","15849.jpg",,"18"
"9110","Cooking Needs","Frozen Food","Frozen Appetizers & Sides","Chung's","Chungs Potstickers, Pork","Chungs Potstickers, Pork","4.89","0.0","","19.5 oz","19.5 oz","15811.jpg",,"18"
"9111","Cooking Needs","Frozen Food","Frozen Appetizers & Sides","Coleman","Coleman Breaded Chicken Breast Nuggets","Coleman Breaded Chicken Breast Nuggets","5.79","0.0","","0.5 lb","0.5 lb","15844.jpg",,"18"
"9112","Cooking Needs","Frozen Food","Frozen Appetizers & Sides","Evol","evol. Butternut Squash & Sage Ravioli","evol. Butternut Squash & Sage Ravioli","3.69","0.0","","8.1 oz","8.1 oz","15841.jpg",,"18"
"9113","Cooking Needs","Frozen Food","Frozen Appetizers & Sides","Ore-Ida","Ore Ida Extra Crispy Crinkles French Fried Potatoes","Ore Ida Extra Crispy Crinkles French Fried Potatoes","3.59","0.0","","26 oz","26 oz","2566.jpg",,"19"
"9114","Cooking Needs","Frozen Food","Frozen Appetizers & Sides","Ore-Ida","Ore Ida Ready in 5 Extra Crispy Golden Fries","Ore Ida Ready in 5 Extra Crispy Golden Fries","1.29","0.0","","4.25 oz","4.25 oz","2567.jpg",,"19"
"9115","Cooking Needs","Frozen Food","Frozen Appetizers & Sides","Farm Rich","Farm Rich Breaded Mozzarella Sticks","Farm Rich Breaded Mozzarella Sticks","3.09","0.0","","10 oz","10 oz","15818.jpg",,"19"
"9116","Cooking Needs","Frozen Food","Frozen Appetizers & Sides","Farm Rich","Farm Rich Jalapeno Peppers","Farm Rich Jalapeno Peppers","6.09","0.0","","18 oz","18 oz","15868.jpg",,"18"
"9117","Cooking Needs","Frozen Food","Frozen Appetizers & Sides","Fast Bites","Fast Bites Sausage and Cheese Biscuit","Fast Bites Sausage and Cheese Biscuit","1.29","0.0","","5.3 oz","5.3 oz","15866.jpg",,"18"
"9118","Cooking Needs","Frozen Food","Frozen Appetizers & Sides","Golden","Golden. Cherry Blintzes Filled Crepes","Golden. Cherry Blintzes Filled Crepes","4.79","0.0","","6 count","6 count","15873.jpg",,"18"
"9119","Cooking Needs","Frozen Food","Frozen Appetizers & Sides","Golden Platter","Golden Platter Chicken Nuggets, Gluten Free","Golden Platter Chicken Nuggets, Gluten Free","7.39","0.0","","24 oz","24 oz","15830.jpg",,"18"
"9120","Cooking Needs","Frozen Food","Frozen Appetizers & Sides","Golden Platter","Golden Platter Chicken Tenders, Gluten Free","Golden Platter Chicken Tenders, Gluten Free","7.39","0.0","","24 oz","24 oz","15861.jpg",,"18"
"9121","Cooking Needs","Frozen Food","Frozen Appetizers & Sides","Good Food Made Simple","Good Food Made Simple Chicken Wrap, Buffalo Style","Good Food Made Simple Chicken Wrap, Buffalo Style","1.59","0.0","","6 oz","6 oz","15867.jpg",,"19"
"9122","Cooking Needs","Frozen Food","Frozen Appetizers & Sides","Gorton's","Gorton's Fish Sticks","Gorton's Fish Sticks","5.99","0.0","","19 oz","19 oz","15860.jpg",,"18"
"9123","Cooking Needs","Frozen Food","Frozen Appetizers & Sides","Goya","Goya Fried Plantains","Goya Fried Plantains","2.99","0.0","","16 oz","16 oz","2615.jpg",,"18"
"9124","Cooking Needs","Frozen Food","Frozen Appetizers & Sides","Goya","Goya Para Empanadas","Goya Para Empanadas","2.49","0.0","","10 x 20 oz","10 x 20 oz","2614.jpg",,"18"
"9125","Cooking Needs","Frozen Food","Frozen Appetizers & Sides","Goya","Goya Platanos Maduros Ripe Plantains","Goya Platanos Maduros Ripe Plantains","2.39","0.0","","11 oz","11 oz","2616.jpg",,"18"
"9126","Cooking Needs","Frozen Food","Frozen Appetizers & Sides","Goya","Goya Yuca","Goya Yuca","6.69","0.0","","80 oz","80 oz","2613.jpg",,"18"
"9127","Cooking Needs","Frozen Food","Frozen Appetizers & Sides","Green Giant","Green Giant Mashed Cauliflower Cheddar & Bacon","Green Giant Mashed Cauliflower Cheddar & Bacon","6.09","0.0","","20 oz","20 oz","15831.jpg",,"18"
"9128","Cooking Needs","Frozen Food","Frozen Appetizers & Sides","Green Giant","Green Giant Riced Veggies Cauliflower","Green Giant Riced Veggies Cauliflower","3.09","0.0","","12 oz","12 oz","15824.jpg",,"18"
"9129","Cooking Needs","Frozen Food","Frozen Appetizers & Sides","Hot Pockets","Hot Pockets Pepperoni Pizza Frozen Sandwiches","Hot Pockets Pepperoni Pizza Frozen Sandwiches","2.49","0.0","","2 x 4.5 oz","2 x 4.5 oz","15820.jpg",,"19"
"9130","Cooking Needs","Frozen Food","Frozen Appetizers & Sides","Johnsonville","Johnsonville Meatballs, Classic Italian Style","Johnsonville Meatballs, Classic Italian Style","7.39","0.0","","24 oz","24 oz","15854.jpg",,"1"
"9131","Cooking Needs","Frozen Food","Frozen Appetizers & Sides","Jose Ole","Jose Ole Beef & Cheese Taquitos","Jose Ole Beef & Cheese Taquitos","5.79","0.0","","15 count","15 count","15810.jpg",,"19"
"9132","Cooking Needs","Frozen Food","Frozen Appetizers & Sides","Jose Ole","Jose Ole Chicken & Cheese Flour Tortillas Taquitos","Jose Ole Chicken & Cheese Flour Tortillas Taquitos","5.79","0.0","","15 x 1.5 oz","15 x 1.5 oz","15816.jpg",,"19"
"9133","Cooking Needs","Frozen Food","Frozen Appetizers & Sides","Jose Ole","Jose Ole Taquitos Beef","Jose Ole Taquitos Beef","5.79","0.0","","20 x 1 oz","20 x 1 oz","15808.jpg",,"19"
"9134","Cooking Needs","Frozen Food","Frozen Appetizers & Sides","Joyce Chen","Joyce Chen Pork & Vegetable Chinese Style Potsticker","Joyce Chen Pork & Vegetable Chinese Style Potsticker","4.29","0.0","","16 oz","16 oz","Market Basket.jpg",,"18"
"9135","Cooking Needs","Frozen Food","Frozen Appetizers & Sides","Joyce Chen","Joyce Chen Potstickers, Chinese Style, Chicken & Vegetable, Ravioli Peking","Joyce Chen Potstickers, Chinese Style, Chicken & Vegetable, Ravioli Peking","4.29","0.0","","16 oz","16 oz","15847.jpg",,"18"
"9136","Cooking Needs","Frozen Food","Frozen Appetizers & Sides","Koch","Koch Snack Cravers Chicken Fries","Koch Snack Cravers Chicken Fries","6.09","0.0","","26 oz","26 oz","Market Basket.jpg",,"18"
"9137","Cooking Needs","Frozen Food","Frozen Appetizers & Sides","Lean Cuisine","Lean Cuisine Asian Style Pot Stickers","Lean Cuisine Asian Style Pot Stickers","2.49","0.0","","9 oz","9 oz","2617.jpg",,"18"
"9138","Cooking Needs","Frozen Food","Frozen Appetizers & Sides","Lean Cuisine","Lean Cuisine COMFORT Asian Style Chicken Spring Rolls","Lean Cuisine COMFORT Asian Style Chicken Spring Rolls","3.09","0.0","","8 oz","8 oz","2618.jpg",,"18"
"9139","Cooking Needs","Frozen Food","Frozen Appetizers & Sides","Lean Cuisine","Lean Cuisine Garlic Chicken Spring Rolls","Lean Cuisine Garlic Chicken Spring Rolls","3.09","0.0","","8 oz","8 oz","2619.jpg",,"18"
"9140","Cooking Needs","Frozen Food","Frozen Appetizers & Sides","Market Basket","Market Basket 16 20 Per Pound Ez Peel Raw Extra Jumbo Shrimp","Market Basket 16 20 Per Pound Ez Peel Raw Extra Jumbo Shrimp","24.29","0.0","","32 oz","32 oz","Market Basket.jpg",,"18"
"9141","Cooking Needs","Frozen Food","Frozen Appetizers & Sides","Market Basket","Market Basket 16 20 Per Pound Shell On Extra Jumbo Shrimp","Market Basket 16 20 Per Pound Shell On Extra Jumbo Shrimp","12.19","0.0","","16 oz","16 oz","Market Basket.jpg",,"18"
"9142","Cooking Needs","Frozen Food","Frozen Appetizers & Sides","Market Basket","Market Basket Cooked And Peeled Shrimp Ring","Market Basket Cooked And Peeled Shrimp Ring","9.79","0.0","","16 oz","16 oz","Market Basket.jpg",,"18"
"9143","Cooking Needs","Frozen Food","Frozen Appetizers & Sides","Market Basket","Market Basket Diced Hash Browns","Market Basket Diced Hash Browns","2.39","0.0","","30 oz","30 oz","Market Basket.jpg",,"18"
"9144","Cooking Needs","Frozen Food","Frozen Appetizers & Sides","Market Basket","Market Basket French Fries","Market Basket French Fries","1.89","0.0","","33 oz","33 oz","Market Basket.jpg",,"18"
"9145","Cooking Needs","Frozen Food","Frozen Appetizers & Sides","Market Basket","Market Basket Frozen Corn On The Cob","Market Basket Frozen Corn On The Cob","3.69","0.0","","1 ct","1 ct","Market Basket.jpg",,"18"
"9146","Cooking Needs","Frozen Food","Frozen Appetizers & Sides","Market Basket","Market Basket Fully Cooked Italian Style Meatballs","Market Basket Fully Cooked Italian Style Meatballs","7.09","0.0","","32 oz","32 oz","Market Basket.jpg",,"1"
"9147","Cooking Needs","Frozen Food","Frozen Appetizers & Sides","Market Basket","Market Basket Fully Cooked Swedish Style Meatballs","Market Basket Fully Cooked Swedish Style Meatballs","7.09","0.0","","32 oz","32 oz","Market Basket.jpg",,"18"
"9148","Cooking Needs","Frozen Food","Frozen Appetizers & Sides","Market Basket","Market Basket Fully Cooked Turkey Meatballs","Market Basket Fully Cooked Turkey Meatballs","7.09","0.0","","32 oz","32 oz","Market Basket.jpg",,"18"
"9149","Cooking Needs","Frozen Food","Frozen Appetizers & Sides","Market Basket","Market Basket Homestyle Shepherds Pie","Market Basket Homestyle Shepherds Pie","9.79","0.0","","28 oz","28 oz","Market Basket.jpg",,"18"
"9150","Cooking Needs","Frozen Food","Frozen Appetizers & Sides","Market Basket","Market Basket Seasoned Curly Fries","Market Basket Seasoned Curly Fries","1.89","0.0","","24 oz","24 oz","Market Basket.jpg",,"18"
"9151","Cooking Needs","Frozen Food","Frozen Appetizers & Sides","Market Basket","Market Basket Shoestring Potatoes","Market Basket Shoestring Potatoes","1.89","0.0","","24 oz","24 oz","Market Basket.jpg",,"18"
"9152","Cooking Needs","Frozen Food","Frozen Appetizers & Sides","Market Basket","Market Basket Shredded Hash Browns","Market Basket Shredded Hash Browns","1.89","0.0","","30 oz","30 oz","Market Basket.jpg",,"18"
"9153","Cooking Needs","Frozen Food","Frozen Appetizers & Sides","Market Basket","Market Basket Tater Tots","Market Basket Tater Tots","2.39","0.0","","32 oz","32 oz","Market Basket.jpg",,"18"
"9154","Cooking Needs","Frozen Food","Frozen Appetizers & Sides","Market Basket","Market Basket Waffle Cut Fries","Market Basket Waffle Cut Fries","1.89","0.0","","24 oz","24 oz","Market Basket.jpg",,"18"
"9155","Cooking Needs","Frozen Food","Frozen Appetizers & Sides","McCain","McCain 5 Minute Fries Shoestring Cut Potatoes","McCain 5 Minute Fries Shoestring Cut Potatoes","2.49","0.0","","20 oz","20 oz","2580.jpg",,"18"
"9156","Cooking Needs","Frozen Food","Frozen Appetizers & Sides","McCain","McCain Classic Fries Straight Cut Potatoes","McCain Classic Fries Straight Cut Potatoes","3.09","0.0","","32 oz","32 oz","2587.jpg",,"19"
"9157","Cooking Needs","Frozen Food","Frozen Appetizers & Sides","McCain","McCain Crinkle Fries Crinkle Cut Potatoes","McCain Crinkle Fries Crinkle Cut Potatoes","2.49","0.0","","32 oz","32 oz","2581.jpg",,"19"
"9158","Cooking Needs","Frozen Food","Frozen Appetizers & Sides","McCain","McCain Mini Potato Hash Browns","McCain Mini Potato Hash Browns","3.09","0.0","","20 oz","20 oz","2579.jpg",,"19"
"9159","Cooking Needs","Frozen Food","Frozen Appetizers & Sides","McCain","McCain Savory Herbs & Spices Potato Wedges","McCain Savory Herbs & Spices Potato Wedges","3.09","0.0","","26 oz","26 oz","2584.jpg",,"19"
"9160","Cooking Needs","Frozen Food","Frozen Appetizers & Sides","McCain","McCain Seasoned Crinkle Potato Fries","McCain Seasoned Crinkle Potato Fries","2.49","0.0","","26 oz","26 oz","2582.jpg",,"19"
"9161","Cooking Needs","Frozen Food","Frozen Appetizers & Sides","McCain","McCain Seasoned Curly Fries","McCain Seasoned Curly Fries","3.09","0.0","","26 oz","26 oz","2585.jpg",,"19"
"9162","Cooking Needs","Frozen Food","Frozen Appetizers & Sides","McCain","McCain Seasoned Shredded Potatoes","McCain Seasoned Shredded Potatoes","2.49","0.0","","32 oz","32 oz","2586.jpg",,"18"
"9163","Cooking Needs","Frozen Food","Frozen Appetizers & Sides","McCain","McCain Smiles Potatoes","McCain Smiles Potatoes","2.49","0.0","","26 oz","26 oz","2578.jpg",,"19"
"9164","Cooking Needs","Frozen Food","Frozen Appetizers & Sides","McCain","McCain Steak Fries Steak Cut Potatoes","McCain Steak Fries Steak Cut Potatoes","2.49","0.0","","28 oz","28 oz","2583.jpg",,"18"
"9165","Cooking Needs","Frozen Food","Frozen Appetizers & Sides","Michelina's","Michelina's Pizza Snack Rolls","Michelina's Pizza Snack Rolls","1.29","0.0","","4.5 oz","4.5 oz","15856.jpg",,"18"
"9166","Cooking Needs","Frozen Food","Frozen Appetizers & Sides","Monterey","El Monterey Beef & Cheese Taquitos","El Monterey Beef & Cheese Taquitos","6.69","0.0","","21 oz","21 oz","15825.jpg",,"1"
"9167","Cooking Needs","Frozen Food","Frozen Appetizers & Sides","Monterey","Pepperidge Farm Texas Toast Frozen Mozzarella & Monterey Jack Bread","Pepperidge Farm Texas Toast Frozen Mozzarella & Monterey Jack Bread","2.49","0.0","","9.5 oz","9.5 oz","15837.jpg",,"18"
"9168","Cooking Needs","Frozen Food","Frozen Appetizers & Sides","Mrs. Paul's","Mrs. Paul's Crunchy Fish Sticks","Mrs. Paul's Crunchy Fish Sticks","5.79","0.0","","44 count","44 count","15874.jpg",,"18"
"9169","Cooking Needs","Frozen Food","Frozen Appetizers & Sides","Mrs. T's","Mrs. T's Loaded Baked Potato Pierogies","Mrs. T's Loaded Baked Potato Pierogies","2.49","0.0","","12 x 16 oz","12 x 16 oz","15835.jpg",,"18"
"9170","Cooking Needs","Frozen Food","Frozen Appetizers & Sides","Nathan's","Nathan's Battered Onion Rings Thick Sliced","Nathan's Battered Onion Rings Thick Sliced","2.49","0.0","","16 oz","16 oz","15839.jpg",,"19"
"9171","Cooking Needs","Frozen Food","Frozen Appetizers & Sides","Ore-Ida","Ore Ida French Fried Potatoes","Ore Ida French Fried Potatoes","3.59","0.0","","32 oz","32 oz","2575.jpg",,"19"
"9172","Cooking Needs","Frozen Food","Frozen Appetizers & Sides","Ore-Ida","Ore Ida Golden Crispers French Fried Potatoes","Ore Ida Golden Crispers French Fried Potatoes","3.59","0.0","","20 oz","20 oz","2576.jpg",,"19"
"9173","Cooking Needs","Frozen Food","Frozen Appetizers & Sides","Ore-Ida","Ore Ida Golden French Fried Potatoes","Ore Ida Golden French Fried Potatoes","3.59","0.0","","32 oz","32 oz","2565.jpg",,"19"
"9174","Cooking Needs","Frozen Food","Frozen Appetizers & Sides","Ore-Ida","Ore Ida Golden Steak Fries French Fried Potatoes","Ore Ida Golden Steak Fries French Fried Potatoes","3.59","0.0","","28 oz","28 oz","2572.jpg",,"19"
"9175","Cooking Needs","Frozen Food","Frozen Appetizers & Sides","Ore-Ida","Ore Ida Golden Tater Tots","Ore Ida Golden Tater Tots","4.09","0.0","","32 oz","32 oz","2569.jpg",,"19"
"9176","Cooking Needs","Frozen Food","Frozen Appetizers & Sides","Ore-Ida","Ore Ida Onion Ringers","Ore Ida Onion Ringers","3.59","0.0","","20 oz","20 oz","2574.jpg",,"18"
"9177","Cooking Needs","Frozen Food","Frozen Appetizers & Sides","Ore-Ida","Ore Ida Potatoes O'Brien with Onions & Peppers","Ore Ida Potatoes O'Brien with Onions & Peppers","3.09","0.0","","28 oz","28 oz","2570.jpg",,"18"
"9178","Cooking Needs","Frozen Food","Frozen Appetizers & Sides","Ore-Ida","Ore Ida Seasoned Shredded Potatoes","Ore Ida Seasoned Shredded Potatoes","3.59","0.0","","1 lb","1 lb","2573.jpg",,"19"
"9179","Cooking Needs","Frozen Food","Frozen Appetizers & Sides","Ore-Ida","Ore Ida Shredded Hash Brown Potatoes","Ore Ida Shredded Hash Brown Potatoes","3.09","0.0","","30 oz","30 oz","2568.jpg",,"19"
"9180","Cooking Needs","Frozen Food","Frozen Appetizers & Sides","Our Best","Our Best Italian Style Meatballs","Our Best Italian Style Meatballs","6.69","0.0","","32 oz","32 oz","Market Basket.jpg",,"18"
"9181","Cooking Needs","Frozen Food","Frozen Appetizers & Sides","Our Best","Our Best Meatballs Italian Style","Our Best Meatballs Italian Style","7.39","0.0","","32 oz","32 oz","15846.jpg",,"1"
"9182","Cooking Needs","Frozen Food","Frozen Appetizers & Sides","Our Best","Our Best Quattro Formaggio Four Cheese Meatballs","Our Best Quattro Formaggio Four Cheese Meatballs","6.69","0.0","","27 oz","27 oz","Market Basket.jpg",,"18"
"9183","Cooking Needs","Frozen Food","Frozen Appetizers & Sides","Our Best","Our Best Sandwhich Size Meatballs","Our Best Sandwhich Size Meatballs","6.69","0.0","","32 oz","32 oz","Market Basket.jpg",,"18"
"9184","Cooking Needs","Frozen Food","Frozen Appetizers & Sides","Pagoda","Pagoda White Meat Chicken Egg Rolls with Sweet Chili Sauce","Pagoda White Meat Chicken Egg Rolls with Sweet Chili Sauce","3.69","0.0","","4 count","4 count","15836.jpg",,"18"
"9185","Cooking Needs","Frozen Food","Frozen Appetizers & Sides","Pepperidge Farm","Pepperidge Farm Frozen Mozzarella Garlic Bread","Pepperidge Farm Frozen Mozzarella Garlic Bread","2.49","0.0","","11.75 oz","11.75 oz","15852.jpg",,"18"
"9186","Cooking Needs","Frozen Food","Frozen Appetizers & Sides","Pepperidge Farm","Pepperidge Farm Garlic Bread","Pepperidge Farm Garlic Bread","2.49","0.0","","10 oz","10 oz","15829.jpg",,"18"
"9187","Cooking Needs","Frozen Food","Frozen Appetizers & Sides","Pepperidge Farm","Pepperidge Farm Texas Toast Frozen 5 Cheese Bread","Pepperidge Farm Texas Toast Frozen 5 Cheese Bread","3.36","0.0","","9.5 oz","9.5 oz","15832.jpg",,"18"
"9188","Cooking Needs","Frozen Food","Frozen Appetizers & Sides","Pepperidge Farm","Pepperidge Farm Texas Toast Frozen Garlic Bread","Pepperidge Farm Texas Toast Frozen Garlic Bread","2.49","0.0","","8 x 11.25 oz","8 x 11.25 oz","15828.jpg",,"18"
"9189","Cooking Needs","Frozen Food","Frozen Appetizers & Sides","Perdue","Perdue Breaded Popcorn Chicken","Perdue Breaded Popcorn Chicken","11.99","0.0","","1.63 lb","1.63 lb","2608.jpg",,"22"
"9190","Cooking Needs","Frozen Food","Frozen Appetizers & Sides","Perdue","Perdue Chicken Breast Nuggets","Perdue Chicken Breast Nuggets","7.99","0.0","","1.81 lb","1.81 lb","2605.jpg",,"22"
"9191","Cooking Needs","Frozen Food","Frozen Appetizers & Sides","Perdue","Perdue Crispy Chicken Strips","Perdue Crispy Chicken Strips","7.39","0.0","","1.63 lb","1.63 lb","2604.jpg",,"22"
"9192","Cooking Needs","Frozen Food","Frozen Appetizers & Sides","Perdue","Perdue Lightly Breaded Chicken Wings Buffalo Style","Perdue Lightly Breaded Chicken Wings Buffalo Style","7.39","0.0","","1.75 lb","1.75 lb","2607.jpg",,"22"
"9193","Cooking Needs","Frozen Food","Frozen Appetizers & Sides","Red's","Red's Burrito Beef, Bean & Cheddar","Red's Burrito Beef, Bean & Cheddar","2.99","0.0","","5 oz","5 oz","15851.jpg",,"18"
"9194","Cooking Needs","Frozen Food","Frozen Appetizers & Sides","Redi","Redi Serve Family Pack Breaded & Cooked Chicken Nibblers","Redi Serve Family Pack Breaded & Cooked Chicken Nibblers","5.79","0.0","","35 oz","35 oz","15838.jpg",,"1"
"9195","Cooking Needs","Frozen Food","Frozen Appetizers & Sides","SeaPak","SeaPak Popcorn Shrimp Oven Crispy Family Size","SeaPak Popcorn Shrimp Oven Crispy Family Size","9.79","0.0","","30 oz","30 oz","15857.jpg",,"18"
"9196","Cooking Needs","Frozen Food","Frozen Appetizers & Sides","SeaPak","SeaPak Shrimp & Seafood Co. Oven Crispy Jumbo Coconut Shrimp","SeaPak Shrimp & Seafood Co. Oven Crispy Jumbo Coconut Shrimp","9.79","0.0","","18 oz","18 oz","15872.jpg",,"18"
"9197","Cooking Needs","Frozen Food","Frozen Appetizers & Sides","Smucker's","Smucker's Uncrustables Peanut Butter & Strawberry Jam Sandwich","Smucker's Uncrustables Peanut Butter & Strawberry Jam Sandwich","7.39","0.0","","10 count","10 count","15826.jpg",,"20"
"9198","Cooking Needs","Frozen Food","Frozen Appetizers & Sides","Smucker's","Smucker's Uncrustables Peanut Butter & Strawberry Jam Sandwich","Smucker's Uncrustables Peanut Butter & Strawberry Jam Sandwich","3.09","0.0","","4 count","4 count","15840.jpg",,"19"
"9199","Cooking Needs","Frozen Food","Frozen Appetizers & Sides","Smucker's","Smucker's Uncrustables Reduced Sugar, Peanut Butter & Strawberry Spread Sandwich on Whole Wheat Bread","Smucker's Uncrustables Reduced Sugar, Peanut Butter & Strawberry Spread Sandwich on Whole Wheat Bread","3.09","0.0","","4 x 2 oz","4 x 2 oz","15863.jpg",,"20"
"9200","Cooking Needs","Frozen Food","Frozen Appetizers & Sides","Store Brand","Crinkle Cut Fries","Crinkle Cut Fries","2.49","0.0","","1 ct","1 ct","Market Basket.jpg",,"18"
"9201","Cooking Needs","Frozen Food","Frozen Appetizers & Sides","Superpretzel","SuperPretzel Pretzels, Soft, Fully Baked, Original","SuperPretzel Pretzels, Soft, Fully Baked, Original","2.09","0.0","","6 count","6 count","15822.jpg",,"20"
"9202","Cooking Needs","Frozen Food","Frozen Appetizers & Sides","Tgif","T.G.I. FRIDAY'S Mozzarella Sticks with Marinara Sauce","T.G.I. FRIDAY'S Mozzarella Sticks with Marinara Sauce","5.99","0.0","","17 oz","17 oz","15843.jpg",,"19"
"9203","Cooking Needs","Frozen Food","Frozen Appetizers & Sides","Tgif","Tgif TGI Fridays Cheddar & Bacon Loaded Potato Skins, Frozen Appetizer","Tgif TGI Fridays Cheddar & Bacon Loaded Potato Skins, Frozen Appetizer","5.99","0.0","","13.5 oz","13.5 oz","15842.jpg",,"19"
"9204","Cooking Needs","Frozen Food","Frozen Appetizers & Sides","Tgif","Tgif TGI Fridays Cheddar & Bacon Loaded Potato Skins, Frozen Appetizer","Tgif TGI Fridays Cheddar & Bacon Loaded Potato Skins, Frozen Appetizer","8.59","0.0","","22.3 oz","22.3 oz","15858.jpg",,"19"
"9205","Cooking Needs","Frozen Food","Frozen Appetizers & Sides","Tgif","Tgif TGI Fridays Spinach & Artichoke Cheese Dip, Frozen Appetizer","Tgif TGI Fridays Spinach & Artichoke Cheese Dip, Frozen Appetizer","3.89","0.0","","8 oz","8 oz","15833.jpg",,"19"
"9206","Cooking Needs","Frozen Food","Frozen Appetizers & Sides","Totino's","Totino's  Pizzs Brand Pepperoni Pizza Snacks","Totino's  Pizzs Brand Pepperoni Pizza Snacks","4.89","0.0","","23.7 oz","23.7 oz","15865.jpg",,"19"
"9207","Cooking Needs","Frozen Food","Frozen Appetizers & Sides","Totino's","Totino's Cheese Pizzs","Totino's Cheese Pizzs","3.69","0.0","","19.8 oz","19.8 oz","15817.jpg",,"19"
"9208","Cooking Needs","Frozen Food","Frozen Appetizers & Sides","Totino's","Totino's Combination Pizzs","Totino's Combination Pizzs","3.89","0.0","","40 x 19.8 oz","40 x 19.8 oz","15834.jpg",,"19"
"9209","Cooking Needs","Frozen Food","Frozen Appetizers & Sides","Totino's","Totino's Pizzs Brand Pepperoni Pizza Snacks","Totino's Pizzs Brand Pepperoni Pizza Snacks","3.69","0.0","","40 x 19.8 oz","40 x 19.8 oz","15815.jpg",,"19"
"9210","Cooking Needs","Frozen Food","Frozen Appetizers & Sides","Tyson","Tyson Buffalo Boneless Chicken Bites, Frozen","Tyson Buffalo Boneless Chicken Bites, Frozen","8.59","0.0","","25.5 oz","25.5 oz","2603.jpg",,"22"
"9211","Cooking Needs","Frozen Food","Frozen Appetizers & Sides","Tyson","Tyson Fully Cooked Chicken Nuggets (Frozen)","Tyson Fully Cooked Chicken Nuggets (Frozen)","6.86","0.0","","32 oz","32 oz","2598.jpg",,"22"
"9212","Cooking Needs","Frozen Food","Frozen Appetizers & Sides","Tyson","Tyson Fully Cooked Crispy Chicken Strips (Frozen)","Tyson Fully Cooked Crispy Chicken Strips (Frozen)","9.36","0.0","","25 oz","25 oz","2596.jpg",,"1"
"9213","Cooking Needs","Frozen Food","Frozen Appetizers & Sides","Tyson","Tyson Fully Cooked Fun Nuggets with Whole Grain Breading, Frozen","Tyson Fully Cooked Fun Nuggets with Whole Grain Breading, Frozen","6.86","0.0","","29 oz","29 oz","2597.jpg",,"1"
"9214","Cooking Needs","Frozen Food","Frozen Appetizers & Sides","Tyson","Tyson Fully Cooked Portioned Chicken Breast Fillets","Tyson Fully Cooked Portioned Chicken Breast Fillets","8.11","0.0","","25 oz","25 oz","2600.jpg",,"22"
"9215","Cooking Needs","Frozen Food","Frozen Appetizers & Sides","Tyson","Tyson Popcorn Chicken, Frozen","Tyson Popcorn Chicken, Frozen","8.11","0.0","","24 oz","24 oz","2601.jpg",,"22"
"9216","Cooking Needs","Frozen Food","Frozen Appetizers & Sides","Van De Kamp's","Van de Kamp's Crunchy Fish Sticks","Van de Kamp's Crunchy Fish Sticks","5.79","0.0","","44 count","44 count","15850.jpg",,"18"
"9217","Cooking Needs","Frozen Food","Frozen Appetizers & Sides","Van De Kamp's","Van de Kamp's Fish Sticks Crunchy","Van de Kamp's Fish Sticks Crunchy","4.09","0.0","","18 x 10.9 oz","18 x 10.9 oz","15855.jpg",,"18"
"9218","Cooking Needs","Frozen Food","Frozen Appetizers & Sides","Weaver","Weaver Chicken Breast Nuggets, 1.5 lb. (Frozen)","Weaver Chicken Breast Nuggets, 1.5 lb. (Frozen)","4.89","0.0","","26 oz","26 oz","15859.jpg",,"22"
"9219","Cooking Needs","Frozen Food","Frozen Appetizers & Sides","York","New York Bakery Garlic Knots with Real Garlic","New York Bakery Garlic Knots with Real Garlic","2.69","0.0","","6 count","6 count","2621.jpg",,"18"
"9220","Cooking Needs","Frozen Food","Frozen Appetizers & Sides","York","New York Bakery Texas Toast Five Cheese","New York Bakery Texas Toast Five Cheese","3.59","0.0","","8 x 13.5 oz","8 x 13.5 oz","2622.jpg",,"18"
"9221","Cooking Needs","Frozen Food","Frozen Appetizers & Sides","York","New York Bakery Texas Toast with Real Garlic","New York Bakery Texas Toast with Real Garlic","2.69","0.0","","8 x 11.25 oz","8 x 11.25 oz","2623.jpg",,"18"
"9222","Cooking Needs","Frozen Food","Frozen Appetizers & Sides","Yummy","Yummy Chicken Appetizers, Boneless, Chick'n Teasers, Hot Buffalo Style","Yummy Chicken Appetizers, Boneless, Chick'n Teasers, Hot Buffalo Style","6.09","0.0","","26 oz","26 oz","15864.jpg",,"18"
"9223","Cooking Needs","Frozen Food","Frozen Breads & Doughs","Athens","Athens Fillo Strudel","Athens Fillo Strudel","3.29","0.0","","16 oz","16 oz","Market Basket.jpg",,"19"
"9224","Cooking Needs","Frozen Food","Frozen Breads & Doughs","Goya","Goya Discos Para Empanadas","Goya Discos Para Empanadas","1.99","0.0","","14 oz","14 oz","2862.jpg",,"19"
"9225","Cooking Needs","Frozen Food","Frozen Breads & Doughs","Pepperidge Farm","Pepperidge Farm Stone Baked Artisan Rolls Frozen French Rolls","Pepperidge Farm Stone Baked Artisan Rolls Frozen French Rolls","3.09","0.0","","8 count","8 count","2864.jpg",,"19"
"9226","Cooking Needs","Frozen Food","Frozen Breads & Doughs","Tuscan Pizza Company","Tuscan Pizza Company Pizza Dough Ball Organic","Tuscan Pizza Company Pizza Dough Ball Organic","1.59","0.0","","16 oz","16 oz","Market Basket.jpg",,"19"
"9227","Cooking Needs","Frozen Food","Frozen Breads & Doughs","Warm N Serv","Warm N Serv Artisan French White Rolls","Warm N Serv Artisan French White Rolls","3.69","0.0","","22.8 oz","22.8 oz","2860.jpg",,"19"
"9228","Cooking Needs","Frozen Food","Frozen Breads & Doughs","Warm N Serv","Warm N Serv Artisan French White Rolls","Warm N Serv Artisan French White Rolls","3.69","0.0","","11.5 oz","11.5 oz","2861.jpg",,"19"
"9229","Cooking Needs","Frozen Food","Frozen Breads & Doughs","Yasso","Yasso Frozen Greek Yogurt, Chocolate Chip Cookie Dough Bars","Yasso Frozen Greek Yogurt, Chocolate Chip Cookie Dough Bars","4.89","0.0","","4 x 3.5 fl oz","4 x 3.5 fl oz","2865.jpg",,"21"
"9230","Cooking Needs","Frozen Food","Frozen Breakfast","Amy's","Amy's Tofu Scramble","Amy's Tofu Scramble","4.79","0.0","","9 oz","9 oz","15798.jpg",,"18"
"9231","Cooking Needs","Frozen Food","Frozen Breakfast","Applegate","Applegate Chicken & Maple Breakfast Sausage Links 7oz","Applegate Chicken & Maple Breakfast Sausage Links 7oz","5.29","0.0","","7 oz","7 oz","2559.jpg",,"1"
"9232","Cooking Needs","Frozen Food","Frozen Breakfast","Applegate","Applegate Natural Chicken & Apple Breakfast Sausage","Applegate Natural Chicken & Apple Breakfast Sausage","4.89","0.0","","7 oz","7 oz","2558.jpg",,"1"
"9233","Cooking Needs","Frozen Food","Frozen Breakfast","Applegate","Applegate Natural Chicken & Apple Breakfast Sausage Patty","Applegate Natural Chicken & Apple Breakfast Sausage Patty","5.29","0.0","","7 oz","7 oz","2560.jpg",,"N/A"
"9234","Cooking Needs","Frozen Food","Frozen Breakfast","Applegate","Applegate Natural Classic Pork Breakfast Sausage","Applegate Natural Classic Pork Breakfast Sausage","5.29","0.0","","7 oz","7 oz","2561.jpg",,"N/A"
"9235","Cooking Needs","Frozen Food","Frozen Breakfast","Aunt Jemima","Aunt Jemima Blueberry Pancakes","Aunt Jemima Blueberry Pancakes","4.19","0.0","","12 count","12 count","2528.jpg",,"N/A"
"9236","Cooking Needs","Frozen Food","Frozen Breakfast","Aunt Jemima","Aunt Jemima Homestyle Pancakes","Aunt Jemima Homestyle Pancakes","2.49","0.0","","12 count","12 count","2531.jpg",,"20"
"9237","Cooking Needs","Frozen Food","Frozen Breakfast","Banquet","Banquet Brown 'n Serve Original Sausage Links","Banquet Brown 'n Serve Original Sausage Links","1.89","0.0","","10 x 6.4 oz","10 x 6.4 oz","2553.jpg",,"1"
"9238","Cooking Needs","Frozen Food","Frozen Breakfast","Banquet","Banquet Brown N Serve Original Patty","Banquet Brown N Serve Original Patty","1.99","0.0","","8 count","8 count","2554.jpg",,"1"
"9239","Cooking Needs","Frozen Food","Frozen Breakfast","Banquet","Banquet Lite Original Link","Banquet Lite Original Link","1.89","0.0","","10 count","10 count","2555.jpg",,"N/A"
"9240","Cooking Needs","Frozen Food","Frozen Breakfast","Banquet","Banquet Sausage Links, Original, Family Pack","Banquet Sausage Links, Original, Family Pack","6.49","0.0","","24.9 oz","24.9 oz","2556.jpg",,"1"
"9241","Cooking Needs","Frozen Food","Frozen Breakfast","Cavendish Farms","Cavendish Farms Potato Patties Hash Browns Old Fashioned 10 CT","Cavendish Farms Potato Patties Hash Browns Old Fashioned 10 CT","2.19","0.0","","21.16 oz","21.16 oz","15770.jpg",,"1"
"9242","Cooking Needs","Frozen Food","Frozen Breakfast","De Wafelbakkers","De Wafelbakkers Pancake, Buttermilk, Mini","De Wafelbakkers Pancake, Buttermilk, Mini","2.49","0.0","","60 count","60 count","2564.jpg",,"N/A"
"9243","Cooking Needs","Frozen Food","Frozen Breakfast","De Wafelbakkers","De Wafelbakkers Pancakes Blueberry","De Wafelbakkers Pancakes Blueberry","2.49","0.0","","18 x 24.8 oz","18 x 24.8 oz","2563.jpg",,"N/A"
"9244","Cooking Needs","Frozen Food","Frozen Breakfast","De Wafelbakkers","De Wafelbakkers Pancakes Buttermilk","De Wafelbakkers Pancakes Buttermilk","2.49","0.0","","18 x 24.8 oz","18 x 24.8 oz","2562.jpg",,"20"
"9245","Cooking Needs","Frozen Food","Frozen Breakfast","Farm Rich","Farm Rich Cinnamon French Toast Sticks","Farm Rich Cinnamon French Toast Sticks","2.49","0.0","","12 oz","12 oz","15772.jpg",,"20"
"9246","Cooking Needs","Frozen Food","Frozen Breakfast","Farm Rich","Farm Rich Original French Toast Sticks","Farm Rich Original French Toast Sticks","2.49","0.0","","12 oz","12 oz","15774.jpg",,"20"
"9247","Cooking Needs","Frozen Food","Frozen Breakfast","Glutino","Glutino Gluten Free Original English Muffins","Glutino Gluten Free Original English Muffins","6.09","0.0","","16.9 oz","16.9 oz","15800.jpg",,"N/A"
"9248","Cooking Needs","Frozen Food","Frozen Breakfast","Good Food Made Simple","Good Food Made Simple Breakfast Burrito Chicken Apple Sausage","Good Food Made Simple Breakfast Burrito Chicken Apple Sausage","3.59","0.0","","5 oz","5 oz","2539.jpg",,"20"
"9249","Cooking Needs","Frozen Food","Frozen Breakfast","Good Food Made Simple","Good Food Made Simple Breakfast Burrito Uncured Canadian Bacon","Good Food Made Simple Breakfast Burrito Uncured Canadian Bacon","2.49","0.0","","5 oz","5 oz","2532.jpg",,"N/A"
"9250","Cooking Needs","Frozen Food","Frozen Breakfast","Good Food Made Simple","Good Food Made Simple Breakfast Burrito, Southwestern Veggie","Good Food Made Simple Breakfast Burrito, Southwestern Veggie","1.99","0.0","","5 oz","5 oz","2537.jpg",,"20"
"9251","Cooking Needs","Frozen Food","Frozen Breakfast","Good Food Made Simple","Good Food Made Simple Egg Patties, 4 Inch","Good Food Made Simple Egg Patties, 4 Inch","3.59","0.0","","6 count","6 count","2536.jpg",,"20"
"9252","Cooking Needs","Frozen Food","Frozen Breakfast","Good Food Made Simple","Good Food Made Simple Egg, Cheese & Turkey Sausage Breakfast Burrito","Good Food Made Simple Egg, Cheese & Turkey Sausage Breakfast Burrito","1.99","0.0","","5 oz","5 oz","2533.jpg",,"20"
"9253","Cooking Needs","Frozen Food","Frozen Breakfast","Good Food Made Simple","Good Food Made Simple Egg, Cheese & Uncured Bacon Breakfast Burrito","Good Food Made Simple Egg, Cheese & Uncured Bacon Breakfast Burrito","1.99","0.0","","5 oz","5 oz","2538.jpg",,"20"
"9254","Cooking Needs","Frozen Food","Frozen Breakfast","Good Food Made Simple","Good Food Made Simple Waffles, Blueberry","Good Food Made Simple Waffles, Blueberry","1.89","0.0","","6 count","6 count","2535.jpg",,"20"
"9255","Cooking Needs","Frozen Food","Frozen Breakfast","Hot Pockets","Hot Pockets Applewood Bacon, Egg & Cheese Frozen Sandwiches","Hot Pockets Applewood Bacon, Egg & Cheese Frozen Sandwiches","2.49","0.0","","2 x 4.5 oz","2 x 4.5 oz","15776.jpg",,"19"
"9256","Cooking Needs","Frozen Food","Frozen Breakfast","Hot Pockets","Hot Pockets Sausage, Egg & Cheese Frozen Sandwiches","Hot Pockets Sausage, Egg & Cheese Frozen Sandwiches","2.49","0.0","","2 x 4.5 oz","2 x 4.5 oz","15785.jpg",,"19"
"9257","Cooking Needs","Frozen Food","Frozen Breakfast","Jimmy Dean","Jimmy Dean Bacon, Egg & Cheese Breakfast Bowl","Jimmy Dean Bacon, Egg & Cheese Breakfast Bowl","2.49","0.0","","7 oz","7 oz","2518.jpg",,"20"
"9258","Cooking Needs","Frozen Food","Frozen Breakfast","Jimmy Dean","Jimmy Dean Croissant Sandwiches Egg with Red Peppers, Onions & Pepper Jack Cheese","Jimmy Dean Croissant Sandwiches Egg with Red Peppers, Onions & Pepper Jack Cheese","9.79","0.0","","4 count","4 count","2527.jpg",,"N/A"
"9259","Cooking Needs","Frozen Food","Frozen Breakfast","Jimmy Dean","Jimmy Dean Heat 'N Serve Original Pork Sausage Links","Jimmy Dean Heat 'N Serve Original Pork Sausage Links","5.49","0.0","","36 count","36 count","2520.jpg",,"1"
"9260","Cooking Needs","Frozen Food","Frozen Breakfast","Jimmy Dean","Jimmy Dean Meat Lovers Breakfast Bowl","Jimmy Dean Meat Lovers Breakfast Bowl","2.49","0.0","","7 oz","7 oz","2515.jpg",,"20"
"9261","Cooking Needs","Frozen Food","Frozen Breakfast","Jimmy Dean","Jimmy Dean Meat Lovers English Muffin Sandwiches","Jimmy Dean Meat Lovers English Muffin Sandwiches","6.69","0.0","","22.8 oz","22.8 oz","2525.jpg",,"N/A"
"9262","Cooking Needs","Frozen Food","Frozen Breakfast","Jimmy Dean","Jimmy Dean Premium Pork Hot Sausage Roll, 16 oz.","Jimmy Dean Premium Pork Hot Sausage Roll, 16 oz.","3.69","0.0","","16 oz","16 oz","2523.jpg",,"N/A"
"9263","Cooking Needs","Frozen Food","Frozen Breakfast","Jimmy Dean","Jimmy Dean Sausage, Egg & Cheese Biscuit Sandwiches (Frozen)","Jimmy Dean Sausage, Egg & Cheese Biscuit Sandwiches (Frozen)","7.39","0.0","","4 x 4.5 oz","4 x 4.5 oz","2522.jpg",,"1"
"9264","Cooking Needs","Frozen Food","Frozen Breakfast","Jimmy Dean","Jimmy Dean Sausage, Egg & Cheese Breakfast Bowl","Jimmy Dean Sausage, Egg & Cheese Breakfast Bowl","2.99","0.0","","7 oz","7 oz","2521.jpg",,"20"
"9265","Cooking Needs","Frozen Food","Frozen Breakfast","Jimmy Dean","Jimmy Dean Sausage, Egg & Cheese Croissant Sandwiches","Jimmy Dean Sausage, Egg & Cheese Croissant Sandwiches","11.59","0.0","","8 x 4.5 oz","8 x 4.5 oz","2516.jpg",,"1"
"9266","Cooking Needs","Frozen Food","Frozen Breakfast","Jimmy Dean","Jimmy Dean Sausage, Egg & Cheese Croissant Sandwiches","Jimmy Dean Sausage, Egg & Cheese Croissant Sandwiches","6.69","0.0","","4 x 4.5 oz","4 x 4.5 oz","2517.jpg",,"1"
"9267","Cooking Needs","Frozen Food","Frozen Breakfast","Jimmy Dean","Jimmy Dean Sausage, Egg & Cheese English Muffin Sandwiches","Jimmy Dean Sausage, Egg & Cheese English Muffin Sandwiches","6.69","0.0","","4 x 4.6 oz","4 x 4.6 oz","2524.jpg",,"1"
"9268","Cooking Needs","Frozen Food","Frozen Breakfast","Jimmy Dean","Jimmy Dean Turkey Sausage, Egg & Cheese Flatbread Sandwiches","Jimmy Dean Turkey Sausage, Egg & Cheese Flatbread Sandwiches","6.49","0.0","","4 x 4.1 oz","4 x 4.1 oz","2519.jpg",,"N/A"
"9269","Cooking Needs","Frozen Food","Frozen Breakfast","Jones Dairy Farm","Jones Dairy Farm All Natural Sausage Fully Cooked","Jones Dairy Farm All Natural Sausage Fully Cooked","1.89","0.0","","6 count","6 count","2548.jpg",,"1"
"9270","Cooking Needs","Frozen Food","Frozen Breakfast","Jones Dairy Farm","Jones Dairy Farm Golden Brown All Natural Fully Cooked Mild Sausage Links","Jones Dairy Farm Golden Brown All Natural Fully Cooked Mild Sausage Links","2.49","0.0","","10 count","10 count","2549.jpg",,"1"
"9271","Cooking Needs","Frozen Food","Frozen Breakfast","Jones Dairy Farm","Jones Dairy Farm Patties, Turkey Sausage","Jones Dairy Farm Patties, Turkey Sausage","7.99","0.0","","20 oz","20 oz","2552.jpg",,"1"
"9272","Cooking Needs","Frozen Food","Frozen Breakfast","Jones Dairy Farm","Jones Dairy Farm Turkey Sausage, Links","Jones Dairy Farm Turkey Sausage, Links","7.99","0.0","","40 Oz","40 Oz","2550.jpg",,"1"
"9273","Cooking Needs","Frozen Food","Frozen Breakfast","Jones Dairy Farm","Jones Dairy Farms All Natural Fully Cooked Pork Sausage Links Maple 10 CT","Jones Dairy Farms All Natural Fully Cooked Pork Sausage Links Maple 10 CT","3.49","0.0","","10 count","10 count","15771.jpg",,"N/A"
"9274","Cooking Needs","Frozen Food","Frozen Breakfast","Kashi","Kashi Frozen Waffles 7 Grain","Kashi Frozen Waffles 7 Grain","5.09","0.0","","8 x 10.1 oz","8 x 10.1 oz","15802.jpg",,"N/A"
"9275","Cooking Needs","Frozen Food","Frozen Breakfast","Kashi","Kashi Frozen Waffles Blueberry","Kashi Frozen Waffles Blueberry","4.79","0.0","","8 count","8 count","15784.jpg",,"N/A"
"9276","Cooking Needs","Frozen Food","Frozen Breakfast","Kellogg's","Kellogg's Eggo Bites Frozen Pancakes Chocolatey Chip","Kellogg's Eggo Bites Frozen Pancakes Chocolatey Chip","2.99","0.0","","5 x 6 count","5 x 6 count","15781.jpg",,"N/A"
"9277","Cooking Needs","Frozen Food","Frozen Breakfast","Kellogg's","Kellogg's Eggo Frozen French Toaster Sticks Original","Kellogg's Eggo Frozen French Toaster Sticks Original","2.99","0.0","","32 x 12.7 oz","32 x 12.7 oz","2499.jpg",,"20"
"9278","Cooking Needs","Frozen Food","Frozen Breakfast","Kellogg's","Kellogg's Eggo Frozen Pancakes Blueberry","Kellogg's Eggo Frozen Pancakes Blueberry","2.99","0.0","","14.8 oz","14.8 oz","2511.jpg",,"N/A"
"9279","Cooking Needs","Frozen Food","Frozen Breakfast","Kellogg's","Kellogg's Eggo Frozen Pancakes Buttermilk","Kellogg's Eggo Frozen Pancakes Buttermilk","2.99","0.0","","12 count","12 count","2501.jpg",,"20"
"9280","Cooking Needs","Frozen Food","Frozen Breakfast","Kellogg's","Kellogg's Eggo Frozen Pancakes Chocolate Chip","Kellogg's Eggo Frozen Pancakes Chocolate Chip","2.99","0.0","","14.8 oz","14.8 oz","2509.jpg",,"20"
"9281","Cooking Needs","Frozen Food","Frozen Breakfast","Kellogg's","Kellogg's Eggo Frozen Pancakes Original","Kellogg's Eggo Frozen Pancakes Original","2.99","0.0","","40 x 14.1 oz","40 x 14.1 oz","2497.jpg",,"20"
"9282","Cooking Needs","Frozen Food","Frozen Breakfast","Kellogg's","Kellogg's Eggo Frozen Waffles Blueberry","Kellogg's Eggo Frozen Waffles Blueberry","5.49","0.0","","24 count","24 count","2510.jpg",,"20"
"9283","Cooking Needs","Frozen Food","Frozen Breakfast","Kellogg's","Kellogg's Eggo Frozen Waffles Buttermilk","Kellogg's Eggo Frozen Waffles Buttermilk","2.99","0.0","","10 count","10 count","2502.jpg",,"20"
"9284","Cooking Needs","Frozen Food","Frozen Breakfast","Kellogg's","Kellogg's Eggo Frozen Waffles Buttermilk","Kellogg's Eggo Frozen Waffles Buttermilk","6.11","0.0","","29.6 oz","29.6 oz","2503.jpg",,"20"
"9285","Cooking Needs","Frozen Food","Frozen Breakfast","Kellogg's","Kellogg's Eggo Frozen Waffles Chocolatey Chip","Kellogg's Eggo Frozen Waffles Chocolatey Chip","2.69","0.0","","10 count","10 count","2498.jpg",,"20"
"9286","Cooking Needs","Frozen Food","Frozen Breakfast","Kellogg's","Kellogg's Eggo Frozen Waffles Chocolatey Chip","Kellogg's Eggo Frozen Waffles Chocolatey Chip","5.79","0.0","","24 count","24 count","2508.jpg",,"20"
"9287","Cooking Needs","Frozen Food","Frozen Breakfast","Kellogg's","Kellogg's Eggo Frozen Waffles Homestyle","Kellogg's Eggo Frozen Waffles Homestyle","2.49","0.0","","10 count","10 count","2496.jpg",,"20"
"9288","Cooking Needs","Frozen Food","Frozen Breakfast","Kellogg's","Kellogg's Eggo Frozen Waffles Homestyle","Kellogg's Eggo Frozen Waffles Homestyle","5.79","0.0","","24 count","24 count","2505.jpg",,"20"
"9289","Cooking Needs","Frozen Food","Frozen Breakfast","Kellogg's","Kellogg's Eggo Frozen Waffles Homestyle","Kellogg's Eggo Frozen Waffles Homestyle","2.59","0.0","","10 x 4 count","10 x 4 count","2506.jpg",,"N/A"
"9290","Cooking Needs","Frozen Food","Frozen Breakfast","Kellogg's","Kellogg's Eggo Frozen Waffles Homestyle","Kellogg's Eggo Frozen Waffles Homestyle","8.59","0.0","","4 x 10 count","4 x 10 count","2513.jpg",,"20"
"9291","Cooking Needs","Frozen Food","Frozen Breakfast","Kellogg's","Kellogg's Eggo Frozen Waffles Low Fat","Kellogg's Eggo Frozen Waffles Low Fat","3.19","0.0","","10 count","10 count","2512.jpg",,"N/A"
"9292","Cooking Needs","Frozen Food","Frozen Breakfast","Kellogg's","Kellogg's Eggo Frozen Waffles Strawberry","Kellogg's Eggo Frozen Waffles Strawberry","2.49","0.0","","10 count","10 count","2507.jpg",,"20"
"9293","Cooking Needs","Frozen Food","Frozen Breakfast","Kellogg's","Kellogg's Eggo Minis Frozen Waffles Cinnamon Toast","Kellogg's Eggo Minis Frozen Waffles Cinnamon Toast","2.49","0.0","","10.75 oz","10.75 oz","15778.jpg",,"20"
"9294","Cooking Needs","Frozen Food","Frozen Breakfast","Kellogg's","Kellogg's Eggo Mins Frozen Waffles Cinnamon Toast","Kellogg's Eggo Mins Frozen Waffles Cinnamon Toast","5.49","0.0","","25.8 oz","25.8 oz","15792.jpg",,"20"
"9295","Cooking Needs","Frozen Food","Frozen Breakfast","Kellogg's","Kellogg's Eggo Nutri Grain Frozen Waffles Blueberry","Kellogg's Eggo Nutri Grain Frozen Waffles Blueberry","3.19","0.0","","12.3 oz","12.3 oz","15801.jpg",,"N/A"
"9296","Cooking Needs","Frozen Food","Frozen Breakfast","Kellogg's","Kellogg's Eggo Nutri Grain Frozen Waffles Original","Kellogg's Eggo Nutri Grain Frozen Waffles Original","3.19","0.0","","12.3 oz","12.3 oz","15794.jpg",,"N/A"
"9297","Cooking Needs","Frozen Food","Frozen Breakfast","Kellogg's","Kellogg's Eggo Nutri Grain, Frozen Waffles Original","Kellogg's Eggo Nutri Grain, Frozen Waffles Original","5.49","0.0","","24.6 oz","24.6 oz","2514.jpg",,"N/A"
"9298","Cooking Needs","Frozen Food","Frozen Breakfast","Kellogg's","Kellogg's Eggo Thick and Fluffy, Frozen Waffles Cinnamon Brown Sugar","Kellogg's Eggo Thick and Fluffy, Frozen Waffles Cinnamon Brown Sugar","2.49","0.0","","11.6 oz","11.6 oz","2500.jpg",,"N/A"
"9299","Cooking Needs","Frozen Food","Frozen Breakfast","Kellogg's","Kellogg's Eggo Thick and Fluffy, Frozen Waffles Original","Kellogg's Eggo Thick and Fluffy, Frozen Waffles Original","2.49","0.0","","6 count","6 count","2504.jpg",,"21"
"9300","Cooking Needs","Frozen Food","Frozen Breakfast","Kellogg's","Kellogg's Eggo Wafflers Frozen Waffles Brown Sugar Cinnamon Roll","Kellogg's Eggo Wafflers Frozen Waffles Brown Sugar Cinnamon Roll","2.99","0.0","","8 x 2 count","8 x 2 count","15790.jpg",,"N/A"
"9301","Cooking Needs","Frozen Food","Frozen Breakfast","Kellogg's","Kellogg's Special K Flatbread Breakfast Sandwiches Bacon, Egg, and Cheese","Kellogg's Special K Flatbread Breakfast Sandwiches Bacon, Egg, and Cheese","6.09","0.0","","4 x 13.oz","4 x 13.oz","15788.jpg",,"20"
"9302","Cooking Needs","Frozen Food","Frozen Breakfast","Lender's","Lender's Original Onion Bagels","Lender's Original Onion Bagels","1.59","0.0","","12 oz","12 oz","15775.jpg",,"20"
"9303","Cooking Needs","Frozen Food","Frozen Breakfast","Market Basket","Market Basket Buttermilk Pancakes","Market Basket Buttermilk Pancakes","1.89","0.0","","18.5 oz","18.5 oz","Market Basket.jpg",,"20"
"9304","Cooking Needs","Frozen Food","Frozen Breakfast","Market Basket","Market Basket Chocolate Chip Frozen Waffles","Market Basket Chocolate Chip Frozen Waffles","1.89","0.0","","12.3 oz","12.3 oz","Market Basket.jpg",,"N/A"
"9305","Cooking Needs","Frozen Food","Frozen Breakfast","Market Basket","Market Basket Everything Bagel","Market Basket Everything Bagel","2.49","0.0","","1 ct","1 ct","Market Basket.jpg",,"N/A"
"9306","Cooking Needs","Frozen Food","Frozen Breakfast","Market Basket","Market Basket Homestyle Waffles","Market Basket Homestyle Waffles","3.69","0.0","","29.6 oz","29.6 oz","Market Basket.jpg",,"N/A"
"9307","Cooking Needs","Frozen Food","Frozen Breakfast","Market Basket","Market Basket Homestyle Waffles","Market Basket Homestyle Waffles","1.89","0.0","","12.3 oz","12.3 oz","Market Basket.jpg",,"N/A"
"9308","Cooking Needs","Frozen Food","Frozen Breakfast","Morning Star Farms","Morning Star Farms Veggie Breakfast Sausage Patties Maple Flavored","Morning Star Farms Veggie Breakfast Sausage Patties Maple Flavored","4.89","0.0","","8 oz","8 oz","15780.jpg",,"N/A"
"9309","Cooking Needs","Frozen Food","Frozen Breakfast","Murry's","Murry's French Toast Sticks Original","Murry's French Toast Sticks Original","2.99","0.0","","14 oz","14 oz","15773.jpg",,"20"
"9310","Cooking Needs","Frozen Food","Frozen Breakfast","Nature's Path","Nature's Path NP Dark Chocolate Chip Waffles","Nature's Path NP Dark Chocolate Chip Waffles","3.09","0.0","","6 x 7.4 oz","6 x 7.4 oz","15782.jpg",,"N/A"
"9311","Cooking Needs","Frozen Food","Frozen Breakfast","Nature's Path","Nature's Path Organic Gluten Free & Wheat Free Buckwheat Wildberry Waffles","Nature's Path Organic Gluten Free & Wheat Free Buckwheat Wildberry Waffles","3.09","0.0","","6 count","6 count","15789.jpg",,"N/A"
"9312","Cooking Needs","Frozen Food","Frozen Breakfast","Nature's Path","Nature's Path Organic Gluten Free Wheat Free Chia Plus Waffles","Nature's Path Organic Gluten Free Wheat Free Chia Plus Waffles","3.09","0.0","","6 count","6 count","15803.jpg",,"N/A"
"9313","Cooking Needs","Frozen Food","Frozen Breakfast","Pillsbury","Pillsbury Toaster Scrambles, Bacon","Pillsbury Toaster Scrambles, Bacon","2.99","0.0","","4 x 7.2 oz","4 x 7.2 oz","2546.jpg",,"N/A"
"9314","Cooking Needs","Frozen Food","Frozen Breakfast","Pillsbury","Pillsbury Toaster Strudel Apple Toaster Pastries","Pillsbury Toaster Strudel Apple Toaster Pastries","2.49","0.0","","11.5 oz","11.5 oz","2545.jpg",,"20"
"9315","Cooking Needs","Frozen Food","Frozen Breakfast","Pillsbury","Pillsbury Toaster Strudel Blueberry Toaster Pastries","Pillsbury Toaster Strudel Blueberry Toaster Pastries","2.49","0.0","","11.5 oz","11.5 oz","2547.jpg",,"20"
"9316","Cooking Needs","Frozen Food","Frozen Breakfast","Pillsbury","Pillsbury Toaster Strudel Cinnamon Roll Toaster Pastries","Pillsbury Toaster Strudel Cinnamon Roll Toaster Pastries","2.49","0.0","","11.5 oz","11.5 oz","2540.jpg",,"20"
"9317","Cooking Needs","Frozen Food","Frozen Breakfast","Pillsbury","Pillsbury Toaster Strudel Cream Cheese & Strawberry Toaster Pastries","Pillsbury Toaster Strudel Cream Cheese & Strawberry Toaster Pastries","2.49","0.0","","11.5 oz","11.5 oz","2542.jpg",,"20"
"9318","Cooking Needs","Frozen Food","Frozen Breakfast","Pillsbury","Pillsbury Toaster Strudel, Apple","Pillsbury Toaster Strudel, Apple","2.49","0.0","","6 count","6 count","2544.jpg",,"20"
"9319","Cooking Needs","Frozen Food","Frozen Breakfast","Pillsbury","Pillsbury Toaster Strudel, Strawberry, Frozen Pastries","Pillsbury Toaster Strudel, Strawberry, Frozen Pastries","2.49","0.0","","6 count","6 count","2541.jpg",,"N/A"
"9320","Cooking Needs","Frozen Food","Frozen Breakfast","Smucker's","Smucker's Reduced Sugar Uncrustables Spread Sandwiches Peanut Butter & Grape","Smucker's Reduced Sugar Uncrustables Spread Sandwiches Peanut Butter & Grape","3.09","0.0","","4 count","4 count","15777.jpg",,"20"
"9321","Cooking Needs","Frozen Food","Frozen Breakfast","Three Bakers","Three Bakers Whole Grain Bread White","Three Bakers Whole Grain Bread White","4.89","0.0","","17 oz","17 oz","15793.jpg",,"N/A"
"9322","Cooking Needs","Frozen Food","Frozen Breakfast","Udi's","Udi's Gluten Free Moist & Tasty Blueberry Oat Muffin Tops","Udi's Gluten Free Moist & Tasty Blueberry Oat Muffin Tops","4.89","0.0","","8 oz","8 oz","15799.jpg",,"N/A"
"9323","Cooking Needs","Frozen Food","Frozen Breakfast","Van's Natural Foods","Van's Gluten Free Apple Cinnamon Waffles","Van's Gluten Free Apple Cinnamon Waffles","3.09","0.0","","9 oz","9 oz","15806.jpg",,"N/A"
"9324","Cooking Needs","Frozen Food","Frozen Breakfast","Van's Natural Foods","Van's Gluten Free Pancakes","Van's Gluten Free Pancakes","2.49","0.0","","12.4 oz","12.4 oz","15796.jpg",,"N/A"
"9325","Cooking Needs","Frozen Food","Frozen Breakfast","Van's Natural Foods","Van's Natural Foods Simply Delicious Gluten Free Waffles, Totally Original","Van's Natural Foods Simply Delicious Gluten Free Waffles, Totally Original","3.09","0.0","","6 count","6 count","15779.jpg",,"N/A"
"9326","Cooking Needs","Frozen Food","Frozen Breakfast","Van's Natural Foods","Van's Natural Foods Waffles, Gluten Free, Blueberry","Van's Natural Foods Waffles, Gluten Free, Blueberry","3.09","0.0","","6 count","6 count","15787.jpg",,"N/A"
"9327","Cooking Needs","Frozen Food","Frozen Breakfast","Van's Natural Foods","Van's Simply Delicious Whole Grain Organic Waffles, Blueberry, Frozen","Van's Simply Delicious Whole Grain Organic Waffles, Blueberry, Frozen","3.09","0.0","","6 x 1.41 oz","6 x 1.41 oz","15805.jpg",,"N/A"
"9328","Cooking Needs","Frozen Food","Frozen Breakfast","Vitatops","VitaTops Muffin Top Wild Blueberry","VitaTops Muffin Top Wild Blueberry","4.89","0.0","","4 x 2 oz","4 x 2 oz","15797.jpg",,"N/A"
"9329","Cooking Needs","Frozen Food","Frozen Dessert","Athens","Athens Phyllo Shells","Athens Phyllo Shells","2.09","0.0","","1.9 oz","1.9 oz","2979.jpg",,"19"
"9330","Cooking Needs","Frozen Food","Frozen Dessert","Blue Diamond Almond Breeze","Blue Diamond Almond Breeze Unsweetened Vanilla Almond Milk & Coconut Milk Blend","Blue Diamond Almond Breeze Unsweetened Vanilla Almond Milk & Coconut Milk Blend","3.69","0.0","","0.5 gal","0.5 gal","16070.jpg",,"1"
"9331","Cooking Needs","Frozen Food","Frozen Dessert","Bridgford","Bridgford Bread, Cinnamon, Monkey, Pull Apart","Bridgford Bread, Cinnamon, Monkey, Pull Apart","4.29","0.0","","16 oz","16 oz","16067.jpg",,"19"
"9332","Cooking Needs","Frozen Food","Frozen Dessert","Carvel","Carvel Ice Cream Cake","Carvel Ice Cream Cake","28.09","0.0","","75 fl oz","75 fl oz","2972.jpg",,"19"
"9333","Cooking Needs","Frozen Food","Frozen Dessert","Carvel","Carvel Ice Cream Cake Lil' Love","Carvel Ice Cream Cake Lil' Love","12.19","0.0","","25 fl oz","25 fl oz","2971.jpg",,"19"
"9334","Cooking Needs","Frozen Food","Frozen Dessert","Cool Whip","Cool Whip Fat Free Whipped Topping","Cool Whip Fat Free Whipped Topping","2.69","0.0","","12 oz","12 oz","2957.jpg",,"19"
"9335","Cooking Needs","Frozen Food","Frozen Dessert","Cool Whip","Cool Whip Fat Free Whipped Topping","Cool Whip Fat Free Whipped Topping","3.69","0.0","","8 oz","8 oz","17927.jpg",,"19"
"9336","Cooking Needs","Frozen Food","Frozen Dessert","Cool Whip","Cool Whip Lite Whipped Topping","Cool Whip Lite Whipped Topping","1.69","0.0","","8 oz","8 oz","2955.jpg",,"20"
"9337","Cooking Needs","Frozen Food","Frozen Dessert","Cool Whip","Cool Whip Original Whipped Topping","Cool Whip Original Whipped Topping","1.49","0.0","","8 oz","8 oz","2953.jpg",,"20"
"9338","Cooking Needs","Frozen Food","Frozen Dessert","Cool Whip","Cool Whip Original Whipped Topping","Cool Whip Original Whipped Topping","2.49","0.0","","12 oz","12 oz","2954.jpg",,"19"
"9339","Cooking Needs","Frozen Food","Frozen Dessert","Edwards","Edwards Limited Edition Creme Pie Pumpkin","Edwards Limited Edition Creme Pie Pumpkin","7.39","0.0","","25.9 oz","25.9 oz","16064.jpg",,"19"
"9340","Cooking Needs","Frozen Food","Frozen Dessert","Goya","Goya Original Plantain Strips","Goya Original Plantain Strips","1.99","0.0","","3.5 oz","3.5 oz","Market Basket.jpg",,"19"
"9341","Cooking Needs","Frozen Food","Frozen Dessert","Goya","Goya Pastry Snack, Churros, Authentic","Goya Pastry Snack, Churros, Authentic","2.69","0.0","","14.11 oz","14.11 oz","2974.jpg",,"19"
"9342","Cooking Needs","Frozen Food","Frozen Dessert","Hershey's","Edwards Hershey's Chocolate Crme Pie","Edwards Hershey's Chocolate Crme Pie","7.39","0.0","","25.5 oz","25.5 oz","2973.jpg",,"19"
"9343","Cooking Needs","Frozen Food","Frozen Dessert","Kellogg's","Kellogg's Eggo Frozen Buttermilk Pancakes","Kellogg's Eggo Frozen Buttermilk Pancakes","3.69","0.0","","12 x 14.8 oz","12 x 14.8 oz","16068.jpg",,"19"
"9344","Cooking Needs","Frozen Food","Frozen Dessert","Kraft","Cool Whip Sugar Free Kraft Sugar Free","Cool Whip Sugar Free Kraft Sugar Free","1.29","0.0","","8 oz","8 oz","2956.jpg",,"19"
"9345","Cooking Needs","Frozen Food","Frozen Dessert","Luigi's","Luigi's Italian Ice, Blue Raspberry & Watermelon","Luigi's Italian Ice, Blue Raspberry & Watermelon","2.49","0.0","","6 x fl oz","6 x fl oz","16065.jpg",,"21"
"9346","Cooking Needs","Frozen Food","Frozen Dessert","Marie Callender's","Marie Callender's Chocolate Satin Pie","Marie Callender's Chocolate Satin Pie","7.39","0.0","","28 oz","28 oz","2964.jpg",,"19"
"9347","Cooking Needs","Frozen Food","Frozen Dessert","Marie Callender's","Marie Callender's Key Lime Pie","Marie Callender's Key Lime Pie","3.09","0.0","","2 count","2 count","2965.jpg",,"19"
"9348","Cooking Needs","Frozen Food","Frozen Dessert","Marie Callender's","Marie Callender's Key Lime Pie","Marie Callender's Key Lime Pie","7.39","0.0","","36 oz","36 oz","2966.jpg",,"19"
"9349","Cooking Needs","Frozen Food","Frozen Dessert","Marie Callender's","Marie Callender's Lemon Meringue Pie","Marie Callender's Lemon Meringue Pie","7.39","0.0","","39 oz","39 oz","2967.jpg",,"19"
"9350","Cooking Needs","Frozen Food","Frozen Dessert","Milano's","Milano's 100% Grated Parmesan Cheese","Milano's 100% Grated Parmesan Cheese","6.09","0.0","","16 oz","16 oz","16072.jpg",,"1"
"9351","Cooking Needs","Frozen Food","Frozen Dessert","Mrs. Smith's","Mrs. Smith's Deep Dish Flaky Pie Crusts","Mrs. Smith's Deep Dish Flaky Pie Crusts","3.69","0.0","","16 oz","16 oz","2969.jpg",,"19"
"9352","Cooking Needs","Frozen Food","Frozen Dessert","Mrs. Smith's","Mrs. Smith's Original Flaky Crust Apple Pie","Mrs. Smith's Original Flaky Crust Apple Pie","8.79","0.0","","37 oz","37 oz","17983.jpg",,"19"
"9353","Cooking Needs","Frozen Food","Frozen Dessert","Mrs. Smith's","Mrs. Smith's Original Flaky Crust Cherry Pie","Mrs. Smith's Original Flaky Crust Cherry Pie","3.69","0.0","","35 oz","35 oz","2968.jpg",,"19"
"9354","Cooking Needs","Frozen Food","Frozen Dessert","Mrs. Smith's","Mrs. Smith's Original Flaky Crust Pumpkin Pie","Mrs. Smith's Original Flaky Crust Pumpkin Pie","4.89","0.0","","37 oz","37 oz","2970.jpg",,"20"
"9355","Cooking Needs","Frozen Food","Frozen Dessert","Oronoque Orchards","Oronoque Orchards Flaky Homestyle Pie Crusts 9"" Deep Dish","Oronoque Orchards Flaky Homestyle Pie Crusts 9"" Deep Dish","3.69","0.0","","2 x 16 oz","2 x 16 oz","16073.jpg",,"19"
"9356","Cooking Needs","Frozen Food","Frozen Dessert","Pepperidge Farm","Pepperidge Farm Frozen Apple Turnovers Pastries","Pepperidge Farm Frozen Apple Turnovers Pastries","3.59","0.0","","4 x 12.5 oz","4 x 12.5 oz","2962.jpg",,"19"
"9357","Cooking Needs","Frozen Food","Frozen Dessert","Pepperidge Farm","Pepperidge Farm Frozen Bakery Confetti Vanilla Layer Cake","Pepperidge Farm Frozen Bakery Confetti Vanilla Layer Cake","3.69","0.0","","19.6 oz","19.6 oz","16071.jpg",,"19"
"9358","Cooking Needs","Frozen Food","Frozen Dessert","Pepperidge Farm","Pepperidge Farm Frozen Cherry Turnovers Pastries","Pepperidge Farm Frozen Cherry Turnovers Pastries","3.59","0.0","","12.5 oz","12.5 oz","2963.jpg",,"19"
"9359","Cooking Needs","Frozen Food","Frozen Dessert","Pepperidge Farm","Pepperidge Farm Frozen Chocolate Fudge Layer Cake","Pepperidge Farm Frozen Chocolate Fudge Layer Cake","3.69","0.0","","19.6 oz","19.6 oz","2960.jpg",,"19"
"9360","Cooking Needs","Frozen Food","Frozen Dessert","Pepperidge Farm","Pepperidge Farm Frozen Chocolate Fudge Stripe Layer Cake","Pepperidge Farm Frozen Chocolate Fudge Stripe Layer Cake","3.69","0.0","","19.6 oz","19.6 oz","2958.jpg",,"19"
"9361","Cooking Needs","Frozen Food","Frozen Dessert","Pepperidge Farm","Pepperidge Farm Frozen Lemon Layer Cake","Pepperidge Farm Frozen Lemon Layer Cake","3.69","0.0","","19.6 oz","19.6 oz","2961.jpg",,"19"
"9362","Cooking Needs","Frozen Food","Frozen Dessert","Pepperidge Farm","Pepperidge Farm Frozen Rich Golden Layer Cake","Pepperidge Farm Frozen Rich Golden Layer Cake","3.69","0.0","","19.6 oz","19.6 oz","2959.jpg",,"19"
"9363","Cooking Needs","Frozen Food","Frozen Dessert","Pepperidge Farm","Pepperidge Farm Puff Pastry Frozen Sheets Pastry Dough","Pepperidge Farm Puff Pastry Frozen Sheets Pastry Dough","5.39","0.0","","2 count","2 count","2975.jpg",,"19"
"9364","Cooking Needs","Frozen Food","Frozen Dessert","Pepperidge Farm","Pepperidge Farm Puff Pastry Shells Frozen","Pepperidge Farm Puff Pastry Shells Frozen","4.29","0.0","","6 count","6 count","2976.jpg",,"19"
"9365","Cooking Needs","Frozen Food","Frozen Dessert","Sara Lee","Sara Lee Cheesecake Strawberry","Sara Lee Cheesecake Strawberry","6.09","0.0","","19 oz","19 oz","2978.jpg",,"19"
"9366","Cooking Needs","Frozen Food","Frozen Dessert","Sara Lee","Sara Lee Pound Cake All Butter","Sara Lee Pound Cake All Butter","4.09","0.0","","10.75 oz","10.75 oz","2977.jpg",,"19"
"9367","Cooking Needs","Frozen Food","Frozen Dessert","Skinny Cow","Skinny Cow Vanilla & Chocolate Ice Cream Sandwiches","Skinny Cow Vanilla & Chocolate Ice Cream Sandwiches","5.39","0.0","","6 count","6 count","16069.jpg",,"19"
"9368","Cooking Needs","Frozen Food","Frozen Dessert","Smucker's","Smucker's Uncrustables Peanut Butter & Grape Jelly Sandwich","Smucker's Uncrustables Peanut Butter & Grape Jelly Sandwich","7.48","0.0","","10 count","10 count","16066.jpg",,"20"
"9369","Cooking Needs","Frozen Food","Frozen Juice","4C","4C Drink Mix Fruit Punch","4C Drink Mix Fruit Punch","6.09","0.0","","63 oz","63 oz","2948.jpg",,"21"
"9370","Cooking Needs","Frozen Food","Frozen Juice","Bacardi Mixers","Bacardi Mixers Margarita","Bacardi Mixers Margarita","2.39","0.0","","10 fl oz","10 fl oz","2949.jpg",,"21"
"9371","Cooking Needs","Frozen Food","Frozen Juice","Dole","Dole Chilled Juice","Dole Chilled Juice","1.99","0.0","","12 oz","12 oz","2950.jpg",,"21"
"9372","Cooking Needs","Frozen Food","Frozen Juice","Ensure","Ensure Plus Vanilla Shake","Ensure Plus Vanilla Shake","12.19","0.0","","6 x 8 fl oz","6 x 8 fl oz","Market Basket.jpg",,"21"
"9373","Cooking Needs","Frozen Food","Frozen Juice","La Fe","La Fe Guanabana (soursop Pulp)","La Fe Guanabana (soursop Pulp)","3.09","0.0","","14 oz","14 oz","2951.jpg",,"21"
"9374","Cooking Needs","Frozen Food","Frozen Juice","Market Basket","Market Basket Frozen Apple Juice Concentrate","Market Basket Frozen Apple Juice Concentrate","1.59","0.0","","12 fl oz","12 fl oz","Market Basket.jpg",,"21"
"9375","Cooking Needs","Frozen Food","Frozen Juice","Market Basket","Market Basket Frozen Concentrate Limeade","Market Basket Frozen Concentrate Limeade","1.59","0.0","","12 fl oz","12 fl oz","Market Basket.jpg",,"21"
"9376","Cooking Needs","Frozen Food","Frozen Juice","Market Basket","Market Basket Frozen Concentrated Orange Juice","Market Basket Frozen Concentrated Orange Juice","2.09","0.0","","12 fl oz","12 fl oz","Market Basket.jpg",,"21"
"9377","Cooking Needs","Frozen Food","Frozen Juice","Market Basket","Market Basket Frozen Concentrated Orange Juice","Market Basket Frozen Concentrated Orange Juice","2.09","0.0","","12 fl oz","12 fl oz","Market Basket.jpg",,"21"
"9378","Cooking Needs","Frozen Food","Frozen Juice","Market Basket","Market Basket Frozen Lemonade Concentrate","Market Basket Frozen Lemonade Concentrate","1.59","0.0","","12 fl oz","12 fl oz","Market Basket.jpg",,"21"
"9379","Cooking Needs","Frozen Food","Frozen Juice","Market Basket","Market Basket Frozen Orange Juice Country Style","Market Basket Frozen Orange Juice Country Style","2.09","0.0","","12 fl oz","12 fl oz","Market Basket.jpg",,"21"
"9380","Cooking Needs","Frozen Food","Frozen Juice","Market Basket","Market Basket Frozen Pink Lemonade Concentrate","Market Basket Frozen Pink Lemonade Concentrate","1.59","0.0","","12 fl oz","12 fl oz","Market Basket.jpg",,"21"
"9381","Cooking Needs","Frozen Food","Frozen Juice","Market Basket","Market Basket Fruit Punch","Market Basket Fruit Punch","1.29","0.0","","12 fl oz","12 fl oz","Market Basket.jpg",,"21"
"9382","Cooking Needs","Frozen Food","Frozen Juice","Minute Maid","Minute Maid Orange Juice, Fruit Juice","Minute Maid Orange Juice, Fruit Juice","3.09","0.0","","12 fl oz","12 fl oz","2952.jpg",,"21"
"9383","Cooking Needs","Frozen Food","Frozen Juice","Mr & Mrs T","Mr & Mrs T Original Margarita Mix","Mr & Mrs T Original Margarita Mix","3.99","0.0","","1 L","1 L","17982.jpg",,"17"
"9384","Cooking Needs","Frozen Food","Frozen Juice","Seneca","Seneca 100% Apple Juice Concentrate","Seneca 100% Apple Juice Concentrate","1.99","0.0","","12 fl oz","12 fl oz","16063.jpg",,"21"
"9385","Cooking Needs","Frozen Food","Frozen Juice","Welch's","Welch's 100% Grape Juice Frozen Concentrate","Welch's 100% Grape Juice Frozen Concentrate","2.49","0.0","","11.5 fl oz","11.5 fl oz","2947.jpg",,"21"
"9386","Cooking Needs","Frozen Food","Frozen Meal","Amy's","Amy's Black Bean Vegetable Enchilada","Amy's Black Bean Vegetable Enchilada","4.59","0.0","","9.5 oz","9.5 oz","2750.jpg",,"18"
"9387","Cooking Needs","Frozen Food","Frozen Meal","Amy's","Amy's Bowls Mexican Casserole Light In Sodium","Amy's Bowls Mexican Casserole Light In Sodium","4.89","0.0","","9.5 oz","9.5 oz","2754.jpg",,"18"
"9388","Cooking Needs","Frozen Food","Frozen Meal","Amy's","Amy's Enchilada Cheese","Amy's Enchilada Cheese","4.59","0.0","","9 oz","9 oz","2756.jpg",,"18"
"9389","Cooking Needs","Frozen Food","Frozen Meal","Amy's","Amy's Gluten and Dairy Free Rice Mac & Cheese","Amy's Gluten and Dairy Free Rice Mac & Cheese","4.89","0.0","","8 oz","8 oz","2751.jpg",,"18"
"9390","Cooking Needs","Frozen Food","Frozen Meal","Amy's","Amy's Gluten Free Garden Vegetable Lasagna","Amy's Gluten Free Garden Vegetable Lasagna","4.89","0.0","","10.3 oz","10.3 oz","2752.jpg",,"18"
"9391","Cooking Needs","Frozen Food","Frozen Meal","Amy's","Amy's Gluten Free Rice Mac & Cheese","Amy's Gluten Free Rice Mac & Cheese","3.69","0.0","","9 oz","9 oz","2759.jpg",,"18"
"9392","Cooking Needs","Frozen Food","Frozen Meal","Amy's","Amy's Indian Mattar Tofu","Amy's Indian Mattar Tofu","4.89","0.0","","9.5 oz","9.5 oz","2758.jpg",,"18"
"9393","Cooking Needs","Frozen Food","Frozen Meal","Amy's","Amy's Indian Palak Paneer","Amy's Indian Palak Paneer","4.89","0.0","","10 oz","10 oz","2757.jpg",,"18"
"9394","Cooking Needs","Frozen Food","Frozen Meal","Amy's","Amy's Indian Vegetable Korma Entre","Amy's Indian Vegetable Korma Entre","4.89","0.0","","9.5 oz","9.5 oz","2760.jpg",,"18"
"9395","Cooking Needs","Frozen Food","Frozen Meal","Amy's","Amy's Macaroni & Soy Cheeze","Amy's Macaroni & Soy Cheeze","4.79","0.0","","9 oz","9 oz","2761.jpg",,"18"
"9396","Cooking Needs","Frozen Food","Frozen Meal","Amy's","Amy's Thai Pad Thai","Amy's Thai Pad Thai","4.79","0.0","","9.5 oz","9.5 oz","2749.jpg",,"18"
"9397","Cooking Needs","Frozen Food","Frozen Meal","Amy's","Amy's Vegan Macaroni & Cheese","Amy's Vegan Macaroni & Cheese","4.79","0.0","","9 oz","9 oz","2753.jpg",,"18"
"9398","Cooking Needs","Frozen Food","Frozen Meal","Atkins","Atkins Beef Merlot","Atkins Beef Merlot","4.29","0.0","","9 oz","9 oz","15953.jpg",,"18"
"9399","Cooking Needs","Frozen Food","Frozen Meal","Atkins","Atkins Chicken & Broccoli Alfredo","Atkins Chicken & Broccoli Alfredo","4.29","0.0","","9 oz","9 oz","15979.jpg",,"18"
"9400","Cooking Needs","Frozen Food","Frozen Meal","Atkins","Atkins Crustless Chicken Pot Pie","Atkins Crustless Chicken Pot Pie","4.29","0.0","","9 oz","9 oz","15889.jpg",,"18"
"9401","Cooking Needs","Frozen Food","Frozen Meal","Atkins","Atkins Meatloaf, with Portobellow Mushroom Gravy","Atkins Meatloaf, with Portobellow Mushroom Gravy","4.29","0.0","","9 oz","9 oz","15996.jpg",,"18"
"9402","Cooking Needs","Frozen Food","Frozen Meal","Ball Park","Ball Park Flame Grilled Beef Patty","Ball Park Flame Grilled Beef Patty","9.19","0.0","","18 oz","18 oz","15936.jpg",,"1"
"9403","Cooking Needs","Frozen Food","Frozen Meal","Banquet","Banquet Classic Chicken Parmesan Meal","Banquet Classic Chicken Parmesan Meal","1.29","0.0","","8.5 oz","8.5 oz","15948.jpg",,"18"
"9404","Cooking Needs","Frozen Food","Frozen Meal","Banquet","Banquet Meat Loaf Meal","Banquet Meat Loaf Meal","1.29","0.0","","9.5 oz","9.5 oz","15938.jpg",,"18"
"9405","Cooking Needs","Frozen Food","Frozen Meal","Banquet","Banquet Salisbury Steak Meal","Banquet Salisbury Steak Meal","1.29","0.0","","9.5 oz","9.5 oz","15915.jpg",,"18"
"9406","Cooking Needs","Frozen Food","Frozen Meal","Banquet","Banquet Spaghetti & Meatballs Meal","Banquet Spaghetti & Meatballs Meal","1.29","0.0","","9 oz","9 oz","15942.jpg",,"18"
"9407","Cooking Needs","Frozen Food","Frozen Meal","Banquet","Banquet Three Cheese Ziti","Banquet Three Cheese Ziti","3.09","0.0","","8 oz","8 oz","15995.jpg",,"18"
"9408","Cooking Needs","Frozen Food","Frozen Meal","Barber Foods","Barber Foods Breaded Raw Stuffed Chicken Breasts Broccoli & Cheese","Barber Foods Breaded Raw Stuffed Chicken Breasts Broccoli & Cheese","4.89","0.0","","2 count","2 count","15880.jpg",,"18"
"9409","Cooking Needs","Frozen Food","Frozen Meal","Barber Foods","Barber Foods Breaded Raw Stuffed Chicken Breasts Cordon Blue 2Ct","Barber Foods Breaded Raw Stuffed Chicken Breasts Cordon Blue 2Ct","4.89","0.0","","2 count","2 count","15886.jpg",,"1"
"9410","Cooking Needs","Frozen Food","Frozen Meal","Barber Foods","Barber Foods Seasoned Selects Broccoli & Cheese Raw Stuffed Chicken Breasts","Barber Foods Seasoned Selects Broccoli & Cheese Raw Stuffed Chicken Breasts","4.89","0.0","","10 oz","10 oz","15985.jpg",,"18"
"9411","Cooking Needs","Frozen Food","Frozen Meal","Barber Foods","Barber Foods Stuffed Chicken Breasts, Raw, Kiev","Barber Foods Stuffed Chicken Breasts, Raw, Kiev","4.29","0.0","","2 count","2 count","15899.jpg",,"18"
"9412","Cooking Needs","Frozen Food","Frozen Meal","Bertolli","Bertolli Chicken Alla Vodka And Farfalle Pasta","Bertolli Chicken Alla Vodka And Farfalle Pasta","8.09","0.0","","24 oz","24 oz","16001.jpg",,"18"
"9413","Cooking Needs","Frozen Food","Frozen Meal","Bertolli","Bertolli Chicken Florentine Dinner","Bertolli Chicken Florentine Dinner","8.09","0.0","","24 oz","24 oz","15925.jpg",,"18"
"9414","Cooking Needs","Frozen Food","Frozen Meal","Bertolli","Bertolli Chicken Parmigianino And Penne Dinner","Bertolli Chicken Parmigianino And Penne Dinner","8.09","0.0","","24 oz","24 oz","15969.jpg",,"18"
"9415","Cooking Needs","Frozen Food","Frozen Meal","Bertolli","Bertolli Italian Sausage And Rigatoni Soup","Bertolli Italian Sausage And Rigatoni Soup","8.09","0.0","","24 oz","24 oz","16003.jpg",,"18"
"9416","Cooking Needs","Frozen Food","Frozen Meal","Bertolli","Bertolli Shrimp Asparagus And Penne Pasta","Bertolli Shrimp Asparagus And Penne Pasta","8.09","0.0","","24 oz","24 oz","15934.jpg",,"18"
"9417","Cooking Needs","Frozen Food","Frozen Meal","Bertolli","Bertolli Shrimp Scampi And Linguine Dinner","Bertolli Shrimp Scampi And Linguine Dinner","8.09","0.0","","24 oz","24 oz","15952.jpg",,"18"
"9418","Cooking Needs","Frozen Food","Frozen Meal","Birds Eye","Birds Eye Garlic Chicken","Birds Eye Garlic Chicken","4.89","0.0","","21 oz","21 oz","2790.jpg",,"18"
"9419","Cooking Needs","Frozen Food","Frozen Meal","Birds Eye","Birds Eye Steamfresh Chef's Favorites Lightly Seasoned Asian Medley","Birds Eye Steamfresh Chef's Favorites Lightly Seasoned Asian Medley","2.09","0.0","","12 oz","12 oz","15926.jpg",,"19"
"9420","Cooking Needs","Frozen Food","Frozen Meal","Birds Eye","Birds Eye Steamfresh Selects Brown & Wild Rice with Broccoli & Carrots","Birds Eye Steamfresh Selects Brown & Wild Rice with Broccoli & Carrots","1.89","0.0","","10 oz","10 oz","2788.jpg",,"18"
"9421","Cooking Needs","Frozen Food","Frozen Meal","Birds Eye","Birds Eye Veggie Made Rotini Marinara Vegetable Pasta","Birds Eye Veggie Made Rotini Marinara Vegetable Pasta","3.89","0.0","","10 oz","10 oz","2787.jpg",,"19"
"9422","Cooking Needs","Frozen Food","Frozen Meal","Birds Eye","Birds Eye Veggie Made Original Mashed Cauliflower","Birds Eye Veggie Made Original Mashed Cauliflower","3.69","0.0","","12 oz","12 oz","2792.jpg",,"19"
"9423","Cooking Needs","Frozen Food","Frozen Meal","Birds Eye","Birds Eye Voila! Cheesy Ranch Chicken","Birds Eye Voila! Cheesy Ranch Chicken","4.89","0.0","","21 oz","21 oz","2793.jpg",,"18"
"9424","Cooking Needs","Frozen Food","Frozen Meal","Birds Eye","Birds Eye Voila! Chicken Stir Fry","Birds Eye Voila! Chicken Stir Fry","4.89","0.0","","21 oz","21 oz","2789.jpg",,"19"
"9425","Cooking Needs","Frozen Food","Frozen Meal","Birds Eye","Birds Eye Voila! Sweet & Sour Chicken","Birds Eye Voila! Sweet & Sour Chicken","4.89","0.0","","21 oz","21 oz","2794.jpg",,"18"
"9426","Cooking Needs","Frozen Food","Frozen Meal","Birds Eye","Birds Eye Voila! Teriyaki Chicken","Birds Eye Voila! Teriyaki Chicken","4.89","0.0","","21 oz","21 oz","2791.jpg",,"18"
"9427","Cooking Needs","Frozen Food","Frozen Meal","Blake's","Blake's Chicken Pie No Veggies","Blake's Chicken Pie No Veggies","6.69","0.0","","26 oz","26 oz","15941.jpg",,"18"
"9428","Cooking Needs","Frozen Food","Frozen Meal","Blake's","Blake's Chicken Pie No Veggies","Blake's Chicken Pie No Veggies","2.49","0.0","","8 oz","8 oz","15967.jpg",,"18"
"9429","Cooking Needs","Frozen Food","Frozen Meal","Blake's","Blake's Chicken Pot Pie","Blake's Chicken Pot Pie","6.69","0.0","","26 oz","26 oz","15944.jpg",,"18"
"9430","Cooking Needs","Frozen Food","Frozen Meal","Blake's","Blake's Turkey Pot Pie","Blake's Turkey Pot Pie","6.69","0.0","","22 oz","22 oz","15932.jpg",,"18"
"9431","Cooking Needs","Frozen Food","Frozen Meal","Boston Market","Boston Market Home Style Meals Chicken Fettuccine Alfredo","Boston Market Home Style Meals Chicken Fettuccine Alfredo","3.29","0.0","","13 oz","13 oz","15927.jpg",,"18"
"9432","Cooking Needs","Frozen Food","Frozen Meal","Boston Market","Boston Market Home Style Meals Chicken Parmesan","Boston Market Home Style Meals Chicken Parmesan","3.09","0.0","","13.1 oz","13.1 oz","15909.jpg",,"18"
"9433","Cooking Needs","Frozen Food","Frozen Meal","Boston Market","Boston Market Home Style Meals Chicken Pot Pie","Boston Market Home Style Meals Chicken Pot Pie","3.29","0.0","","16 oz","16 oz","15878.jpg",,"18"
"9434","Cooking Needs","Frozen Food","Frozen Meal","Boston Market","Boston Market Home Style Meals Meatloaf","Boston Market Home Style Meals Meatloaf","3.09","0.0","","14 oz","14 oz","15905.jpg",,"18"
"9435","Cooking Needs","Frozen Food","Frozen Meal","Boston Market","Boston Market Home Style Meals Turkey Breast Medallions","Boston Market Home Style Meals Turkey Breast Medallions","3.29","0.0","","13 oz","13 oz","15908.jpg",,"18"
"9436","Cooking Needs","Frozen Food","Frozen Meal","Boston Market","Boston Market Home Style Meals Turkey Breast Medallions & Stuffing","Boston Market Home Style Meals Turkey Breast Medallions & Stuffing","5.09","0.0","","13.5 oz","13.5 oz","15992.jpg",,"18"
"9437","Cooking Needs","Frozen Food","Frozen Meal","Dining Smart","Dining Smart Chicken Stir Fry","Dining Smart Chicken Stir Fry","4.89","0.0","","21 oz","21 oz","16012.jpg",,"18"
"9438","Cooking Needs","Frozen Food","Frozen Meal","Drive Thru","Drive Thru Cheeseburger, Chopped Beef Steak with American Cheese on a Sesame Seed Bun Frozen Entree","Drive Thru Cheeseburger, Chopped Beef Steak with American Cheese on a Sesame Seed Bun Frozen Entree","1.89","0.0","","4.6 oz","4.6 oz","15920.jpg",,"18"
"9439","Cooking Needs","Frozen Food","Frozen Meal","Evol","evol. Truffle Parmesan Mac & Cheese","evol. Truffle Parmesan Mac & Cheese","3.74","0.0","","8 oz","8 oz","15882.jpg",,"18"
"9440","Cooking Needs","Frozen Food","Frozen Meal","American","American Flatbread Sharp & Aromatic Twisted 6 Cheese With Fresh Mozzarella, Asiago, Smoked Cheddar, Sage, Tilsit And Burrata Vermont Cheeses, Topped With Red Onions, & Parsley Handmade, Wood fired, Thin & Crispy Pizza","American Flatbread Sharp & Aromatic Twisted 6 Cheese With Fresh Mozzarella, Asiago, Smoked Cheddar, Sage, Tilsit And Burrata Vermont Cheeses, Topped With Red Onions, & Parsley Handmade, Wood fired, Thin & Crispy Pizza","10.99","0.0","","13.8 oz","13.8 oz","Market Basket.jpg",,"18"
"9441","Cooking Needs","Frozen Food","Frozen Meal","Healthy Choice","Healthy Choice Cafe Steamer Barbecue Steak With Red Potatoes","Healthy Choice Cafe Steamer Barbecue Steak With Red Potatoes","3.09","0.0","","9.5 oz","9.5 oz","2691.jpg",,"18"
"9442","Cooking Needs","Frozen Food","Frozen Meal","Healthy Choice","Healthy Choice Cafe Steamer General TSO Chicken","Healthy Choice Cafe Steamer General TSO Chicken","3.09","0.0","","10.3 oz","10.3 oz","2684.jpg",,"18"
"9443","Cooking Needs","Frozen Food","Frozen Meal","Healthy Choice","Healthy Choice Cafe Steamers Beef Merlot","Healthy Choice Cafe Steamers Beef Merlot","3.29","0.0","","10 oz","10 oz","2683.jpg",,"18"
"9444","Cooking Needs","Frozen Food","Frozen Meal","Healthy Choice","Healthy Choice Cafe Steamers Chicken Linguini Alfredo","Healthy Choice Cafe Steamers Chicken Linguini Alfredo","3.09","0.0","","10.3 oz","10.3 oz","2692.jpg",,"18"
"9445","Cooking Needs","Frozen Food","Frozen Meal","Healthy Choice","Healthy Choice Cafe Steamers Chicken Marinara","Healthy Choice Cafe Steamers Chicken Marinara","3.09","0.0","","9.5 oz","9.5 oz","2685.jpg",,"18"
"9446","Cooking Needs","Frozen Food","Frozen Meal","Healthy Choice","Healthy Choice Cafe Steamers Crustless Chicken Pot Pie","Healthy Choice Cafe Steamers Crustless Chicken Pot Pie","3.09","0.0","","10.25 oz","10.25 oz","2690.jpg",,"18"
"9447","Cooking Needs","Frozen Food","Frozen Meal","Healthy Choice","Healthy Choice Cafe Steamers Crustless Chicken Pot Pie","Healthy Choice Cafe Steamers Crustless Chicken Pot Pie","3.29","0.0","","10.25 oz","10.25 oz","2695.jpg",,"18"
"9448","Cooking Needs","Frozen Food","Frozen Meal","Healthy Choice","Healthy Choice Cafe Steamers Grilled Basil Chicken","Healthy Choice Cafe Steamers Grilled Basil Chicken","3.29","0.0","","10.6 oz","10.6 oz","2694.jpg",,"18"
"9449","Cooking Needs","Frozen Food","Frozen Meal","Healthy Choice","Healthy Choice Cafe Steamers Sweet Sesame Glazed Chicken","Healthy Choice Cafe Steamers Sweet Sesame Glazed Chicken","3.29","0.0","","9.75 oz","9.75 oz","2686.jpg",,"18"
"9450","Cooking Needs","Frozen Food","Frozen Meal","Healthy Choice","Healthy Choice Caf Steamers Top Chef Inspired Chicken Margherita with Balsamic","Healthy Choice Caf Steamers Top Chef Inspired Chicken Margherita with Balsamic","3.29","0.0","","10 oz","10 oz","2697.jpg",,"18"
"9451","Cooking Needs","Frozen Food","Frozen Meal","Healthy Choice","Healthy Choice Chicken Parmigianino Complete Meal","Healthy Choice Chicken Parmigianino Complete Meal","3.09","0.0","","11.6 oz","11.6 oz","2701.jpg",,"18"
"9452","Cooking Needs","Frozen Food","Frozen Meal","Healthy Choice","Healthy Choice Golden Roasted Turkey Breast Complete Meals","Healthy Choice Golden Roasted Turkey Breast Complete Meals","4.69","0.0","","10.5 oz","10.5 oz","2699.jpg",,"18"
"9453","Cooking Needs","Frozen Food","Frozen Meal","Healthy Choice","Healthy Choice Lemon Pepper Fish Complete Meal","Healthy Choice Lemon Pepper Fish Complete Meal","3.09","0.0","","10.7 oz","10.7 oz","2696.jpg",,"18"
"9454","Cooking Needs","Frozen Food","Frozen Meal","Healthy Choice","Healthy Choice Simply Cheese Tortellini","Healthy Choice Simply Cheese Tortellini","3.29","0.0","","9 oz","9 oz","2689.jpg",,"18"
"9455","Cooking Needs","Frozen Food","Frozen Meal","Healthy Choice","Healthy Choice Simply Steamers Grilled Basil Chicken","Healthy Choice Simply Steamers Grilled Basil Chicken","3.09","0.0","","9.9 oz","9.9 oz","2682.jpg",,"18"
"9456","Cooking Needs","Frozen Food","Frozen Meal","Healthy Choice","Healthy Choice Steamers Asian Potstickers","Healthy Choice Steamers Asian Potstickers","3.09","0.0","","9.9 oz","9.9 oz","15888.jpg",,"18"
"9457","Cooking Needs","Frozen Food","Frozen Meal","Hot Pockets","Hot Pockets BBQ Recipe Beef Frozen Sandwiches","Hot Pockets BBQ Recipe Beef Frozen Sandwiches","2.49","0.0","","2 count","2 count","2773.jpg",,"19"
"9458","Cooking Needs","Frozen Food","Frozen Meal","Hot Pockets","Hot Pockets Four Cheese Pizza Frozen Sandwiches","Hot Pockets Four Cheese Pizza Frozen Sandwiches","2.49","0.0","","2 x 4.5 oz","2 x 4.5 oz","2763.jpg",,"19"
"9459","Cooking Needs","Frozen Food","Frozen Meal","Hot Pockets","Hot Pockets Four Meat & Four Cheese Pizza Frozen Sandwiches","Hot Pockets Four Meat & Four Cheese Pizza Frozen Sandwiches","2.49","0.0","","9 oz","9 oz","2764.jpg",,"19"
"9460","Cooking Needs","Frozen Food","Frozen Meal","Hot Pockets","Hot Pockets Ham & Cheddar Frozen Sandwiches","Hot Pockets Ham & Cheddar Frozen Sandwiches","7.49","0.0","","5 count","5 count","2772.jpg",,"19"
"9461","Cooking Needs","Frozen Food","Frozen Meal","Hot Pockets","Hot Pockets Hickory Ham & Cheddar Frozen Sandwiches","Hot Pockets Hickory Ham & Cheddar Frozen Sandwiches","2.49","0.0","","2 x 4.5 oz","2 x 4.5 oz","2762.jpg",,"19"
"9462","Cooking Needs","Frozen Food","Frozen Meal","Hot Pockets","Hot Pockets Hickory Ham & Cheddar Frozen Sandwiches","Hot Pockets Hickory Ham & Cheddar Frozen Sandwiches","2.49","0.0","","2 x 4.5 oz","2 x 4.5 oz","2766.jpg",,"19"
"9463","Cooking Needs","Frozen Food","Frozen Meal","Hot Pockets","Hot Pockets HIGH PROTEIN White Meat Chicken Bacon Cheddar Cheese Melt Frozen Sandwiches","Hot Pockets HIGH PROTEIN White Meat Chicken Bacon Cheddar Cheese Melt Frozen Sandwiches","2.49","0.0","","9 oz","9 oz","2767.jpg",,"19"
"9464","Cooking Needs","Frozen Food","Frozen Meal","Hot Pockets","Hot Pockets Italian Style Meatballs & Mozzarella Frozen Sandwiches","Hot Pockets Italian Style Meatballs & Mozzarella Frozen Sandwiches","2.49","0.0","","4.5 oz","4.5 oz","2765.jpg",,"19"
"9465","Cooking Needs","Frozen Food","Frozen Meal","Hot Pockets","Hot Pockets Pepperoni Pizza Frozen Sandwiches","Hot Pockets Pepperoni Pizza Frozen Sandwiches","12.49","0.0","","12 count","12 count","2768.jpg",,"19"
"9466","Cooking Needs","Frozen Food","Frozen Meal","Hot Pockets","Hot Pockets Pepperoni Pizza Frozen Sandwiches","Hot Pockets Pepperoni Pizza Frozen Sandwiches","2.49","0.0","","2 x 4.5 oz","2 x 4.5 oz","2771.jpg",,"19"
"9467","Cooking Needs","Frozen Food","Frozen Meal","Hot Pockets","Hot Pockets Philly Steak & Cheese Frozen Sandwiches","Hot Pockets Philly Steak & Cheese Frozen Sandwiches","2.49","0.0","","2 x 4.5 oz","2 x 4.5 oz","2770.jpg",,"19"
"9468","Cooking Needs","Frozen Food","Frozen Meal","Hot Pockets","Hot Pockets White Meat Chicken, Broccoli & Cheddar Frozen Sandwiches","Hot Pockets White Meat Chicken, Broccoli & Cheddar Frozen Sandwiches","2.49","0.0","","2 x 241 g","2 x 241 g","2769.jpg",,"19"
"9469","Cooking Needs","Frozen Food","Frozen Meal","Hungry-Man","Hungry Man Beer Battered Chicken","Hungry Man Beer Battered Chicken","3.09","0.0","","14.5 oz","14.5 oz","2781.jpg",,"18"
"9470","Cooking Needs","Frozen Food","Frozen Meal","Hungry-Man","Hungry Man Boneless Fried Chicken","Hungry Man Boneless Fried Chicken","3.69","0.0","","16 oz","16 oz","2776.jpg",,"18"
"9471","Cooking Needs","Frozen Food","Frozen Meal","Hungry-Man","Hungry Man Boneless Pork Rib Shaped Patties Frozen Dinner","Hungry Man Boneless Pork Rib Shaped Patties Frozen Dinner","3.09","0.0","","16 oz","16 oz","2783.jpg",,"18"
"9472","Cooking Needs","Frozen Food","Frozen Meal","Hungry-Man","Hungry Man Buffalo Style Chicken Strips Frozen Dinner","Hungry Man Buffalo Style Chicken Strips Frozen Dinner","3.09","0.0","","14.5 oz","14.5 oz","2786.jpg",,"18"
"9473","Cooking Needs","Frozen Food","Frozen Meal","Hungry-Man","Hungry Man Classic Fried Chicken Strips","Hungry Man Classic Fried Chicken Strips","3.09","0.0","","14 oz","14 oz","2784.jpg",,"18"
"9474","Cooking Needs","Frozen Food","Frozen Meal","Hungry-Man","Hungry Man Country Fried Chicken","Hungry Man Country Fried Chicken","3.69","0.0","","16 oz","16 oz","2782.jpg",,"18"
"9475","Cooking Needs","Frozen Food","Frozen Meal","Hungry-Man","Hungry Man Home Style Meatloaf Frozen Dinner","Hungry Man Home Style Meatloaf Frozen Dinner","3.09","0.0","","16 oz","16 oz","2778.jpg",,"18"
"9476","Cooking Needs","Frozen Food","Frozen Meal","Hungry-Man","Hungry Man Roasted Carved White Meat Turkey Frozen Dinner","Hungry Man Roasted Carved White Meat Turkey Frozen Dinner","3.09","0.0","","16 oz","16 oz","2777.jpg",,"18"
"9477","Cooking Needs","Frozen Food","Frozen Meal","Hungry-Man","Hungry Man Salisbury Steak","Hungry Man Salisbury Steak","3.69","0.0","","16 oz","16 oz","2785.jpg",,"18"
"9478","Cooking Needs","Frozen Food","Frozen Meal","Hungry-Man","Hungry Man Selects Classic Fried Chicken Frozen Dinner","Hungry Man Selects Classic Fried Chicken Frozen Dinner","3.09","0.0","","16 oz","16 oz","2775.jpg",,"18"
"9479","Cooking Needs","Frozen Food","Frozen Meal","Hungry-Man","Hungry Man Smokin Backyard Barbeque Frozen Dinner","Hungry Man Smokin Backyard Barbeque Frozen Dinner","3.69","0.0","","15.25 oz","15.25 oz","2780.jpg",,"18"
"9480","Cooking Needs","Frozen Food","Frozen Meal","Hungry-Man","Hungry Man Southern Fried Popcorn Chicken Frozen Dinner","Hungry Man Southern Fried Popcorn Chicken Frozen Dinner","3.69","0.0","","14 oz","14 oz","2774.jpg",,"18"
"9481","Cooking Needs","Frozen Food","Frozen Meal","InnovAsian","InnovAsian Cuisine Beef & Broccoli, Mildly Spicy","InnovAsian Cuisine Beef & Broccoli, Mildly Spicy","6.09","0.0","","16 oz","16 oz","16000.jpg",,"18"
"9482","Cooking Needs","Frozen Food","Frozen Meal","InnovAsian","InnovAsian Cuisine Chicken Fried Rice","InnovAsian Cuisine Chicken Fried Rice","6.09","0.0","","18 oz","18 oz","15975.jpg",,"18"
"9483","Cooking Needs","Frozen Food","Frozen Meal","InnovAsian","InnovAsian Cuisine General Tso's Chicken, Medium Spicy","InnovAsian Cuisine General Tso's Chicken, Medium Spicy","6.09","0.0","","18 oz","18 oz","15994.jpg",,"18"
"9484","Cooking Needs","Frozen Food","Frozen Meal","InnovAsian","InnovAsian Cuisine Orange Chicken","InnovAsian Cuisine Orange Chicken","6.09","0.0","","18 oz","18 oz","15954.jpg",,"18"
"9485","Cooking Needs","Frozen Food","Frozen Meal","InnovAsian","InnovAsian Cuisine Sweet & Sour Chicken","InnovAsian Cuisine Sweet & Sour Chicken","6.09","0.0","","18 oz","18 oz","15900.jpg",,"18"
"9486","Cooking Needs","Frozen Food","Frozen Meal","Kid Cuisine","Kid Cuisine Macaroni And Cheese","Kid Cuisine Macaroni And Cheese","2.49","0.0","","10.6 oz","10.6 oz","15988.jpg",,"18"
"9487","Cooking Needs","Frozen Food","Frozen Meal","Kid Cuisine","Kid Cuisine Pop Star Popcorn Chicken Meal","Kid Cuisine Pop Star Popcorn Chicken Meal","2.49","0.0","","8.65 oz","8.65 oz","15903.jpg",,"18"
"9488","Cooking Needs","Frozen Food","Frozen Meal","Lean Cuisine","Lean Cuisine Alfredo Pasta with Chicken & Broccoli","Lean Cuisine Alfredo Pasta with Chicken & Broccoli","3.09","0.0","","10 oz","10 oz","2637.jpg",,"18"
"9489","Cooking Needs","Frozen Food","Frozen Meal","Lean Cuisine","Lean Cuisine Butternut Squash Ravioli","Lean Cuisine Butternut Squash Ravioli","3.09","0.0","","9.88 oz","9.88 oz","2626.jpg",,"18"
"9490","Cooking Needs","Frozen Food","Frozen Meal","Lean Cuisine","Lean Cuisine Cheese Ravioli","Lean Cuisine Cheese Ravioli","3.09","0.0","","8.5 oz","8.5 oz","2635.jpg",,"18"
"9491","Cooking Needs","Frozen Food","Frozen Meal","Lean Cuisine","Lean Cuisine Chicken Cashew Stir Fry","Lean Cuisine Chicken Cashew Stir Fry","3.09","0.0","","9 oz","9 oz","2644.jpg",,"18"
"9492","Cooking Needs","Frozen Food","Frozen Meal","Lean Cuisine","Lean Cuisine Chicken Club Panini","Lean Cuisine Chicken Club Panini","3.09","0.0","","6 oz","6 oz","2625.jpg",,"18"
"9493","Cooking Needs","Frozen Food","Frozen Meal","Lean Cuisine","Lean Cuisine Chicken Marsala","Lean Cuisine Chicken Marsala","3.09","0.0","","8.13 oz","8.13 oz","2649.jpg",,"18"
"9494","Cooking Needs","Frozen Food","Frozen Meal","Lean Cuisine","Lean Cuisine Chicken, Spinach & Mushroom Panini","Lean Cuisine Chicken, Spinach & Mushroom Panini","3.09","0.0","","6 oz","6 oz","2652.jpg",,"18"
"9495","Cooking Needs","Frozen Food","Frozen Meal","Lean Cuisine","Lean Cuisine COMFORT Apple Cranberry Chicken","Lean Cuisine COMFORT Apple Cranberry Chicken","3.09","0.0","","9.62 oz","9.62 oz","2632.jpg",,"18"
"9496","Cooking Needs","Frozen Food","Frozen Meal","Lean Cuisine","Lean Cuisine Comfort Chicken Parmesan","Lean Cuisine Comfort Chicken Parmesan","3.09","0.0","","10.88 oz","10.88 oz","15901.jpg",,"18"
"9497","Cooking Needs","Frozen Food","Frozen Meal","Lean Cuisine","Lean Cuisine Comfort COMFORT Glazed Chicken","Lean Cuisine Comfort COMFORT Glazed Chicken","3.09","0.0","","5 oz","5 oz","15961.jpg",,"18"
"9498","Cooking Needs","Frozen Food","Frozen Meal","Lean Cuisine","Lean Cuisine Comfort COMFORT Meatloaf with Mashed Potatoes","Lean Cuisine Comfort COMFORT Meatloaf with Mashed Potatoes","3.09","0.0","","9.38 oz","9.38 oz","15919.jpg",,"18"
"9499","Cooking Needs","Frozen Food","Frozen Meal","Lean Cuisine","Lean Cuisine COMFORT Roasted Turkey & Vegetables","Lean Cuisine COMFORT Roasted Turkey & Vegetables","3.09","0.0","","8 oz","8 oz","2654.jpg",,"18"
"9500","Cooking Needs","Frozen Food","Frozen Meal","Lean Cuisine","Lean Cuisine Comfort Roasted Turkey BreastSteak Portabella","Lean Cuisine Comfort Roasted Turkey BreastSteak Portabella","3.09","0.0","","9.75 oz","9.75 oz","15951.jpg",,"18"
"9501","Cooking Needs","Frozen Food","Frozen Meal","Lean Cuisine","Lean Cuisine COMFORT Spinach, Artichoke & Chicken Panini","Lean Cuisine COMFORT Spinach, Artichoke & Chicken Panini","3.09","0.0","","6 oz","6 oz","2645.jpg",,"18"
"9502","Cooking Needs","Frozen Food","Frozen Meal","Lean Cuisine","Lean Cuisine FAVORITES Chicken Enchilada Suiza Frozen Meal","Lean Cuisine FAVORITES Chicken Enchilada Suiza Frozen Meal","3.09","0.0","","9 oz","9 oz","2648.jpg",,"18"
"9503","Cooking Needs","Frozen Food","Frozen Meal","Lean Cuisine","Lean Cuisine FAVORITES Chicken Fettuccini","Lean Cuisine FAVORITES Chicken Fettuccini","3.09","0.0","","9.25 oz","9.25 oz","2651.jpg",,"18"
"9504","Cooking Needs","Frozen Food","Frozen Meal","Lean Cuisine","Lean Cuisine FAVORITES Classic Five Cheese Lasagna","Lean Cuisine FAVORITES Classic Five Cheese Lasagna","3.09","0.0","","5 oz","5 oz","2634.jpg",,"18"
"9505","Cooking Needs","Frozen Food","Frozen Meal","Lean Cuisine","Lean Cuisine FAVORITES Classic Macaroni & Beef","Lean Cuisine FAVORITES Classic Macaroni & Beef","3.09","0.0","","9.5 oz","9.5 oz","2628.jpg",,"18"
"9506","Cooking Needs","Frozen Food","Frozen Meal","Lean Cuisine","Lean Cuisine FAVORITES Fettuccini Alfredo","Lean Cuisine FAVORITES Fettuccini Alfredo","3.09","0.0","","9.25 oz","9.25 oz","2629.jpg",,"18"
"9507","Cooking Needs","Frozen Food","Frozen Meal","Lean Cuisine","Lean Cuisine FAVORITES Five Cheese Rigatoni","Lean Cuisine FAVORITES Five Cheese Rigatoni","3.09","0.0","","10 oz","10 oz","2630.jpg",,"18"
"9508","Cooking Needs","Frozen Food","Frozen Meal","Lean Cuisine","Lean Cuisine FAVORITES Macaroni & Cheese","Lean Cuisine FAVORITES Macaroni & Cheese","3.09","0.0","","10 oz","10 oz","2641.jpg",,"18"
"9509","Cooking Needs","Frozen Food","Frozen Meal","Lean Cuisine","Lean Cuisine FAVORITES Santa Fe Style Rice & Beans","Lean Cuisine FAVORITES Santa Fe Style Rice & Beans","3.09","0.0","","10.36 oz","10.36 oz","17972.jpg",,"18"
"9510","Cooking Needs","Frozen Food","Frozen Meal","Lean Cuisine","Lean Cuisine Marketplace MARKETPLACE Pomegranate Chicken 7.5 oz. Box","Lean Cuisine Marketplace MARKETPLACE Pomegranate Chicken 7.5 oz. Box","3.09","0.0","","9 oz","9 oz","15918.jpg",,"18"
"9511","Cooking Needs","Frozen Food","Frozen Meal","Lean Cuisine","Lean Cuisine Marketplace Marketplace Tortilla Crusted Fish","Lean Cuisine Marketplace Marketplace Tortilla Crusted Fish","3.09","0.0","","8 oz","8 oz","16004.jpg",,"18"
"9512","Cooking Needs","Frozen Food","Frozen Meal","Lean Cuisine","Lean Cuisine Marketplace MARKETPLACE Vermont White Cheddar Mac & Cheese","Lean Cuisine Marketplace MARKETPLACE Vermont White Cheddar Mac & Cheese","3.09","0.0","","8 oz","8 oz","15897.jpg",,"18"
"9513","Cooking Needs","Frozen Food","Frozen Meal","Lean Cuisine","Lean Cuisine Marketplace Sweet & Sour Chicken","Lean Cuisine Marketplace Sweet & Sour Chicken","3.09","0.0","","10 oz","10 oz","2647.jpg",,"18"
"9514","Cooking Needs","Frozen Food","Frozen Meal","Lean Cuisine","Lean Cuisine Mushroom Mezzaluna Ravioli","Lean Cuisine Mushroom Mezzaluna Ravioli","3.09","0.0","","8.63 oz","8.63 oz","2650.jpg",,"18"
"9515","Cooking Needs","Frozen Food","Frozen Meal","Lean Cuisine","Lean Cuisine Parmesan Crusted Fish","Lean Cuisine Parmesan Crusted Fish","3.09","0.0","","9 oz","9 oz","2657.jpg",,"18"
"9516","Cooking Needs","Frozen Food","Frozen Meal","Lean Cuisine","Lean Cuisine Philly Style Steak & Cheese Panini","Lean Cuisine Philly Style Steak & Cheese Panini","3.09","0.0","","6 oz","6 oz","2638.jpg",,"18"
"9517","Cooking Needs","Frozen Food","Frozen Meal","Lean Cuisine","Lean Cuisine Salisbury Steak with Macaroni and Cheese","Lean Cuisine Salisbury Steak with Macaroni and Cheese","3.09","0.0","","5 oz","5 oz","2653.jpg",,"18"
"9518","Cooking Needs","Frozen Food","Frozen Meal","Lean Cuisine","Lean Cuisine Sesame Stir Fry with Chicken","Lean Cuisine Sesame Stir Fry with Chicken","3.09","0.0","","9.88 oz","9.88 oz","2633.jpg",,"18"
"9519","Cooking Needs","Frozen Food","Frozen Meal","Lean Cuisine","Lean Cuisine Shrimp & Angel Hair Pasta","Lean Cuisine Shrimp & Angel Hair Pasta","3.09","0.0","","10 oz","10 oz","2655.jpg",,"18"
"9520","Cooking Needs","Frozen Food","Frozen Meal","Lean Cuisine","Lean Cuisine Shrimp Alfredo","Lean Cuisine Shrimp Alfredo","3.09","0.0","","9 oz","9 oz","2627.jpg",,"18"
"9521","Cooking Needs","Frozen Food","Frozen Meal","Lean Cuisine","Lean Cuisine Spaghetti with Meat Sauce with Mushrooms and Basil","Lean Cuisine Spaghetti with Meat Sauce with Mushrooms and Basil","2.69","0.0","","11.5 oz","11.5 oz","2642.jpg",,"18"
"9522","Cooking Needs","Frozen Food","Frozen Meal","Lean Cuisine","Lean Cuisine Spinach Artichoke Ravioli","Lean Cuisine Spinach Artichoke Ravioli","3.09","0.0","","9 oz","9 oz","2643.jpg",,"18"
"9523","Cooking Needs","Frozen Food","Frozen Meal","Lean Cuisine","Lean Cuisine Steak Portabella","Lean Cuisine Steak Portabella","3.09","0.0","","7.5 oz","7.5 oz","2646.jpg",,"18"
"9524","Cooking Needs","Frozen Food","Frozen Meal","Lean Cuisine","Lean Cuisine Swedish Meatballs with Pasta","Lean Cuisine Swedish Meatballs with Pasta","2.69","0.0","","9.12 oz","9.12 oz","2639.jpg",,"18"
"9525","Cooking Needs","Frozen Food","Frozen Meal","Lean Pockets","Lean Pockets Chicken Broccoli & Cheddar Frozen Sandwiches","Lean Pockets Chicken Broccoli & Cheddar Frozen Sandwiches","2.49","0.0","","2 x 4.5 oz","2 x 4.5 oz","15912.jpg",,"19"
"9526","Cooking Needs","Frozen Food","Frozen Meal","Lean Pockets","Lean Pockets Chicken Jalapeno & Cheese Pretzel Bread Frozen Sandwiches","Lean Pockets Chicken Jalapeno & Cheese Pretzel Bread Frozen Sandwiches","2.49","0.0","","9 oz","9 oz","15990.jpg",,"18"
"9527","Cooking Needs","Frozen Food","Frozen Meal","Lean Pockets","Lean Pockets Italian Style Meatballs and Mozzarella Frozen Sandwiches","Lean Pockets Italian Style Meatballs and Mozzarella Frozen Sandwiches","2.49","0.0","","9 oz","9 oz","15998.jpg",,"18"
"9528","Cooking Needs","Frozen Food","Frozen Meal","Lean Pockets","Lean Pockets Pepperoni Pizza Frozen Sandwiches","Lean Pockets Pepperoni Pizza Frozen Sandwiches","2.49","0.0","","2 x 4.5 oz","2 x 4.5 oz","15940.jpg",,"18"
"9529","Cooking Needs","Frozen Food","Frozen Meal","Mama Rosie's","Mama Rosie's 4 Cheese Stuffed Shells","Mama Rosie's 4 Cheese Stuffed Shells","6.09","0.0","","24 oz","24 oz","Market Basket.jpg",,"18"
"9530","Cooking Needs","Frozen Food","Frozen Meal","Mama Rosie's","Mama Rosie's Cheese Lasagna With Seasoned Tomato Sauce","Mama Rosie's Cheese Lasagna With Seasoned Tomato Sauce","2.49","0.0","","10 oz","10 oz","2740.jpg",,"18"
"9531","Cooking Needs","Frozen Food","Frozen Meal","Mama Rosie's","Mama Rosie's Four Cheese Stuffed Shells","Mama Rosie's Four Cheese Stuffed Shells","8.59","0.0","","48 oz","48 oz","Market Basket.jpg",,"18"
"9532","Cooking Needs","Frozen Food","Frozen Meal","Mama Rosie's","Mama Rosie's Jumbo Stuffed Shells","Mama Rosie's Jumbo Stuffed Shells","4.79","0.0","","8 x 20 oz","8 x 20 oz","2739.jpg",,"18"
"9533","Cooking Needs","Frozen Food","Frozen Meal","Mama Rosie's","Mama Rosie's Large Cheese Ravioli","Mama Rosie's Large Cheese Ravioli","4.59","0.0","","28 oz","28 oz","2746.jpg",,"18"
"9534","Cooking Needs","Frozen Food","Frozen Meal","Mama Rosie's","Mama Rosie's Large Four Cheese Ravioli","Mama Rosie's Large Four Cheese Ravioli","6.99","0.0","","48 oz","48 oz","2744.jpg",,"18"
"9535","Cooking Needs","Frozen Food","Frozen Meal","Mama Rosie's","Mama Rosie's Manicotti","Mama Rosie's Manicotti","4.29","0.0","","20 oz","20 oz","2747.jpg",,"18"
"9536","Cooking Needs","Frozen Food","Frozen Meal","Mama Rosie's","Mama Rosie's Mini Cheese Ravioli","Mama Rosie's Mini Cheese Ravioli","2.49","0.0","","12 oz","12 oz","2743.jpg",,"18"
"9537","Cooking Needs","Frozen Food","Frozen Meal","Mama Rosie's","Mama Rosie's Mini Cheese Ravioli","Mama Rosie's Mini Cheese Ravioli","1.29","0.0","","10 oz","10 oz","Market Basket.jpg",,"18"
"9538","Cooking Needs","Frozen Food","Frozen Meal","Mama Rosie's","Mama Rosie's Potato Gnocchi","Mama Rosie's Potato Gnocchi","2.49","0.0","","14.5 oz","14.5 oz","2742.jpg",,"18"
"9539","Cooking Needs","Frozen Food","Frozen Meal","Mama Rosie's","Mama Rosie's Regular Cheese Ravioli","Mama Rosie's Regular Cheese Ravioli","2.49","0.0","","12 oz","12 oz","2737.jpg",,"18"
"9540","Cooking Needs","Frozen Food","Frozen Meal","Mama Rosie's","Mama Rosie's Regular Cheese Ravioli","Mama Rosie's Regular Cheese Ravioli","4.79","0.0","","28 oz","28 oz","2745.jpg",,"18"
"9541","Cooking Needs","Frozen Food","Frozen Meal","Mama Rosie's","Mama Rosie's Regular Cheese Ravioli 125 CT","Mama Rosie's Regular Cheese Ravioli 125 CT","8.59","0.0","","60 oz","60 oz","2748.jpg",,"18"
"9542","Cooking Needs","Frozen Food","Frozen Meal","Mama Rosie's","Mama Rosie's Round Cheese Ravioli","Mama Rosie's Round Cheese Ravioli","3.69","0.0","","24 oz","24 oz","2738.jpg",,"18"
"9543","Cooking Needs","Frozen Food","Frozen Meal","Mama Rosie's","Mama Rosie's Spinach & Cheese Ravioli","Mama Rosie's Spinach & Cheese Ravioli","2.49","0.0","","12 oz","12 oz","2741.jpg",,"18"
"9544","Cooking Needs","Frozen Food","Frozen Meal","Marie Callender's","Marie Callender's Beef Pot Pie","Marie Callender's Beef Pot Pie","3.59","0.0","","16 oz","16 oz","16002.jpg",,"18"
"9545","Cooking Needs","Frozen Food","Frozen Meal","Marie Callender's","Marie Callender's Chicken Pot Pie","Marie Callender's Chicken Pot Pie","2.49","0.0","","10 oz","10 oz","15883.jpg",,"18"
"9546","Cooking Needs","Frozen Food","Frozen Meal","Marie Callender's","Marie Callender's Chicken Pot Pie","Marie Callender's Chicken Pot Pie","3.69","0.0","","16 oz","16 oz","15913.jpg",,"18"
"9547","Cooking Needs","Frozen Food","Frozen Meal","Marie Callender's","Marie Callender's Country Fried Chicken & Gravy","Marie Callender's Country Fried Chicken & Gravy","3.59","0.0","","16 oz","16 oz","15904.jpg",,"18"
"9548","Cooking Needs","Frozen Food","Frozen Meal","Marie Callender's","Marie Callender's Fettuccini Alfredo With Chicken And Broccoli Dinners","Marie Callender's Fettuccini Alfredo With Chicken And Broccoli Dinners","3.59","0.0","","13 oz","13 oz","15917.jpg",,"18"
"9549","Cooking Needs","Frozen Food","Frozen Meal","Marie Callender's","Marie Callender's Meatloaf And Gravy With Mash Potatoes Dinners","Marie Callender's Meatloaf And Gravy With Mash Potatoes Dinners","3.59","0.0","","14 oz","14 oz","15959.jpg",,"18"
"9550","Cooking Needs","Frozen Food","Frozen Meal","Marie Callender's","Marie Callender's Salisbury Steak Dinners","Marie Callender's Salisbury Steak Dinners","3.59","0.0","","14 oz","14 oz","15986.jpg",,"18"
"9551","Cooking Needs","Frozen Food","Frozen Meal","Marie Callender's","Marie Callender's Sweet And Sour Chicken Dinners","Marie Callender's Sweet And Sour Chicken Dinners","3.59","0.0","","14 oz","14 oz","15911.jpg",,"18"
"9552","Cooking Needs","Frozen Food","Frozen Meal","Marie Callender's","Marie Callender's Tips In Mushroom Sauce Dinners","Marie Callender's Tips In Mushroom Sauce Dinners","3.59","0.0","","13.6 oz","13.6 oz","15973.jpg",,"18"
"9553","Cooking Needs","Frozen Food","Frozen Meal","Marie Callender's","Marie Callender's Turkey Pot Pie","Marie Callender's Turkey Pot Pie","3.59","0.0","","16 oz","16 oz","15950.jpg",,"18"
"9554","Cooking Needs","Frozen Food","Frozen Meal","Marie Callender's","Marie Callender's Turkey Pot Pie","Marie Callender's Turkey Pot Pie","3.59","0.0","","10 oz","10 oz","15962.jpg",,"18"
"9555","Cooking Needs","Frozen Food","Frozen Meal","Marie Callender's","Marie Callender's Turkey with Stuffing Dinners","Marie Callender's Turkey with Stuffing Dinners","3.59","0.0","","14 oz","14 oz","15895.jpg",,"18"
"9556","Cooking Needs","Frozen Food","Frozen Meal","Market Basket","Market Basket 80 Round Cheese Ravioli","Market Basket 80 Round Cheese Ravioli","2.99","0.0","","24 oz","24 oz","Market Basket.jpg",,"18"
"9557","Cooking Needs","Frozen Food","Frozen Meal","Market Basket","Market Basket Baked Macaroni & Cheese","Market Basket Baked Macaroni & Cheese","5.49","0.0","","32 oz","32 oz","Market Basket.jpg",,"18"
"9558","Cooking Needs","Frozen Food","Frozen Meal","Market Basket","Market Basket Cheese Ravioli","Market Basket Cheese Ravioli","3.69","0.0","","30 oz","30 oz","Market Basket.jpg",,"18"
"9559","Cooking Needs","Frozen Food","Frozen Meal","Market Basket","Market Basket Cheese Tortellini","Market Basket Cheese Tortellini","1.59","0.0","","13 oz","13 oz","Market Basket.jpg",,"18"
"9560","Cooking Needs","Frozen Food","Frozen Meal","Market Basket","Market Basket Ravioli","Market Basket Ravioli","3.69","0.0","","30 oz","30 oz","Market Basket.jpg",,"18"
"9561","Cooking Needs","Frozen Food","Frozen Meal","Market Basket","Rosetto Ravioli Beef","Rosetto Ravioli Beef","7.29","0.0","","25 oz","25 oz","15974.jpg",,"18"
"9562","Cooking Needs","Frozen Food","Frozen Meal","Meridith Farms","Meridith Farms Veggie Burgers","Meridith Farms Veggie Burgers","4.89","0.0","","10 oz","10 oz","Market Basket.jpg",,"18"
"9563","Cooking Needs","Frozen Food","Frozen Meal","Michelina's","Michelina's Authentico Spaghetti & Meatballs","Michelina's Authentico Spaghetti & Meatballs","1.29","0.0","","8.5 oz","8.5 oz","15984.jpg",,"18"
"9564","Cooking Needs","Frozen Food","Frozen Meal","Michelina's","Michelina's Buffalo Style Chicken Snackers","Michelina's Buffalo Style Chicken Snackers","1.29","0.0","","4.5 oz","4.5 oz","2728.jpg",,"18"
"9565","Cooking Needs","Frozen Food","Frozen Meal","Michelina's","Michelina's Chicken Fried Rice","Michelina's Chicken Fried Rice","1.29","0.0","","8 oz","8 oz","2727.jpg",,"18"
"9566","Cooking Needs","Frozen Food","Frozen Meal","Michelina's","Michelina's Creamy Rigatoni with Broccoli & Chicken Frozen Entree","Michelina's Creamy Rigatoni with Broccoli & Chicken Frozen Entree","1.29","0.0","","8 oz","8 oz","2731.jpg",,"18"
"9567","Cooking Needs","Frozen Food","Frozen Meal","Michelina's","Michelina's Fettuccine Alfredo","Michelina's Fettuccine Alfredo","1.29","0.0","","8.5 oz","8.5 oz","2725.jpg",,"18"
"9568","Cooking Needs","Frozen Food","Frozen Meal","Michelina's","Michelina's Fettuccine Alfredo With Chicken And Broccoli","Michelina's Fettuccine Alfredo With Chicken And Broccoli","1.29","0.0","","8 oz","8 oz","2724.jpg",,"18"
"9569","Cooking Needs","Frozen Food","Frozen Meal","Michelina's","Michelina's Lasagna with Meat Sauce Frozen Entree","Michelina's Lasagna with Meat Sauce Frozen Entree","1.29","0.0","","8.5 oz","8.5 oz","2723.jpg",,"18"
"9570","Cooking Needs","Frozen Food","Frozen Meal","Michelina's","Michelina's Lean Gourmet Salisbury Steak with Mashed Potatoes & Gravy Frozen","Michelina's Lean Gourmet Salisbury Steak with Mashed Potatoes & Gravy Frozen","1.29","0.0","","7.5 oz","7.5 oz","2730.jpg",,"18"
"9571","Cooking Needs","Frozen Food","Frozen Meal","Michelina's","Michelina's Macaroni & Cheese","Michelina's Macaroni & Cheese","1.29","0.0","","8 oz","8 oz","2726.jpg",,"18"
"9572","Cooking Needs","Frozen Food","Frozen Meal","Michelina's","Michelina's Pasta with Vegetables in Light Alfredo Sauce Penne Primavera","Michelina's Pasta with Vegetables in Light Alfredo Sauce Penne Primavera","1.29","0.0","","8 oz","8 oz","2734.jpg",,"18"
"9573","Cooking Needs","Frozen Food","Frozen Meal","Michelina's","Michelina's Pop'n Chicken","Michelina's Pop'n Chicken","1.29","0.0","","4.5 oz","4.5 oz","2729.jpg",,"18"
"9574","Cooking Needs","Frozen Food","Frozen Meal","Michelina's","Michelina's Salisbury Steak With Mashed Potatoes & Gravy","Michelina's Salisbury Steak With Mashed Potatoes & Gravy","1.29","0.0","","8 oz","8 oz","2736.jpg",,"18"
"9575","Cooking Needs","Frozen Food","Frozen Meal","Michelina's","Michelina's Sweet & Sour Chicken","Michelina's Sweet & Sour Chicken","1.29","0.0","","8 oz","8 oz","2735.jpg",,"18"
"9576","Cooking Needs","Frozen Food","Frozen Meal","Michelina's","Michelinas Cheese Manicotti","Michelinas Cheese Manicotti","1.29","0.0","","7.5 oz","7.5 oz","15965.jpg",,"18"
"9577","Cooking Needs","Frozen Food","Frozen Meal","Michelina's","Michelinas Chicken Alfredo Florentino","Michelinas Chicken Alfredo Florentino","1.29","0.0","","8 oz","8 oz","15971.jpg",,"18"
"9578","Cooking Needs","Frozen Food","Frozen Meal","Michelina's","Michelinas Macaroni & Cheese","Michelinas Macaroni & Cheese","1.29","0.0","","9 oz","9 oz","15955.jpg",,"18"
"9579","Cooking Needs","Frozen Food","Frozen Meal","Monterey","El Monterey Beef & Bean Burrito","El Monterey Beef & Bean Burrito","4.09","0.0","","2 lb","2 lb","15931.jpg",,"19"
"9580","Cooking Needs","Frozen Food","Frozen Meal","Monterey","El Monterey Beef & Bean Chimichangas","El Monterey Beef & Bean Chimichangas","4.09","0.0","","2 lb","2 lb","15966.jpg",,"19"
"9581","Cooking Needs","Frozen Food","Frozen Meal","Monterey","El Monterey Beef & Bean Red Chili Burritos","El Monterey Beef & Bean Red Chili Burritos","4.09","0.0","","32 oz","32 oz","15957.jpg",,"19"
"9582","Cooking Needs","Frozen Food","Frozen Meal","Monterey","El Monterey Burritos Egg, Sausage & Cheese","El Monterey Burritos Egg, Sausage & Cheese","8.59","0.0","","8 x 36 oz","8 x 36 oz","15922.jpg",,"19"
"9583","Cooking Needs","Frozen Food","Frozen Meal","Monterey","El Monterey Chicken & Cheese Flour Tortillas Taquitos","El Monterey Chicken & Cheese Flour Tortillas Taquitos","8.59","0.0","","21 oz","21 oz","15871.jpg",,"18"
"9584","Cooking Needs","Frozen Food","Frozen Meal","Monterey","El Monterey Chicken Rice & Bean Burritos","El Monterey Chicken Rice & Bean Burritos","4.09","0.0","","8 x 32 oz","8 x 32 oz","17973.jpg",,"19"
"9585","Cooking Needs","Frozen Food","Frozen Meal","Monterey","El Monterey Southwest Chicken Extra Crunchy Taquitos","El Monterey Southwest Chicken Extra Crunchy Taquitos","6.69","0.0","","21 x 24.2 oz","21 x 24.2 oz","15893.jpg",,"18"
"9586","Cooking Needs","Frozen Food","Frozen Meal","Monterey","El Monterey Taquitos Chicken & Cheese","El Monterey Taquitos Chicken & Cheese","6.69","0.0","","21 oz","21 oz","15827.jpg",,"18"
"9587","Cooking Needs","Frozen Food","Frozen Meal","Mrs. Budd's","Mrs. Budd's Chicken Pie with Peas & Carrots Original Refrigerated","Mrs. Budd's Chicken Pie with Peas & Carrots Original Refrigerated","3.49","0.0","","12 oz","12 oz","16008.jpg",,"18"
"9588","Cooking Needs","Frozen Food","Frozen Meal","Mrs. T's","Mrs. T's Four Cheese Medley Pierogies","Mrs. T's Four Cheese Medley Pierogies","2.49","0.0","","12 x 16 oz","12 x 16 oz","15970.jpg",,"18"
"9589","Cooking Needs","Frozen Food","Frozen Meal","Mrs. T's","Mrs. T's Mini Classic Cheddar Pierogies","Mrs. T's Mini Classic Cheddar Pierogies","2.99","0.0","","16 oz","16 oz","15848.jpg",,"18"
"9590","Cooking Needs","Frozen Food","Frozen Meal","Mrs. T's","Mrs. T's Minis Four Cheese Medley Pierogies","Mrs. T's Minis Four Cheese Medley Pierogies","2.49","0.0","","28 x 12.84 oz","28 x 12.84 oz","15989.jpg",,"18"
"9591","Cooking Needs","Frozen Food","Frozen Meal","Mrs. T's","Mrs. T's Mrs Ts Pierogies, Feta & Spinach, Box","Mrs. T's Mrs Ts Pierogies, Feta & Spinach, Box","2.49","0.0","","12 x 16 oz","12 x 16 oz","15935.jpg",,"18"
"9592","Cooking Needs","Frozen Food","Frozen Meal","Mrs. T's","Mrs. T's Pierogies Classic Onion","Mrs. T's Pierogies Classic Onion","2.49","0.0","","16 oz","16 oz","15972.jpg",,"18"
"9593","Cooking Needs","Frozen Food","Frozen Meal","Nestle","Lean Pockets Nestle Roasted Turkey, Bacon & Cheese In Pretzel Bread","Lean Pockets Nestle Roasted Turkey, Bacon & Cheese In Pretzel Bread","2.49","0.0","","2 x 9 oz","2 x 9 oz","15894.jpg",,"18"
"9594","Cooking Needs","Frozen Food","Frozen Meal","On Cor","On Cor Clear Bags Breaded Dinosaur Shaped Chicken Patties Dynosaur Bites","On Cor Clear Bags Breaded Dinosaur Shaped Chicken Patties Dynosaur Bites","5.89","0.0","","1 lb","1 lb","15968.jpg",,"1"
"9595","Cooking Needs","Frozen Food","Frozen Meal","On Cor","On Cor Clear Bags Chicken Strips","On Cor Clear Bags Chicken Strips","5.79","0.0","","36 oz","36 oz","15879.jpg",,"1"
"9596","Cooking Needs","Frozen Food","Frozen Meal","On Cor","On Cor Italiano Lasagna","On Cor Italiano Lasagna","4.29","0.0","","26 oz","26 oz","16007.jpg",,"1"
"9597","Cooking Needs","Frozen Food","Frozen Meal","P.f. Chang's","P.F. Chang's General Changs Chicken Dinner","P.F. Chang's General Changs Chicken Dinner","8.59","0.0","","22 oz","22 oz","15964.jpg",,"18"
"9598","Cooking Needs","Frozen Food","Frozen Meal","P.f. Chang's","P.F. Chang's Mongolian Style Beef Dinner","P.F. Chang's Mongolian Style Beef Dinner","8.59","0.0","","22 oz","22 oz","15963.jpg",,"18"
"9599","Cooking Needs","Frozen Food","Frozen Meal","P.f. Chang's","P.F. Chang's Orange Chicken Dinner","P.F. Chang's Orange Chicken Dinner","8.59","0.0","","22 oz","22 oz","15928.jpg",,"18"
"9600","Cooking Needs","Frozen Food","Frozen Meal","Pede","Pede Jumbo Cheese Round Ravioli","Pede Jumbo Cheese Round Ravioli","1.29","0.0","","13 oz","13 oz","Market Basket.jpg",,"18"
"9601","Cooking Needs","Frozen Food","Frozen Meal","Poppy's","Poppy's Authentic Polish Style Pierogies","Poppy's Authentic Polish Style Pierogies","1.29","0.0","","13 oz","13 oz","Market Basket.jpg",,"18"
"9602","Cooking Needs","Frozen Food","Frozen Meal","Poppy's","Poppy's Pierogies Potato & Onion","Poppy's Pierogies Potato & Onion","1.29","0.0","","13 oz","13 oz","15933.jpg",,"18"
"9603","Cooking Needs","Frozen Food","Frozen Meal","Poppys Perogies","Poppy's Pierogies Potato & Cheddar Cheese","Poppy's Pierogies Potato & Cheddar Cheese","1.29","0.0","","13 oz","13 oz","15890.jpg",,"18"
"9604","Cooking Needs","Frozen Food","Frozen Meal","Red's","Red's Burrito Turkey Sausage Egg & Three Cheese","Red's Burrito Turkey Sausage Egg & Three Cheese","1.89","0.0","","5 oz","5 oz","15906.jpg",,"1"
"9605","Cooking Needs","Frozen Food","Frozen Meal","Sargento","Sargento Off the Block Reduced Fat Mozzarella Traditional Cut Shredded Cheese","Sargento Off the Block Reduced Fat Mozzarella Traditional Cut Shredded Cheese","2.49","0.0","","7 oz","7 oz","15949.jpg",,"1"
"9606","Cooking Needs","Frozen Food","Frozen Meal","Smart Ones","Smart Ones Broccoli & Cheddar Roasted Potatoes","Smart Ones Broccoli & Cheddar Roasted Potatoes","2.49","0.0","","9 oz","9 oz","2668.jpg",,"18"
"9607","Cooking Needs","Frozen Food","Frozen Meal","Smart Ones","Smart Ones Chicken Carbonara Smart Creations","Smart Ones Chicken Carbonara Smart Creations","3.29","0.0","","9.25 oz","9.25 oz","2681.jpg",,"18"
"9608","Cooking Needs","Frozen Food","Frozen Meal","Smart Ones","Smart Ones Creamy Basil Chicken With Broccoli, Frozen Meal","Smart Ones Creamy Basil Chicken With Broccoli, Frozen Meal","3.29","0.0","","9 oz","9 oz","2665.jpg",,"18"
"9609","Cooking Needs","Frozen Food","Frozen Meal","Smart Ones","Smart Ones Fettuccine Alfredo","Smart Ones Fettuccine Alfredo","2.49","0.0","","9.25 oz","9.25 oz","2664.jpg",,"18"
"9610","Cooking Needs","Frozen Food","Frozen Meal","Smart Ones","Smart Ones Homestyle Beef Pot Roast, Frozen Meal","Smart Ones Homestyle Beef Pot Roast, Frozen Meal","3.29","0.0","","9 oz","9 oz","2672.jpg",,"18"
"9611","Cooking Needs","Frozen Food","Frozen Meal","Smart Ones","Smart Ones Homestyle Turkey Breast With Stuffing, Frozen Meal","Smart Ones Homestyle Turkey Breast With Stuffing, Frozen Meal","3.29","0.0","","9 oz","9 oz","2677.jpg",,"18"
"9612","Cooking Needs","Frozen Food","Frozen Meal","Smart Ones","Smart Ones Mini Rigatoni with Vodka Cream Sauce","Smart Ones Mini Rigatoni with Vodka Cream Sauce","3.29","0.0","","9 oz","9 oz","2674.jpg",,"18"
"9613","Cooking Needs","Frozen Food","Frozen Meal","Smart Ones","Smart Ones Pasta with Ricotta and Spinach, Frozen Meal","Smart Ones Pasta with Ricotta and Spinach, Frozen Meal","2.49","0.0","","9 oz","9 oz","2662.jpg",,"18"
"9614","Cooking Needs","Frozen Food","Frozen Meal","Smart Ones","Smart Ones Pasta With Swedish Meatballs, Frozen Meal","Smart Ones Pasta With Swedish Meatballs, Frozen Meal","2.49","0.0","","9.12 oz","9.12 oz","2673.jpg",,"18"
"9615","Cooking Needs","Frozen Food","Frozen Meal","Smart Ones","Smart Ones Sesame Noodles with Vegetables","Smart Ones Sesame Noodles with Vegetables","2.49","0.0","","9 oz","9 oz","2663.jpg",,"18"
"9616","Cooking Needs","Frozen Food","Frozen Meal","Smart Ones","Smart Ones Spaghetti Bolognese","Smart Ones Spaghetti Bolognese","2.49","0.0","","10.25 oz","10.25 oz","2676.jpg",,"18"
"9617","Cooking Needs","Frozen Food","Frozen Meal","Smart Ones","Smart Ones Three Cheese Macaroni","Smart Ones Three Cheese Macaroni","2.49","0.0","","9 oz","9 oz","2669.jpg",,"18"
"9618","Cooking Needs","Frozen Food","Frozen Meal","Smart Ones","Smart Ones Three Cheese Ziti Marinara","Smart Ones Three Cheese Ziti Marinara","2.49","0.0","","9 oz","9 oz","2658.jpg",,"18"
"9619","Cooking Needs","Frozen Food","Frozen Meal","Smart Ones","Smart Ones Weight Watchers Savory Italian Recipes Angel Hair Marinara","Smart Ones Weight Watchers Savory Italian Recipes Angel Hair Marinara","2.49","0.0","","9 oz","9 oz","2659.jpg",,"18"
"9620","Cooking Needs","Frozen Food","Frozen Meal","Smart Ones","Smart Ones Weight Watchers Savory Italian Recipes Chicken Fettucini","Smart Ones Weight Watchers Savory Italian Recipes Chicken Fettucini","3.29","0.0","","9.25 oz","9.25 oz","2671.jpg",,"18"
"9621","Cooking Needs","Frozen Food","Frozen Meal","Smart Ones","Smart Ones Weight Watchers Savory Italian Recipes Chicken Parmesan","Smart Ones Weight Watchers Savory Italian Recipes Chicken Parmesan","3.29","0.0","","10 oz","10 oz","2675.jpg",,"18"
"9622","Cooking Needs","Frozen Food","Frozen Meal","Smart Ones","Smart Ones Weight Watchers Savory Italian Recipes Creamy Rigatoni Broccoli & Chicken","Smart Ones Weight Watchers Savory Italian Recipes Creamy Rigatoni Broccoli & Chicken","2.49","0.0","","9 oz","9 oz","2667.jpg",,"18"
"9623","Cooking Needs","Frozen Food","Frozen Meal","Smart Ones","Smart Ones Weight Watchers Savory Italian Recipes Lasagna Bake With Meat Sauce","Smart Ones Weight Watchers Savory Italian Recipes Lasagna Bake With Meat Sauce","2.49","0.0","","9 oz","9 oz","2680.jpg",,"18"
"9624","Cooking Needs","Frozen Food","Frozen Meal","Smart Ones","Smart Ones Weight Watchers Tasty American Favorites Meatloaf","Smart Ones Weight Watchers Tasty American Favorites Meatloaf","3.29","0.0","","9 oz","9 oz","2660.jpg",,"18"
"9625","Cooking Needs","Frozen Food","Frozen Meal","Smucker's","Smucker's Uncrustables Peanut Butter & Grape Jelly Sandwich","Smucker's Uncrustables Peanut Butter & Grape Jelly Sandwich","3.09","0.0","","4 count","4 count","15929.jpg",,"20"
"9626","Cooking Needs","Frozen Food","Frozen Meal","Stouffer's","Stouffer's CLASSICS Baked Chicken","Stouffer's CLASSICS Baked Chicken","3.59","0.0","","8.875 oz","8.875 oz","2713.jpg",,"18"
"9627","Cooking Needs","Frozen Food","Frozen Meal","Stouffer's","Stouffer's Classics CLASSICS Large Size Stuffed Peppers","Stouffer's Classics CLASSICS Large Size Stuffed Peppers","3.89","0.0","","15.5 oz","15.5 oz","15891.jpg",,"18"
"9628","Cooking Needs","Frozen Food","Frozen Meal","Stouffer's","Stouffer's Classics CLASSICS Lasagna with Meat & Sauce","Stouffer's Classics CLASSICS Lasagna with Meat & Sauce","3.59","0.0","","10.5 oz","10.5 oz","15898.jpg",,"18"
"9629","Cooking Needs","Frozen Food","Frozen Meal","Stouffer's","Stouffer's Classics CLASSICS Meatloaf","Stouffer's Classics CLASSICS Meatloaf","3.59","0.0","","9.88 oz","9.88 oz","15924.jpg",,"18"
"9630","Cooking Needs","Frozen Food","Frozen Meal","Stouffer's","Stouffer's Classics CLASSICS Salisbury Steak","Stouffer's Classics CLASSICS Salisbury Steak","3.59","0.0","","9.63 oz","9.63 oz","15960.jpg",,"18"
"9631","Cooking Needs","Frozen Food","Frozen Meal","Stouffer's","Stouffer's Classics CLASSICS Spaghetti with Meatballs","Stouffer's Classics CLASSICS Spaghetti with Meatballs","3.59","0.0","","12.62 oz","12.62 oz","15907.jpg",,"18"
"9632","Cooking Needs","Frozen Food","Frozen Meal","Stouffer's","Stouffer's CLASSICS Family Size Lasagna with Meat & Sauce","Stouffer's CLASSICS Family Size Lasagna with Meat & Sauce","8.89","0.0","","38 oz","38 oz","2706.jpg",,"18"
"9633","Cooking Needs","Frozen Food","Frozen Meal","Stouffer's","Stouffer's CLASSICS Family Size Stuffed Peppers","Stouffer's CLASSICS Family Size Stuffed Peppers","8.89","0.0","","32 oz","32 oz","2721.jpg",,"18"
"9634","Cooking Needs","Frozen Food","Frozen Meal","Stouffer's","Stouffer's CLASSICS Fettuccini Alfredo","Stouffer's CLASSICS Fettuccini Alfredo","3.59","0.0","","11.5 oz","11.5 oz","2708.jpg",,"18"
"9635","Cooking Needs","Frozen Food","Frozen Meal","Stouffer's","Stouffer's CLASSICS Fried Chicken","Stouffer's CLASSICS Fried Chicken","3.59","0.0","","8.875 oz","8.875 oz","2715.jpg",,"18"
"9636","Cooking Needs","Frozen Food","Frozen Meal","Stouffer's","Stouffer's CLASSICS Large Family Size Lasagna with Meat & Sauce","Stouffer's CLASSICS Large Family Size Lasagna with Meat & Sauce","12.19","0.0","","57 oz","57 oz","2722.jpg",,"18"
"9637","Cooking Needs","Frozen Food","Frozen Meal","Stouffer's","Stouffer's Classics Large Size Macaroni & Cheese","Stouffer's Classics Large Size Macaroni & Cheese","3.89","0.0","","20 oz","20 oz","15916.jpg",,"18"
"9638","Cooking Needs","Frozen Food","Frozen Meal","Stouffer's","Stouffer's Classics Macaroni & Cheese","Stouffer's Classics Macaroni & Cheese","2.99","0.0","","12 oz","12 oz","15877.jpg",,"18"
"9639","Cooking Needs","Frozen Food","Frozen Meal","Stouffer's","Stouffer's CLASSICS Meat Lovers Lasagna Family Size Frozen Meal","Stouffer's CLASSICS Meat Lovers Lasagna Family Size Frozen Meal","7.39","0.0","","34 oz","34 oz","2720.jpg",,"18"
"9640","Cooking Needs","Frozen Food","Frozen Meal","Stouffer's","Stouffer's CLASSICS Party Size Lasagna with Meat & Sauce","Stouffer's CLASSICS Party Size Lasagna with Meat & Sauce","14.69","0.0","","90 oz","90 oz","2719.jpg",,"18"
"9641","Cooking Needs","Frozen Food","Frozen Meal","Stouffer's","Stouffer's CLASSICS Stuffed Pepper","Stouffer's CLASSICS Stuffed Pepper","3.49","0.0","","10 oz","10 oz","2717.jpg",,"18"
"9642","Cooking Needs","Frozen Food","Frozen Meal","Stouffer's","Stouffer's Creamed Chipped Beef","Stouffer's Creamed Chipped Beef","3.59","0.0","","11 oz","11 oz","2703.jpg",,"18"
"9643","Cooking Needs","Frozen Food","Frozen Meal","Stouffer's","Stouffer's Fish Filet","Stouffer's Fish Filet","3.59","0.0","","9 oz","9 oz","2718.jpg",,"18"
"9644","Cooking Needs","Frozen Food","Frozen Meal","Stouffer's","Stouffer's Large Size Meat Lovers Lasagna","Stouffer's Large Size Meat Lovers Lasagna","4.29","0.0","","18 oz","18 oz","2711.jpg",,"18"
"9645","Cooking Needs","Frozen Food","Frozen Meal","Stouffer's","Stouffer's Mac & Cheese Cups","Stouffer's Mac & Cheese Cups","3.29","0.0","","12 oz","12 oz","2714.jpg",,"18"
"9646","Cooking Needs","Frozen Food","Frozen Meal","Stouffer's","Stouffer's Macaroni & Beef","Stouffer's Macaroni & Beef","3.59","0.0","","12.88 oz","12.88 oz","2704.jpg",,"18"
"9647","Cooking Needs","Frozen Food","Frozen Meal","Stouffer's","Stouffer's Macaroni & Cheese","Stouffer's Macaroni & Cheese","6.99","0.0","","40 Oz","40 Oz","2707.jpg",,"18"
"9648","Cooking Needs","Frozen Food","Frozen Meal","Stouffer's","Stouffer's Rigatoni with Chicken & Pesto","Stouffer's Rigatoni with Chicken & Pesto","3.59","0.0","","8.38 oz","8.38 oz","2712.jpg",,"18"
"9649","Cooking Needs","Frozen Food","Frozen Meal","Stouffer's","Stouffer's Spinach Souffl","Stouffer's Spinach Souffl","3.59","0.0","","12 oz","12 oz","2716.jpg",,"18"
"9650","Cooking Needs","Frozen Food","Frozen Meal","Stouffer's","Stouffer's Swedish Meatballs","Stouffer's Swedish Meatballs","3.59","0.0","","11.5 oz","11.5 oz","2709.jpg",,"18"
"9651","Cooking Needs","Frozen Food","Frozen Meal","Stouffer's","Stouffer's Tuna Noodle Casserole","Stouffer's Tuna Noodle Casserole","3.29","0.0","","12 oz","12 oz","2705.jpg",,"18"
"9652","Cooking Needs","Frozen Food","Frozen Meal","Stouffer's","Stouffer's Vegetable Lasagna","Stouffer's Vegetable Lasagna","4.69","0.0","","5 oz","5 oz","2710.jpg",,"18"
"9653","Cooking Needs","Frozen Food","Frozen Meal","Sugar Mountain","Sugar Mountain Diced Butternut Squash","Sugar Mountain Diced Butternut Squash","3.09","0.0","","20 oz","20 oz","Market Basket.jpg",,"18"
"9654","Cooking Needs","Frozen Food","Frozen Meal","Swanson","Swanson's Chicken Pot Pie","Swanson's Chicken Pot Pie","1.09","0.0","","7 oz","7 oz","15930.jpg",,"18"
"9655","Cooking Needs","Frozen Food","Frozen Meal","Swanson","Swanson's Turkey Pot Pie","Swanson's Turkey Pot Pie","1.09","0.0","","7 oz","7 oz","15983.jpg",,"18"
"9656","Cooking Needs","Frozen Food","Frozen Meal","Tabatchnick","Tabatchnick Soup Singles Split Pea","Tabatchnick Soup Singles Split Pea","1.29","0.0","","11 oz","11 oz","15978.jpg",,"18"
"9657","Cooking Needs","Frozen Food","Frozen Meal","Tai Pei","Tai Pei Fried Rice, Chicken, Tub","Tai Pei Fried Rice, Chicken, Tub","4.09","0.0","","11 oz","11 oz","15956.jpg",,"18"
"9658","Cooking Needs","Frozen Food","Frozen Meal","Tai Pei","Tai Pei Sweet & Sour Chicken","Tai Pei Sweet & Sour Chicken","2.79","0.0","","14 oz","14 oz","15902.jpg",,"18"
"9659","Cooking Needs","Frozen Food","Frozen Meal","Tina's","Tina's Burrito Bean & Cheese","Tina's Burrito Bean & Cheese","0.49","0.0","","4 oz","4 oz","15892.jpg",,"19"
"9660","Cooking Needs","Frozen Food","Frozen Meal","Tina's","Tina's Seasoned Ground Beef, Farm Grown Pinto Beans, Onions, And Mild Jalapenos Chimichangas","Tina's Seasoned Ground Beef, Farm Grown Pinto Beans, Onions, And Mild Jalapenos Chimichangas","3.09","0.0","","4 oz","4 oz","15999.jpg",,"18"
"9661","Cooking Needs","Frozen Food","Frozen Meal","Tina's","Tinas Burrito, Beef & Bean/Green Chili","Tinas Burrito, Beef & Bean/Green Chili","0.49","0.0","","4 oz","4 oz","15945.jpg",,"18"
"9662","Cooking Needs","Frozen Food","Frozen Meal","Tina's","Tinas Burrito, Beef & Bean/Red Chili","Tinas Burrito, Beef & Bean/Red Chili","0.49","0.0","","4 oz","4 oz","15914.jpg",,"19"
"9663","Cooking Needs","Frozen Food","Frozen Meal","Tina's","Tinas Burrito, Red Hot Beef","Tinas Burrito, Red Hot Beef","0.49","0.0","","4 oz","4 oz","15881.jpg",,"19"
"9664","Cooking Needs","Frozen Food","Frozen Meal","Tina's","Tinas Burrito, Spicy Beef & Bean","Tinas Burrito, Spicy Beef & Bean","3.09","0.0","","5 oz","5 oz","15997.jpg",,"19"
"9665","Cooking Needs","Frozen Food","Frozen Meal","Weight Watchers","Weight Watchers Classic Favorites Traditional Lasagna with Meat Sauce","Weight Watchers Classic Favorites Traditional Lasagna with Meat Sauce","2.49","0.0","","10.5 oz","10.5 oz","17974.jpg",,"18"
"9666","Cooking Needs","Frozen Food","Frozen Meal","Weight Watchers","Weight Watchers Smart Creations Salisbury Steak","Weight Watchers Smart Creations Salisbury Steak","3.29","0.0","","9 oz","9 oz","16009.jpg",,"18"
"9667","Cooking Needs","Frozen Food","Frozen Meal","Willow Tree","Willow Tree Poultry Farm Chicken Pie Premium White Meat Original Style","Willow Tree Poultry Farm Chicken Pie Premium White Meat Original Style","2.69","0.0","","8 oz","8 oz","15896.jpg",,"18"
"9668","Cooking Needs","Frozen Food","Frozen Meal","Willow Tree","Willow Tree Poultry Farm Chicken Pie Premium White Meat Original Style","Willow Tree Poultry Farm Chicken Pie Premium White Meat Original Style","10.69","0.0","","26 oz","26 oz","15943.jpg",,"18"
"9669","Cooking Needs","Frozen Food","Frozen Meal","Willow Tree","Willow Tree Poultry Farm Chicken Pie Premium White Meat With Classic Vegetables","Willow Tree Poultry Farm Chicken Pie Premium White Meat With Classic Vegetables","10.69","0.0","","26 oz","26 oz","15946.jpg",,"18"
"9670","Cooking Needs","Frozen Food","Frozen Meal","Yankee Trader Seafood","Yankee Trader Seafood Bacon Wrapped Scallops","Yankee Trader Seafood Bacon Wrapped Scallops","8.59","0.0","","10 count","10 count","15958.jpg",,"18"
"9671","Cooking Needs","Frozen Food","Frozen Pizza","Abondanza","Abondanza Italian Style Cheese Pizza","Abondanza Italian Style Cheese Pizza","9.79","0.0","","1 count","1 count","Market Basket.jpg",,"19"
"9672","Cooking Needs","Frozen Food","Frozen Pizza","American Flatbread","American Flatbread Pizza Cheese & Herb","American Flatbread Pizza Cheese & Herb","10.99","0.0","","13.8 oz","13.8 oz","2858.jpg",,"19"
"9673","Cooking Needs","Frozen Food","Frozen Pizza","American Flatbread","American Flatbread Pizza, Basil Pesto & Feta, Tangy","American Flatbread Pizza, Basil Pesto & Feta, Tangy","10.99","0.0","","13.7 oz","13.7 oz","2857.jpg",,"19"
"9674","Cooking Needs","Frozen Food","Frozen Pizza","American Flatbread","American Flatbread Pizza, Tomato Sauce & Three Cheese","American Flatbread Pizza, Tomato Sauce & Three Cheese","10.99","0.0","","15.5 oz","15.5 oz","2859.jpg",,"19"
"9675","Cooking Needs","Frozen Food","Frozen Pizza","American Flatbread","American Flatbread Thin & Crispy Pizza Revolution","American Flatbread Thin & Crispy Pizza Revolution","10.99","0.0","","16.8 oz","16.8 oz","2856.jpg",,"19"
"9676","Cooking Needs","Frozen Food","Frozen Pizza","Amy's","Amy's Spinach Pizza","Amy's Spinach Pizza","7.39","0.0","","14 oz","14 oz","16021.jpg",,"19"
"9677","Cooking Needs","Frozen Food","Frozen Pizza","Celeste","Celeste Pizza For One Deluxe","Celeste Pizza For One Deluxe","1.29","0.0","","5.9 oz","5.9 oz","2823.jpg",,"19"
"9678","Cooking Needs","Frozen Food","Frozen Pizza","Celeste","Celeste Pizza For One Hawaiian","Celeste Pizza For One Hawaiian","1.29","0.0","","5.08 oz","5.08 oz","2822.jpg",,"19"
"9679","Cooking Needs","Frozen Food","Frozen Pizza","Celeste","Celeste Pizza For One Original 4 Cheese","Celeste Pizza For One Original 4 Cheese","1.29","0.0","","5.22 oz","5.22 oz","2818.jpg",,"19"
"9680","Cooking Needs","Frozen Food","Frozen Pizza","Celeste","Celeste Pizza For One Original Cheese","Celeste Pizza For One Original Cheese","1.29","0.0","","5.08 oz","5.08 oz","2816.jpg",,"19"
"9681","Cooking Needs","Frozen Food","Frozen Pizza","Celeste","Celeste Pizza for One Pepperoni Pizza","Celeste Pizza for One Pepperoni Pizza","1.29","0.0","","5 oz","5 oz","2817.jpg",,"19"
"9682","Cooking Needs","Frozen Food","Frozen Pizza","Celeste","Celeste Pizza For One Sausage & Pepperoni Pizza","Celeste Pizza For One Sausage & Pepperoni Pizza","1.29","0.0","","5.5 oz","5.5 oz","2819.jpg",,"19"
"9683","Cooking Needs","Frozen Food","Frozen Pizza","Celeste","Celeste Pizza for One Vegetable Frozen Pizza","Celeste Pizza for One Vegetable Frozen Pizza","1.29","0.0","","5.6 oz","5.6 oz","2824.jpg",,"19"
"9684","Cooking Needs","Frozen Food","Frozen Pizza","Celeste","Celeste Pizza for One Zesty Four Cheese Frozen Pizza","Celeste Pizza for One Zesty Four Cheese Frozen Pizza","1.29","0.0","","5.22 oz","5.22 oz","2820.jpg",,"19"
"9685","Cooking Needs","Frozen Food","Frozen Pizza","Celeste","Celeste Pizza, Sausage","Celeste Pizza, Sausage","1.29","0.0","","5.36 oz","5.36 oz","2825.jpg",,"19"
"9686","Cooking Needs","Frozen Food","Frozen Pizza","Celeste","Celeste Pizza, Suprema","Celeste Pizza, Suprema","1.29","0.0","","5.96 oz","5.96 oz","2821.jpg",,"19"
"9687","Cooking Needs","Frozen Food","Frozen Pizza","Digiorno","DiGiorno Cheese Stuffed Crust Pepperoni Frozen Pizza","DiGiorno Cheese Stuffed Crust Pepperoni Frozen Pizza","3.69","0.0","","8.5 oz","8.5 oz","2799.jpg",,"19"
"9688","Cooking Needs","Frozen Food","Frozen Pizza","Digiorno","DiGiorno Cheese Stuffed Crust Small Three Meat Frozen Pizza","DiGiorno Cheese Stuffed Crust Small Three Meat Frozen Pizza","3.69","0.0","","9.2 oz","9.2 oz","2801.jpg",,"19"
"9689","Cooking Needs","Frozen Food","Frozen Pizza","Digiorno","DiGiorno ITALIAN STYLE FAVORITES Meat Trio Frozen Pizza","DiGiorno ITALIAN STYLE FAVORITES Meat Trio Frozen Pizza","6.69","0.0","","28.7 oz","28.7 oz","2802.jpg",,"19"
"9690","Cooking Needs","Frozen Food","Frozen Pizza","Digiorno","DiGiorno Original Rising Crust Pepperoni Frozen Pizza","DiGiorno Original Rising Crust Pepperoni Frozen Pizza","7.39","0.0","","27.5 oz","27.5 oz","2803.jpg",,"19"
"9691","Cooking Needs","Frozen Food","Frozen Pizza","Digiorno","DiGiorno Original Rising Crust Supreme Frozen Pizza","DiGiorno Original Rising Crust Supreme Frozen Pizza","3.09","0.0","","31.5 oz","31.5 oz","2797.jpg",,"19"
"9692","Cooking Needs","Frozen Food","Frozen Pizza","Digiorno","DiGiorno Pizzeria! Supreme Speciale Pizza","DiGiorno Pizzeria! Supreme Speciale Pizza","6.69","0.0","","21.3 oz","21.3 oz","2805.jpg",,"19"
"9693","Cooking Needs","Frozen Food","Frozen Pizza","Digiorno","DiGiorno Rising Crust Pizza Three Meat","DiGiorno Rising Crust Pizza Three Meat","6.69","0.0","","30.5 oz","30.5 oz","Market Basket.jpg",,"19"
"9694","Cooking Needs","Frozen Food","Frozen Pizza","Digiorno","DiGiorno Small Four Cheese Traditional Crust Frozen Pizza","DiGiorno Small Four Cheese Traditional Crust Frozen Pizza","3.69","0.0","","9.2 oz","9.2 oz","2798.jpg",,"19"
"9695","Cooking Needs","Frozen Food","Frozen Pizza","Digiorno","DiGiorno Small Pepperoni Traditional Crust Frozen Pizza","DiGiorno Small Pepperoni Traditional Crust Frozen Pizza","4.09","0.0","","9.3 oz","9.3 oz","2800.jpg",,"19"
"9696","Cooking Needs","Frozen Food","Frozen Pizza","Digiorno","DiGiorno Supreme Speciale Thin Hand Tossed Style Crust Frozen Pizza","DiGiorno Supreme Speciale Thin Hand Tossed Style Crust Frozen Pizza","7.39","0.0","","18.8 oz","18.8 oz","2806.jpg",,"19"
"9697","Cooking Needs","Frozen Food","Frozen Pizza","Digiorno","DiGiorno Supreme Traditional Crust Frozen Pizza","DiGiorno Supreme Traditional Crust Frozen Pizza","3.69","0.0","","10 oz","10 oz","2804.jpg",,"19"
"9698","Cooking Needs","Frozen Food","Frozen Pizza","Dr. Oetker","Dr. Oetker Virtuoso Pizza Thin + Crispy Crust Vegetable Medley","Dr. Oetker Virtuoso Pizza Thin + Crispy Crust Vegetable Medley","4.89","0.0","","13.6 oz","13.6 oz","16024.jpg",,"19"
"9699","Cooking Needs","Frozen Food","Frozen Pizza","Dr. Oetker","Dr. Oetker Virtuoso Thin + Crispy Crust Pizza Four Cheese","Dr. Oetker Virtuoso Thin + Crispy Crust Pizza Four Cheese","4.89","0.0","","12 oz","12 oz","16026.jpg",,"19"
"9700","Cooking Needs","Frozen Food","Frozen Pizza","Dragonfly","Dragonfly Instant Green Curry Paste","Dragonfly Instant Green Curry Paste","2.19","0.0","","8 oz","8 oz","Market Basket.jpg",,"19"
"9701","Cooking Needs","Frozen Food","Frozen Pizza","Ellio's","Ellio's Pizza Cheese","Ellio's Pizza Cheese","3.29","0.0","","9 x 18.3 oz","9 x 18.3 oz","2846.jpg",,"19"
"9702","Cooking Needs","Frozen Food","Frozen Pizza","Ellio's","Ellio's Pizza Five Cheese 9 CT","Ellio's Pizza Five Cheese 9 CT","3.29","0.0","","18.3 oz","18.3 oz","2848.jpg",,"19"
"9703","Cooking Needs","Frozen Food","Frozen Pizza","Ellio's","Ellio's Pizza Italian Sausage & Pepperoni 9 CT","Ellio's Pizza Italian Sausage & Pepperoni 9 CT","3.29","0.0","","18.9 oz","18.9 oz","2849.jpg",,"19"
"9704","Cooking Needs","Frozen Food","Frozen Pizza","Ellio's","Ellio's Pizza Pepperoni","Ellio's Pizza Pepperoni","3.29","0.0","","9 x 18.oz","9 x 18.oz","2847.jpg",,"19"
"9705","Cooking Needs","Frozen Food","Frozen Pizza","Ellio's","Ellio's Pizza Supreme 9 CT","Ellio's Pizza Supreme 9 CT","3.29","0.0","","19.64 oz","19.64 oz","2850.jpg",,"19"
"9706","Cooking Needs","Frozen Food","Frozen Pizza","Freschetta","Freschetta Brick Oven Crust Meat Medley Pizza","Freschetta Brick Oven Crust Meat Medley Pizza","4.89","0.0","","23.09 oz","23.09 oz","2826.jpg",,"19"
"9707","Cooking Needs","Frozen Food","Frozen Pizza","Freschetta","Freschetta Naturally Rising Crust Canadian Style Bacon & Pineapple Pizza","Freschetta Naturally Rising Crust Canadian Style Bacon & Pineapple Pizza","5.49","0.0","","27.51 oz","27.51 oz","17976.jpg",,"19"
"9708","Cooking Needs","Frozen Food","Frozen Pizza","Freschetta","Freschetta Naturally Rising Crust Four Cheese Pizza","Freschetta Naturally Rising Crust Four Cheese Pizza","5.49","0.0","","26.11 oz","26.11 oz","2827.jpg",,"19"
"9709","Cooking Needs","Frozen Food","Frozen Pizza","Freschetta","Freschetta Naturally Rising Crust Four Meat Pizza","Freschetta Naturally Rising Crust Four Meat Pizza","4.89","0.0","","28.83 oz","28.83 oz","2833.jpg",,"19"
"9710","Cooking Needs","Frozen Food","Frozen Pizza","Freschetta","Freschetta Naturally Rising Crust Pepperoni Pizza","Freschetta Naturally Rising Crust Pepperoni Pizza","6.09","0.0","","27.35 oz","27.35 oz","2830.jpg",,"19"
"9711","Cooking Needs","Frozen Food","Frozen Pizza","Freschetta","Freschetta Naturally Rising Crust Supreme Pizza","Freschetta Naturally Rising Crust Supreme Pizza","5.49","0.0","","30.88 oz","30.88 oz","2831.jpg",,"19"
"9712","Cooking Needs","Frozen Food","Frozen Pizza","Freschetta","Freschetta Kitchen Fresh Pizza Brick Oven Crust Five Cheese","Freschetta Kitchen Fresh Pizza Brick Oven Crust Five Cheese","5.49","0.0","","20.28 oz","20.28 oz","2828.jpg",,"19"
"9713","Cooking Needs","Frozen Food","Frozen Pizza","Lean Cuisine","Lean Cuisine COMFORT Four Cheese Pizza","Lean Cuisine COMFORT Four Cheese Pizza","3.09","0.0","","6 oz","6 oz","2841.jpg",,"19"
"9714","Cooking Needs","Frozen Food","Frozen Pizza","Lean Cuisine","Lean Cuisine COMFORT Pepperoni Pizza","Lean Cuisine COMFORT Pepperoni Pizza","3.09","0.0","","6 oz","6 oz","2844.jpg",,"19"
"9715","Cooking Needs","Frozen Food","Frozen Pizza","Lean Cuisine","Lean Cuisine COMFORT Thin Crust BBQ Recipe Chicken Pizza","Lean Cuisine COMFORT Thin Crust BBQ Recipe Chicken Pizza","3.09","0.0","","6 oz","6 oz","2843.jpg",,"19"
"9716","Cooking Needs","Frozen Food","Frozen Pizza","Lean Cuisine","Lean Cuisine Craveables Supreme Pizza","Lean Cuisine Craveables Supreme Pizza","3.09","0.0","","6 oz","6 oz","2845.jpg",,"19"
"9717","Cooking Needs","Frozen Food","Frozen Pizza","Market Basket","Market Basket Bake And Rise Cheese Pizza","Market Basket Bake And Rise Cheese Pizza","4.89","0.0","","28.2 oz","28.2 oz","Market Basket.jpg",,"19"
"9718","Cooking Needs","Frozen Food","Frozen Pizza","Market Basket","Market Basket Bake And Rise Pepperoni Pizza","Market Basket Bake And Rise Pepperoni Pizza","4.89","0.0","","28.3 oz","28.3 oz","Market Basket.jpg",,"19"
"9719","Cooking Needs","Frozen Food","Frozen Pizza","Market Basket","Market Basket Bake And Rise Supreme Pizza","Market Basket Bake And Rise Supreme Pizza","4.89","0.0","","32.7 oz","32.7 oz","Market Basket.jpg",,"19"
"9720","Cooking Needs","Frozen Food","Frozen Pizza","Market Basket","Market Basket Cheese Pizza","Market Basket Cheese Pizza","2.49","0.0","","8 oz","8 oz","Market Basket.jpg",,"19"
"9721","Cooking Needs","Frozen Food","Frozen Pizza","Market Basket","Market Basket Individual Sliced Cheese Pizza","Market Basket Individual Sliced Cheese Pizza","2.99","0.0","","18.3 oz","18.3 oz","Market Basket.jpg",,"19"
"9722","Cooking Needs","Frozen Food","Frozen Pizza","Market Basket","Market Basket Thin & Crispy Pizza Crusts","Market Basket Thin & Crispy Pizza Crusts","3.69","0.0","","16 oz","16 oz","Market Basket.jpg",,"19"
"9723","Cooking Needs","Frozen Food","Frozen Pizza","Market Basket","Market Basket Wheat Pizza Dough","Market Basket Wheat Pizza Dough","1.59","0.0","","18.5 oz","18.5 oz","Market Basket.jpg",,"19"
"9724","Cooking Needs","Frozen Food","Frozen Pizza","Market Basket","Market Basket Wheat Pizza Dough","Market Basket Wheat Pizza Dough","1.59","0.0","","18.5 oz","18.5 oz","Market Basket.jpg",,"19"
"9725","Cooking Needs","Frozen Food","Frozen Pizza","Mystic Pizza","Mystic Pizza Buffalo Style Chicken Pizza","Mystic Pizza Buffalo Style Chicken Pizza","5.99","0.0","","22.25 oz","22.25 oz","Market Basket.jpg",,"19"
"9726","Cooking Needs","Frozen Food","Frozen Pizza","Newman's Own","Newman's Own All Natural Pizza Thin & Crispy Buffalo Style Chicken","Newman's Own All Natural Pizza Thin & Crispy Buffalo Style Chicken","6.09","0.0","","14 oz","14 oz","2812.jpg",,"19"
"9727","Cooking Needs","Frozen Food","Frozen Pizza","Newman's Own","Newman's Own All Natural Thin & Crispy White Pizza","Newman's Own All Natural Thin & Crispy White Pizza","6.09","0.0","","12.1 oz","12.1 oz","2810.jpg",,"19"
"9728","Cooking Needs","Frozen Food","Frozen Pizza","Newman's Own","Newman's Own Pizza, Classic Medium Crust, Four Cheese","Newman's Own Pizza, Classic Medium Crust, Four Cheese","6.09","0.0","","19 oz","19 oz","2815.jpg",,"19"
"9729","Cooking Needs","Frozen Food","Frozen Pizza","Newman's Own","Newman's Own Thin & Crispy Four Cheese Pizza","Newman's Own Thin & Crispy Four Cheese Pizza","6.09","0.0","","13.3 oz","13.3 oz","2808.jpg",,"19"
"9730","Cooking Needs","Frozen Food","Frozen Pizza","Newman's Own","Newman's Own Thin & Crispy Pizza Margherita","Newman's Own Thin & Crispy Pizza Margherita","6.09","0.0","","13.9 oz","13.9 oz","2813.jpg",,"19"
"9731","Cooking Needs","Frozen Food","Frozen Pizza","Newman's Own","Newman's Own Thin & Crispy Pizza Supreme","Newman's Own Thin & Crispy Pizza Supreme","6.09","0.0","","14.7 oz","14.7 oz","2811.jpg",,"19"
"9732","Cooking Needs","Frozen Food","Frozen Pizza","Newman's Own","Newman's Own Thin & Crispy Pizza Uncured Pepperoni","Newman's Own Thin & Crispy Pizza Uncured Pepperoni","6.09","0.0","","13.2 oz","13.2 oz","2807.jpg",,"19"
"9733","Cooking Needs","Frozen Food","Frozen Pizza","Newman's Own","Newman's Own Thin and Crispy Pizza Four Cheese","Newman's Own Thin and Crispy Pizza Four Cheese","6.09","0.0","","16 oz","16 oz","2809.jpg",,"19"
"9734","Cooking Needs","Frozen Food","Frozen Pizza","Red Baron","Red Baron Classic Crust Four Cheese Pizza","Red Baron Classic Crust Four Cheese Pizza","4.89","0.0","","20.66 oz","20.66 oz","17975.jpg",,"19"
"9735","Cooking Needs","Frozen Food","Frozen Pizza","Red Baron","Red Baron Classic Crust Pizza Pepperoni","Red Baron Classic Crust Pizza Pepperoni","4.89","0.0","","20.6 oz","20.6 oz","2837.jpg",,"19"
"9736","Cooking Needs","Frozen Food","Frozen Pizza","Red Baron","Red Baron Classic Crust Supreme Pizza","Red Baron Classic Crust Supreme Pizza","4.89","0.0","","23.45 oz","23.45 oz","2839.jpg",,"19"
"9737","Cooking Needs","Frozen Food","Frozen Pizza","Red Baron","Red Baron Singles Deep Dish Cheese Pizza","Red Baron Singles Deep Dish Cheese Pizza","4.89","0.0","","11.2 oz","11.2 oz","2835.jpg",,"19"
"9738","Cooking Needs","Frozen Food","Frozen Pizza","Red Baron","Red Baron Singles Deep Dish Pepperoni Pizza","Red Baron Singles Deep Dish Pepperoni Pizza","4.89","0.0","","12 oz","12 oz","2838.jpg",,"19"
"9739","Cooking Needs","Frozen Food","Frozen Pizza","Red Baron","Red Baron Singles Deep Dish Supreme Pizza","Red Baron Singles Deep Dish Supreme Pizza","4.89","0.0","","12 oz","12 oz","2836.jpg",,"19"
"9740","Cooking Needs","Frozen Food","Frozen Pizza","Red Baron","Red Baron Thin & Crispy Crust Supreme Thin & Crispy Crust Supreme Pizza","Red Baron Thin & Crispy Crust Supreme Thin & Crispy Crust Supreme Pizza","4.89","0.0","","17.46 oz","17.46 oz","2840.jpg",,"19"
"9741","Cooking Needs","Frozen Food","Frozen Pizza","Screamin Sicillian","Screamin' Sicilian Pizza, Cheese, Bessie's Revenge, I'm Single, Box","Screamin' Sicilian Pizza, Cheese, Bessie's Revenge, I'm Single, Box","3.69","0.0","","9.1 oz","9.1 oz","16015.jpg",,"19"
"9742","Cooking Needs","Frozen Food","Frozen Pizza","Smart Ones","Smart Ones Savory Italian Recipes Thin Crust Cheese Pizza","Smart Ones Savory Italian Recipes Thin Crust Cheese Pizza","2.49","0.0","","4.4 oz","4.4 oz","16028.jpg",,"19"
"9743","Cooking Needs","Frozen Food","Frozen Pizza","Stouffer's","Stouffer's Cheese Pizza","Stouffer's Cheese Pizza","3.09","0.0","","10.38 oz","10.38 oz","16013.jpg",,"19"
"9744","Cooking Needs","Frozen Food","Frozen Pizza","Stouffer's","Stouffer's FRENCH BREAD PIZZA Deluxe Pizza","Stouffer's FRENCH BREAD PIZZA Deluxe Pizza","3.09","0.0","","12.38 oz","12.38 oz","16025.jpg",,"19"
"9745","Cooking Needs","Frozen Food","Frozen Pizza","Stouffer's","Stouffer's FRENCH BREAD PIZZA Pepperoni Pizza","Stouffer's FRENCH BREAD PIZZA Pepperoni Pizza","3.09","0.0","","11.25 oz","11.25 oz","16017.jpg",,"19"
"9746","Cooking Needs","Frozen Food","Frozen Pizza","Stouffer's","Stouffer's FRENCH BREAD PIZZA Three Meat Pizza","Stouffer's FRENCH BREAD PIZZA Three Meat Pizza","3.09","0.0","","12.5 oz","12.5 oz","16022.jpg",,"19"
"9747","Cooking Needs","Frozen Food","Frozen Pizza","Tony's","Tony's Cheese Pizza","Tony's Cheese Pizza","3.09","0.0","","14.45 oz","14.45 oz","2853.jpg",,"19"
"9748","Cooking Needs","Frozen Food","Frozen Pizza","Tony's","Tony's Pizzeria Style Crust Cheese Pizza","Tony's Pizzeria Style Crust Cheese Pizza","3.69","0.0","","18.9 oz","18.9 oz","17978.jpg",,"19"
"9749","Cooking Needs","Frozen Food","Frozen Pizza","Tony's","Tony's Pizzeria Style Crust Pepperoni Pizza","Tony's Pizzeria Style Crust Pepperoni Pizza","3.69","0.0","","18.56 oz","18.56 oz","17977.jpg",,"19"
"9750","Cooking Needs","Frozen Food","Frozen Pizza","Tony's","Tony's Pizzeria Style Crust Pizza Pepperoni","Tony's Pizzeria Style Crust Pizza Pepperoni","3.69","0.0","","14.82 oz","14.82 oz","2855.jpg",,"19"
"9751","Cooking Needs","Frozen Food","Frozen Pizza","Tony's","Tony's Pizzeria Style Crust Supreme Pizza","Tony's Pizzeria Style Crust Supreme Pizza","3.69","0.0","","20.6 oz","20.6 oz","17979.jpg",,"19"
"9752","Cooking Needs","Frozen Food","Frozen Pizza","Totino's","Totino's Cheese Pizza Rolls","Totino's Cheese Pizza Rolls","4.99","0.0","","23.7 oz","23.7 oz","16019.jpg",,"19"
"9753","Cooking Needs","Frozen Food","Frozen Pizza","Totino's","Totino's Pepperoni and Bacon Pizzs Snacks","Totino's Pepperoni and Bacon Pizzs Snacks","3.89","0.0","","40 x 19.8 oz","40 x 19.8 oz","16020.jpg",,"19"
"9754","Cooking Needs","Frozen Food","Frozen Pizza","Virtuoso","Virtuoso Pizza Thin + Crispy Crust Mozzarella & Pesto","Virtuoso Pizza Thin + Crispy Crust Mozzarella & Pesto","4.89","0.0","","11.5 oz","11.5 oz","16018.jpg",,"19"
"9755","Cooking Needs","Frozen Food","Frozen Pizza","Virtuoso","Virtuoso Pizza Thin + Crispy Crust Mushroom","Virtuoso Pizza Thin + Crispy Crust Mushroom","4.89","0.0","","12.9 oz","12.9 oz","16014.jpg",,"19"
"9756","Cooking Needs","Frozen Food","Frozen Pizza","Virtuoso","Virtuoso Pizza Thin + Crispy Crust Pepperoni & Ham","Virtuoso Pizza Thin + Crispy Crust Pepperoni & Ham","4.89","0.0","","11.6 oz","11.6 oz","16023.jpg",,"19"
"9757","Cooking Needs","Frozen Food","Frozen Pizza","Virtuoso","Virtuoso Pizza Thin + Crispy Crust Signature Spinach","Virtuoso Pizza Thin + Crispy Crust Signature Spinach","4.89","0.0","","13.8 oz","13.8 oz","16016.jpg",,"19"
"9758","Cooking Needs","Frozen Food","Frozen Produce","Birds Eye","Birds Eye & Cheese Sauce Broccoli","Birds Eye & Cheese Sauce Broccoli","1.69","0.0","","10 oz","10 oz","2431.jpg",,"19"
"9759","Cooking Needs","Frozen Food","Frozen Produce","Birds Eye","Birds Eye Bird's Eye Steamfresh Broccoli Florets","Birds Eye Bird's Eye Steamfresh Broccoli Florets","2.69","0.0","","10.8 oz","10.8 oz","2418.jpg",,"19"
"9760","Cooking Needs","Frozen Food","Frozen Produce","Birds Eye","Birds Eye Broccoli Florets Carrots & Water Chestnuts","Birds Eye Broccoli Florets Carrots & Water Chestnuts","2.49","0.0","","1 lb","1 lb","17926.jpg",,"19"
"9761","Cooking Needs","Frozen Food","Frozen Produce","Birds Eye","Birds Eye Broccoli Florets, Cauliflower & Carrots","Birds Eye Broccoli Florets, Cauliflower & Carrots","2.49","0.0","","1 lb","1 lb","2423.jpg",,"19"
"9762","Cooking Needs","Frozen Food","Frozen Produce","Birds Eye","Birds Eye Broccoli Stir Fry","Birds Eye Broccoli Stir Fry","2.49","0.0","","14.4 oz","14.4 oz","2419.jpg",,"19"
"9763","Cooking Needs","Frozen Food","Frozen Produce","Birds Eye","Birds Eye Chef's Favorites with Oven Roasted Garlic Butter Sauce Rotini & Vegetables","Birds Eye Chef's Favorites with Oven Roasted Garlic Butter Sauce Rotini & Vegetables","2.09","0.0","","12 oz","12 oz","2432.jpg",,"19"
"9764","Cooking Needs","Frozen Food","Frozen Produce","Birds Eye","Birds Eye Chopped Spinach","Birds Eye Chopped Spinach","1.49","0.0","","10 oz","10 oz","2425.jpg",,"19"
"9765","Cooking Needs","Frozen Food","Frozen Produce","Birds Eye","Birds Eye Creamed Spinach","Birds Eye Creamed Spinach","1.69","0.0","","9 oz","9 oz","2434.jpg",,"19"
"9766","Cooking Needs","Frozen Food","Frozen Produce","Birds Eye","Birds Eye Gold & White Corn","Birds Eye Gold & White Corn","2.49","0.0","","14 oz","14 oz","2435.jpg",,"19"
"9767","Cooking Needs","Frozen Food","Frozen Produce","Birds Eye","Birds Eye Leaf Spinach","Birds Eye Leaf Spinach","1.49","0.0","","10 oz","10 oz","15764.jpg",,"19"
"9768","Cooking Needs","Frozen Food","Frozen Produce","Birds Eye","Birds Eye Southland Butternut Squash","Birds Eye Southland Butternut Squash","1.99","0.0","","12 oz","12 oz","2420.jpg",,"19"
"9769","Cooking Needs","Frozen Food","Frozen Produce","Birds Eye","Birds Eye Steamfresh Broccoli Carrots Sugar Snap Peas & Water Chestnuts","Birds Eye Steamfresh Broccoli Carrots Sugar Snap Peas & Water Chestnuts","2.49","0.0","","12 oz","12 oz","2464.jpg",,"19"
"9770","Cooking Needs","Frozen Food","Frozen Produce","Birds Eye","Birds Eye Steamfresh Broccoli Cauliflower & Carrots","Birds Eye Steamfresh Broccoli Cauliflower & Carrots","2.49","0.0","","12 oz","12 oz","2468.jpg",,"19"
"9771","Cooking Needs","Frozen Food","Frozen Produce","Birds Eye","Birds Eye Steamfresh Broccoli Florets","Birds Eye Steamfresh Broccoli Florets","2.69","0.0","","12 oz","12 oz","2470.jpg",,"19"
"9772","Cooking Needs","Frozen Food","Frozen Produce","Birds Eye","Birds Eye Steamfresh Brussels Sprouts","Birds Eye Steamfresh Brussels Sprouts","3.69","0.0","","12 oz","12 oz","2466.jpg",,"19"
"9773","Cooking Needs","Frozen Food","Frozen Produce","Birds Eye","Birds Eye Steamfresh Chef's Favorites Garlic Baby Peas & Mushrooms","Birds Eye Steamfresh Chef's Favorites Garlic Baby Peas & Mushrooms","3.59","0.0","","10.8 oz","10.8 oz","2469.jpg",,"19"
"9774","Cooking Needs","Frozen Food","Frozen Produce","Birds Eye","Birds Eye Steamfresh Chef's Favorites Lightly Sauced Broccoli, Cauliflower, Carrots with Cheese Sauce","Birds Eye Steamfresh Chef's Favorites Lightly Sauced Broccoli, Cauliflower, Carrots with Cheese Sauce","2.09","0.0","","12 oz","12 oz","2433.jpg",,"19"
"9775","Cooking Needs","Frozen Food","Frozen Produce","Birds Eye","Birds Eye Steamfresh Chef's Favorites Lightly Sauced Roasted Red Potatoes with Oven Roasted Garlic Butter Sauce Vegetables","Birds Eye Steamfresh Chef's Favorites Lightly Sauced Roasted Red Potatoes with Oven Roasted Garlic Butter Sauce Vegetables","2.09","0.0","","11 oz","11 oz","2467.jpg",,"19"
"9776","Cooking Needs","Frozen Food","Frozen Produce","Birds Eye","Birds Eye Steamfresh Chef's Favorites Lightly Sauced Rotini & Vegetables","Birds Eye Steamfresh Chef's Favorites Lightly Sauced Rotini & Vegetables","2.39","0.0","","11 oz","11 oz","2422.jpg",,"19"
"9777","Cooking Needs","Frozen Food","Frozen Produce","Birds Eye","Birds Eye Steamfresh Chef's Favorites Lightly Seasoned Southwestern Corn","Birds Eye Steamfresh Chef's Favorites Lightly Seasoned Southwestern Corn","2.09","0.0","","12 oz","12 oz","2463.jpg",,"19"
"9778","Cooking Needs","Frozen Food","Frozen Produce","Birds Eye","Birds Eye Steamfresh Chef's Favorites with Alfredo Sauce Penne & Vegetables","Birds Eye Steamfresh Chef's Favorites with Alfredo Sauce Penne & Vegetables","2.09","0.0","","12 oz","12 oz","2465.jpg",,"19"
"9779","Cooking Needs","Frozen Food","Frozen Produce","Birds Eye","Birds Eye Steamfresh Premium Sugar Snap Peas","Birds Eye Steamfresh Premium Sugar Snap Peas","2.49","0.0","","10 oz","10 oz","2424.jpg",,"19"
"9780","Cooking Needs","Frozen Food","Frozen Produce","Birds Eye","Birds Eye Steamfresh Roasted Red Potatoes with Chive Butter Sauce Vegetables","Birds Eye Steamfresh Roasted Red Potatoes with Chive Butter Sauce Vegetables","2.49","0.0","","12 oz","12 oz","2462.jpg",,"19"
"9781","Cooking Needs","Frozen Food","Frozen Produce","Birds Eye","Birds Eye Steamfresh Singles Super Sweet Corn","Birds Eye Steamfresh Singles Super Sweet Corn","2.99","0.0","","3.25 oz","3.25 oz","2436.jpg",,"19"
"9782","Cooking Needs","Frozen Food","Frozen Produce","Birds Eye","Birds Eye Steamfresh Singles Sweet Peas","Birds Eye Steamfresh Singles Sweet Peas","3.69","0.0","","3.25 oz","3.25 oz","2437.jpg",,"19"
"9783","Cooking Needs","Frozen Food","Frozen Produce","Birds Eye","Birds Eye Steamfresh Super Sweet Corn","Birds Eye Steamfresh Super Sweet Corn","1.29","0.0","","10.8 oz","10.8 oz","2460.jpg",,"19"
"9784","Cooking Needs","Frozen Food","Frozen Produce","Birds Eye","Birds Eye Steamfresh Super Sweet Corn","Birds Eye Steamfresh Super Sweet Corn","2.49","0.0","","19 oz","19 oz","2473.jpg",,"19"
"9785","Cooking Needs","Frozen Food","Frozen Produce","Birds Eye","Birds Eye Steamfresh Sweet Peas","Birds Eye Steamfresh Sweet Peas","2.09","0.0","","19 oz","19 oz","2471.jpg",,"19"
"9786","Cooking Needs","Frozen Food","Frozen Produce","Birds Eye","Birds Eye Steamfresh Whole Green Beans","Birds Eye Steamfresh Whole Green Beans","2.49","0.0","","12 oz","12 oz","2461.jpg",,"19"
"9787","Cooking Needs","Frozen Food","Frozen Produce","Birds Eye","Birds Eye Sugar Snap Stir Fry","Birds Eye Sugar Snap Stir Fry","2.49","0.0","","14.4 oz","14.4 oz","2430.jpg",,"19"
"9788","Cooking Needs","Frozen Food","Frozen Produce","Birds Eye","Birds Eye Sweet Garden Peas","Birds Eye Sweet Garden Peas","1.69","0.0","","13 oz","13 oz","2429.jpg",,"19"
"9789","Cooking Needs","Frozen Food","Frozen Produce","Birds Eye","Birds Eye Sweet Garden Peas","Birds Eye Sweet Garden Peas","1.69","0.0","","14.4 oz","14.4 oz","2421.jpg",,"19"
"9790","Cooking Needs","Frozen Food","Frozen Produce","Birds Eye","Birds Eye Sweet Kernel Corn","Birds Eye Sweet Kernel Corn","1.89","0.0","","14.4 oz","14.4 oz","2426.jpg",,"19"
"9791","Cooking Needs","Frozen Food","Frozen Produce","Birds Eye","Birds Eye Sweet Mini Corn On The Cob","Birds Eye Sweet Mini Corn On The Cob","4.29","0.0","","12 count","12 count","2427.jpg",,"19"
"9792","Cooking Needs","Frozen Food","Frozen Produce","Birds Eye","Birds Eye Veggie Made Mashed Cauliflower Roasted Garlic","Birds Eye Veggie Made Mashed Cauliflower Roasted Garlic","3.89","0.0","","12 oz","12 oz","2416.jpg",,"19"
"9793","Cooking Needs","Frozen Food","Frozen Produce","Cascadian Farm","Cascadian Farm Organic Broccoli Florets","Cascadian Farm Organic Broccoli Florets","3.09","0.0","","10 oz","10 oz","2483.jpg",,"19"
"9794","Cooking Needs","Frozen Food","Frozen Produce","Cascadian Farm","Cascadian Farm Organic Cut Green Beans","Cascadian Farm Organic Cut Green Beans","3.09","0.0","","16 oz","16 oz","2484.jpg",,"19"
"9795","Cooking Needs","Frozen Food","Frozen Produce","Cascadian Farm","Cascadian Farm Premium Organic Strawberries","Cascadian Farm Premium Organic Strawberries","4.89","0.0","","10 oz","10 oz","2482.jpg",,"19"
"9796","Cooking Needs","Frozen Food","Frozen Produce","Dole","Dole Dark Sweet Cherries","Dole Dark Sweet Cherries","3.69","0.0","","12 oz","12 oz","2481.jpg",,"19"
"9797","Cooking Needs","Frozen Food","Frozen Produce","Dole","Dole Dippers Dark Chocolate Banana Slices","Dole Dippers Dark Chocolate Banana Slices","4.09","0.0","","6 x 1.55 oz","6 x 1.55 oz","2479.jpg",,"19"
"9798","Cooking Needs","Frozen Food","Frozen Produce","Dole","Dole Mango Chunks","Dole Mango Chunks","6.09","0.0","","16 oz","16 oz","2475.jpg",,"19"
"9799","Cooking Needs","Frozen Food","Frozen Produce","Dole","Dole Mixed Fruit","Dole Mixed Fruit","3.69","0.0","","16 oz","16 oz","2480.jpg",,"19"
"9800","Cooking Needs","Frozen Food","Frozen Produce","Dole","Dole Sliced Frozen Strawberries","Dole Sliced Frozen Strawberries","3.69","0.0","","14 oz","14 oz","2476.jpg",,"19"
"9801","Cooking Needs","Frozen Food","Frozen Produce","Dole","Dole Sliced Peaches","Dole Sliced Peaches","3.69","0.0","","16 oz","16 oz","2477.jpg",,"19"
"9802","Cooking Needs","Frozen Food","Frozen Produce","Dole","Dole Strawberries, Peaches & Bananas","Dole Strawberries, Peaches & Bananas","3.69","0.0","","14 oz","14 oz","2474.jpg",,"19"
"9803","Cooking Needs","Frozen Food","Frozen Produce","Dole","Dole Tropical Fruit","Dole Tropical Fruit","3.69","0.0","","14 oz","14 oz","Market Basket.jpg",,"19"
"9804","Cooking Needs","Frozen Food","Frozen Produce","Birds Eye","Birds Eye Fresh Frozen Select Classic Mixed Vegetables","Birds Eye Fresh Frozen Select Classic Mixed Vegetables","1.69","0.0","","16 oz","16 oz","2417.jpg",,"19"
"9805","Cooking Needs","Frozen Food","Frozen Produce","Birds Eye","Birds Eye Steamfresh Chef's Favorites Lightly Seasoned Garlic Cauliflower Fresh Frozen Vegetables","Birds Eye Steamfresh Chef's Favorites Lightly Seasoned Garlic Cauliflower Fresh Frozen Vegetables","2.09","0.0","","12 oz","12 oz","2472.jpg",,"19"
"9806","Cooking Needs","Frozen Food","Frozen Produce","Wyman's","Wyman's Of Maine Fresh Frozen Mango Chunks","Wyman's Of Maine Fresh Frozen Mango Chunks","3.69","0.0","","15 oz bag","15 oz bag","2490.jpg",,"19"
"9807","Cooking Needs","Frozen Food","Frozen Produce","Wyman's","Wyman's Of Maine Fresh Frozen Mixed Berries Frozen Fruit","Wyman's Of Maine Fresh Frozen Mixed Berries Frozen Fruit","5.89","0.0","","15 oz","15 oz","2489.jpg",,"19"
"9808","Cooking Needs","Frozen Food","Frozen Produce","Wyman's","Wyman's Of Maine Fresh Frozen Strawberries","Wyman's Of Maine Fresh Frozen Strawberries","3.69","0.0","","15 oz","15 oz","2491.jpg",,"19"
"9809","Cooking Needs","Frozen Food","Frozen Produce","Wyman's","Wyman's of Maine Of Maine Fresh Frozen Red Raspberries","Wyman's of Maine Of Maine Fresh Frozen Red Raspberries","5.89","0.0","","12 oz","12 oz","2492.jpg",,"19"
"9810","Cooking Needs","Frozen Food","Frozen Produce","Green Giant","Green Giant Baby Brussels Sprouts & Butter Sauce","Green Giant Baby Brussels Sprouts & Butter Sauce","2.09","0.0","","10 oz","10 oz","2446.jpg",,"19"
"9811","Cooking Needs","Frozen Food","Frozen Produce","Green Giant","Green Giant Broccoli & Cheese Sauce","Green Giant Broccoli & Cheese Sauce","2.09","0.0","","10 oz","10 oz","2441.jpg",,"19"
"9812","Cooking Needs","Frozen Food","Frozen Produce","Green Giant","Green Giant Broccoli Spears & Butter Sauce","Green Giant Broccoli Spears & Butter Sauce","2.09","0.0","","10 oz","10 oz","2445.jpg",,"19"
"9813","Cooking Needs","Frozen Food","Frozen Produce","Green Giant","Green Giant Cauliflower & Cheese Sauce","Green Giant Cauliflower & Cheese Sauce","2.09","0.0","","10 oz","10 oz","2440.jpg",,"19"
"9814","Cooking Needs","Frozen Food","Frozen Produce","Green Giant","Green Giant Chopped Spinach Steamers","Green Giant Chopped Spinach Steamers","2.09","0.0","","9 oz","9 oz","2452.jpg",,"19"
"9815","Cooking Needs","Frozen Food","Frozen Produce","Green Giant","Green Giant Green Beans & Almonds","Green Giant Green Beans & Almonds","2.09","0.0","","7.5 oz","7.5 oz","2456.jpg",,"19"
"9816","Cooking Needs","Frozen Food","Frozen Produce","Green Giant","Green Giant Lightly Sauced Frozen Vegetables","Green Giant Lightly Sauced Frozen Vegetables","2.09","0.0","","7 oz","7 oz","2439.jpg",,"19"
"9817","Cooking Needs","Frozen Food","Frozen Produce","Green Giant","Green Giant Niblets Corn & Butter Sauce","Green Giant Niblets Corn & Butter Sauce","1.99","0.0","","10 oz","10 oz","2450.jpg",,"19"
"9818","Cooking Needs","Frozen Food","Frozen Produce","Green Giant","Green Giant No Sauce Broccoli Spears","Green Giant No Sauce Broccoli Spears","2.09","0.0","","9 oz","9 oz","2458.jpg",,"19"
"9819","Cooking Needs","Frozen Food","Frozen Produce","Green Giant","Green Giant No Sauce Sweet Peas","Green Giant No Sauce Sweet Peas","2.09","0.0","","9 oz","9 oz","2449.jpg",,"19"
"9820","Cooking Needs","Frozen Food","Frozen Produce","Green Giant","Green Giant Pasta, Broccoli, Carrots & Cheese Sauce, Family Size","Green Giant Pasta, Broccoli, Carrots & Cheese Sauce, Family Size","3.69","0.0","","24 oz","24 oz","2448.jpg",,"19"
"9821","Cooking Needs","Frozen Food","Frozen Produce","Green Giant","Green Giant Rice Pilaf","Green Giant Rice Pilaf","2.09","0.0","","10 oz","10 oz","2453.jpg",,"19"
"9822","Cooking Needs","Frozen Food","Frozen Produce","Green Giant","Green Giant Roasted Potatoes with Garlic & Herbs Steamers","Green Giant Roasted Potatoes with Garlic & Herbs Steamers","2.09","0.0","","9 oz","9 oz","2447.jpg",,"19"
"9823","Cooking Needs","Frozen Food","Frozen Produce","Green Giant","Green Giant Shoepeg White Corn & Butter Sauce","Green Giant Shoepeg White Corn & Butter Sauce","2.09","0.0","","10 oz","10 oz","2455.jpg",,"19"
"9824","Cooking Needs","Frozen Food","Frozen Produce","Green Giant","Green Giant Steamers Broccoli & Cheese Sauce","Green Giant Steamers Broccoli & Cheese Sauce","3.69","0.0","","24 oz","24 oz","2442.jpg",,"19"
"9825","Cooking Needs","Frozen Food","Frozen Produce","Green Giant","Green Giant Steamers Broccoli, Carrots, Cauliflower & Cheese Sauce","Green Giant Steamers Broccoli, Carrots, Cauliflower & Cheese Sauce","3.69","0.0","","24 oz","24 oz","2444.jpg",,"19"
"9826","Cooking Needs","Frozen Food","Frozen Produce","Green Giant","Green Giant Sugar Snap Peas","Green Giant Sugar Snap Peas","2.09","0.0","","9 oz","9 oz","2457.jpg",,"19"
"9827","Cooking Needs","Frozen Food","Frozen Produce","Green Giant","Green Giant Sweet Peas & Butter Sauce","Green Giant Sweet Peas & Butter Sauce","2.09","0.0","","10 oz","10 oz","2454.jpg",,"19"
"9828","Cooking Needs","Frozen Food","Frozen Produce","La Fe","La Fe Yuca Cassava","La Fe Yuca Cassava","4.89","0.0","","80 oz","80 oz","15768.jpg",,"19"
"9829","Cooking Needs","Frozen Food","Frozen Produce","Market Basket","Greens Kale","Greens Kale","2.49","0.0","","1 lb","1 lb","Market Basket.jpg",,"19"
"9830","Cooking Needs","Frozen Food","Frozen Produce","Market Basket","Market Barket Frozen Mixed Berry Blend","Market Barket Frozen Mixed Berry Blend","2.99","0.0","","12 oz","12 oz","Market Basket.jpg",,"19"
"9831","Cooking Needs","Frozen Food","Frozen Produce","Market Basket","Market Basket Baby Brussels Sprouts","Market Basket Baby Brussels Sprouts","1.89","0.0","","16 oz","16 oz","Market Basket.jpg",,"19"
"9832","Cooking Needs","Frozen Food","Frozen Produce","Market Basket","Market Basket Baby Lima Beans","Market Basket Baby Lima Beans","1.89","0.0","","16 oz","16 oz","2415.jpg",,"19"
"9833","Cooking Needs","Frozen Food","Frozen Produce","Market Basket","Market Basket Broccoli Cuts","Market Basket Broccoli Cuts","2.49","0.0","","32 oz","32 oz","Market Basket.jpg",,"19"
"9834","Cooking Needs","Frozen Food","Frozen Produce","Market Basket","Market Basket Broccoli Cuts","Market Basket Broccoli Cuts","1.69","0.0","","16 oz","16 oz","Market Basket.jpg",,"19"
"9835","Cooking Needs","Frozen Food","Frozen Produce","Market Basket","Market Basket Broccoli Florets","Market Basket Broccoli Florets","2.49","0.0","","24 oz bag","24 oz bag","Market Basket.jpg",,"19"
"9836","Cooking Needs","Condiments & Sauces","Frozen Produce","Market Basket","Market Basket Broccoli Florets","Market Basket Broccoli Florets","1.88","0.0","","16 oz bag","16 oz bag","Market Basket.jpg",,"19"
"9837","Cooking Needs","Frozen Food","Frozen Produce","Market Basket","Market Basket Butternut Squash","Market Basket Butternut Squash","1.59","0.0","","20 oz","20 oz","Market Basket.jpg",,"19"
"9838","Cooking Needs","Frozen Food","Frozen Produce","Market Basket","Market Basket California Combo","Market Basket California Combo","1.69","0.0","","16 oz","16 oz","Market Basket.jpg",,"19"
"9839","Cooking Needs","Frozen Food","Frozen Produce","Market Basket","Market Basket Cauliflower Florets","Market Basket Cauliflower Florets","1.79","0.0","","16 oz bag","16 oz bag","Market Basket.jpg",,"19"
"9840","Cooking Needs","Frozen Food","Frozen Produce","Market Basket","Market Basket Chopped Collard Greens","Market Basket Chopped Collard Greens","1.69","0.0","","16 oz","16 oz","Market Basket.jpg",,"19"
"9841","Cooking Needs","Frozen Food","Frozen Produce","Market Basket","Market Basket Chopped Kale","Market Basket Chopped Kale","1.59","0.0","","16 oz","16 oz","Market Basket.jpg",,"19"
"9842","Cooking Needs","Frozen Food","Frozen Produce","Market Basket","Market Basket Chopped Onions","Market Basket Chopped Onions","0.89","0.0","","10 oz","10 oz","Market Basket.jpg",,"19"
"9843","Cooking Needs","Frozen Food","Frozen Produce","Market Basket","Market Basket Chopped Spinach","Market Basket Chopped Spinach","1.59","0.0","","16 oz","16 oz","Market Basket.jpg",,"19"
"9844","Cooking Needs","Frozen Food","Frozen Produce","Market Basket","Market Basket Chopped Spinach","Market Basket Chopped Spinach","1.09","0.0","","10 oz","10 oz","Market Basket.jpg",,"19"
"9845","Cooking Needs","Frozen Food","Frozen Produce","Market Basket","Market Basket Cob Corn","Market Basket Cob Corn","2.49","0.0","","4 oz","4 oz","Market Basket.jpg",,"19"
"9846","Cooking Needs","Frozen Food","Frozen Produce","Market Basket","Market Basket Cooked Squash","Market Basket Cooked Squash","1.29","0.0","","12 oz","12 oz","Market Basket.jpg",,"19"
"9847","Cooking Needs","Frozen Food","Frozen Produce","Market Basket","Market Basket Crinkle Cut Carrots","Market Basket Crinkle Cut Carrots","1.89","0.0","","24 oz","24 oz","Market Basket.jpg",,"19"
"9848","Cooking Needs","Frozen Food","Frozen Produce","Market Basket","Market Basket Cultivated Blueberries","Market Basket Cultivated Blueberries","6.09","0.0","","32 oz","32 oz","Market Basket.jpg",,"19"
"9849","Cooking Needs","Frozen Food","Frozen Produce","Market Basket","Market Basket Cut Corn","Market Basket Cut Corn","1.89","0.0","","16 oz","16 oz","Market Basket.jpg",,"19"
"9850","Cooking Needs","Frozen Food","Frozen Produce","Market Basket","Market Basket Cut Corn","Market Basket Cut Corn","1.89","0.0","","24 oz","24 oz","Market Basket.jpg",,"19"
"9851","Cooking Needs","Frozen Food","Frozen Produce","Market Basket","Market Basket Cut Green Beans","Market Basket Cut Green Beans","1.89","0.0","","24 oz","24 oz","Market Basket.jpg",,"19"
"9852","Cooking Needs","Frozen Food","Frozen Produce","Market Basket","Market Basket Cut Green Beans","Market Basket Cut Green Beans","1.29","0.0","","16 oz","16 oz","Market Basket.jpg",,"19"
"9853","Cooking Needs","Frozen Food","Frozen Produce","Market Basket","Market Basket Cut Leaf Spinach","Market Basket Cut Leaf Spinach","1.29","0.0","","16 oz","16 oz","Market Basket.jpg",,"19"
"9854","Cooking Needs","Frozen Food","Frozen Produce","Market Basket","Market Basket Cut Okra","Market Basket Cut Okra","1.69","0.0","","16 oz","16 oz","Market Basket.jpg",,"19"
"9855","Cooking Needs","Frozen Food","Frozen Produce","Market Basket","Market Basket Diced Green Peppers","Market Basket Diced Green Peppers","1.09","0.0","","10 oz","10 oz","Market Basket.jpg",,"19"
"9856","Cooking Needs","Frozen Food","Frozen Produce","Market Basket","Market Basket Edamame In Shells","Market Basket Edamame In Shells","1.89","0.0","","16 oz","16 oz","Market Basket.jpg",,"19"
"9857","Cooking Needs","Frozen Food","Frozen Produce","Market Basket","Market Basket Extra Fine Whole Green Beans","Market Basket Extra Fine Whole Green Beans","1.89","0.0","","16 oz","16 oz","Market Basket.jpg",,"19"
"9858","Cooking Needs","Frozen Food","Frozen Produce","Market Basket","Market Basket French Cut Green Beans","Market Basket French Cut Green Beans","1.29","0.0","","16 oz","16 oz","Market Basket.jpg",,"19"
"9859","Cooking Needs","Frozen Food","Frozen Produce","Market Basket","Market Basket Frozen Asparagus Spears","Market Basket Frozen Asparagus Spears","3.09","0.0","","8 oz","8 oz","Market Basket.jpg",,"19"
"9860","Cooking Needs","Frozen Food","Frozen Produce","Market Basket","Market Basket Frozen Brussels Sprouts","Market Basket Frozen Brussels Sprouts","1.89","0.0","","16 oz","16 oz","Market Basket.jpg",,"19"
"9861","Cooking Needs","Frozen Food","Frozen Produce","Market Basket","Market Basket Frozen Peaches","Market Basket Frozen Peaches","3.19","0.0","","16 oz","16 oz","Market Basket.jpg",,"19"
"9862","Cooking Needs","Frozen Food","Frozen Produce","Market Basket","Market Basket Golden Cut Corn","Market Basket Golden Cut Corn","2.49","0.0","","32 oz","32 oz","Market Basket.jpg",,"19"
"9863","Cooking Needs","Frozen Food","Frozen Produce","Market Basket","Market Basket Italian Combo","Market Basket Italian Combo","1.69","0.0","","16 oz","16 oz","Market Basket.jpg",,"19"
"9864","Cooking Needs","Frozen Food","Frozen Produce","Market Basket","Market Basket Italian Green Beans","Market Basket Italian Green Beans","1.59","0.0","","16 oz","16 oz","Market Basket.jpg",,"19"
"9865","Cooking Needs","Frozen Food","Frozen Produce","Market Basket","Market Basket Mango Chunks","Market Basket Mango Chunks","3.29","0.0","","16 oz","16 oz","Market Basket.jpg",,"19"
"9866","Cooking Needs","Frozen Food","Frozen Produce","Market Basket","Market Basket Mixed Fruit","Market Basket Mixed Fruit","4.59","0.0","","32 oz container","32 oz container","Market Basket.jpg",,"19"
"9867","Cooking Needs","Frozen Food","Frozen Produce","Market Basket","Market Basket Frozen Mixed Vegetables","Market Basket Frozen Mixed Vegetables","1.29","0.0","","16 oz","16 oz","Market Basket.jpg",,"19"
"9868","Cooking Needs","Frozen Food","Frozen Produce","Market Basket","Market Basket Frozen Mixed Vegetables","Market Basket Frozen Mixed Vegetables","1.89","0.0","","24 oz","24 oz","Market Basket.jpg",,"19"
"9869","Cooking Needs","Frozen Food","Frozen Produce","Market Basket","Market Basket Frozen Mixed Vegetables","Market Basket Frozen Mixed Vegetables","2.49","0.0","","32 oz","32 oz","Market Basket.jpg",,"19"
"9870","Cooking Needs","Frozen Food","Frozen Produce","Market Basket","Market Basket Pearl Onions","Market Basket Pearl Onions","1.69","0.0","","16 oz","16 oz","Market Basket.jpg",,"19"
"9871","Cooking Needs","Frozen Food","Frozen Produce","Market Basket","Market Basket Peas And Carrots","Market Basket Peas And Carrots","1.29","0.0","","16 oz","16 oz","Market Basket.jpg",,"19"
"9872","Cooking Needs","Frozen Food","Frozen Produce","Market Basket","Market Basket Peking Stir Fry","Market Basket Peking Stir Fry","1.69","0.0","","16 oz","16 oz","Market Basket.jpg",,"19"
"9873","Cooking Needs","Frozen Food","Frozen Produce","Market Basket","Market Basket Pepper And Onion Stir Fry","Market Basket Pepper And Onion Stir Fry","1.69","0.0","","16 oz","16 oz","Market Basket.jpg",,"19"
"9874","Cooking Needs","Frozen Food","Frozen Produce","Market Basket","Market Basket Pepper Strips","Market Basket Pepper Strips","1.09","0.0","","8 oz","8 oz","Market Basket.jpg",,"19"
"9875","Cooking Needs","Frozen Food","Frozen Produce","Market Basket","Market Basket Petite Peas","Market Basket Petite Peas","1.69","0.0","","16 oz","16 oz","Market Basket.jpg",,"19"
"9876","Cooking Needs","Frozen Food","Frozen Produce","Market Basket","Market Basket Quick And Steamy Broccoli Cuts","Market Basket Quick And Steamy Broccoli Cuts","1.29","0.0","","12 oz","12 oz","Market Basket.jpg",,"19"
"9877","Cooking Needs","Frozen Food","Frozen Produce","Market Basket","Market Basket Quick And Steamy Broccoli Florets","Market Basket Quick And Steamy Broccoli Florets","1.29","0.0","","12 oz","12 oz","Market Basket.jpg",,"19"
"9878","Cooking Needs","Frozen Food","Frozen Produce","Market Basket","Market Basket Quick And Steamy California Blend","Market Basket Quick And Steamy California Blend","1.29","0.0","","12 oz","12 oz","Market Basket.jpg",,"19"
"9879","Cooking Needs","Frozen Food","Frozen Produce","Market Basket","Market Basket Quick And Steamy Green Peas","Market Basket Quick And Steamy Green Peas","1.29","0.0","","12 oz","12 oz","Market Basket.jpg",,"19"
"9880","Cooking Needs","Frozen Food","Frozen Produce","Market Basket","Market Basket Quick And Steamy Mixed Vegetables","Market Basket Quick And Steamy Mixed Vegetables","1.29","0.0","","12 oz","12 oz","Market Basket.jpg",,"19"
"9881","Cooking Needs","Frozen Food","Frozen Produce","Market Basket","Market Basket Quick And Steamy Rice And Vegetables","Market Basket Quick And Steamy Rice And Vegetables","1.29","0.0","","12 oz","12 oz","Market Basket.jpg",,"19"
"9882","Cooking Needs","Frozen Food","Frozen Produce","Market Basket","Market Basket Quick And Steamy Sweet Corn","Market Basket Quick And Steamy Sweet Corn","1.29","0.0","","12 oz","12 oz","Market Basket.jpg",,"19"
"9883","Cooking Needs","Frozen Food","Frozen Produce","Market Basket","Market Basket Quick And Steamy Whole Green Beans","Market Basket Quick And Steamy Whole Green Beans","1.29","0.0","","12 oz","12 oz","Market Basket.jpg",,"19"
"9884","Cooking Needs","Frozen Food","Frozen Produce","Market Basket","Market Basket Sweet Peas","Market Basket Sweet Peas","1.29","0.0","","32 oz","32 oz","Market Basket.jpg",,"19"
"9885","Cooking Needs","Frozen Food","Frozen Produce","Market Basket","Market Basket Sweet Peas","Market Basket Sweet Peas","1.29","0.0","","16 oz","16 oz","Market Basket.jpg",,"19"
"9886","Cooking Needs","Frozen Food","Frozen Produce","Market Basket","Market Basket Sweet Peas","Market Basket Sweet Peas","1.89","0.0","","24 oz","24 oz","Market Basket.jpg",,"19"
"9887","Cooking Needs","Frozen Food","Frozen Produce","Market Basket","Market Basket Whole Baby Carrots","Market Basket Whole Baby Carrots","1.59","0.0","","16 oz","16 oz","Market Basket.jpg",,"19"
"9888","Cooking Needs","Frozen Food","Frozen Produce","Market Basket","Market Basket Whole Blackberries","Market Basket Whole Blackberries","2.49","0.0","","12 oz","12 oz","Market Basket.jpg",,"19"
"9889","Cooking Needs","Frozen Food","Frozen Produce","Market Basket","Market Basket Whole Frozen Blueberries","Market Basket Whole Frozen Blueberries","2.69","0.0","","12 oz","12 oz","Market Basket.jpg",,"19"
"9890","Cooking Needs","Frozen Food","Frozen Produce","Market Basket","Market Basket Whole Frozen Raspberries","Market Basket Whole Frozen Raspberries","3.29","0.0","","12 oz","12 oz","Market Basket.jpg",,"19"
"9891","Cooking Needs","Frozen Food","Frozen Produce","Market Basket","Market Basket Whole Frozen Strawberries","Market Basket Whole Frozen Strawberries","2.49","0.0","","16 oz","16 oz","Market Basket.jpg",,"19"
"9892","Cooking Needs","Frozen Food","Frozen Produce","Market Basket","Market Basket Whole Green Beans","Market Basket Whole Green Beans","1.59","0.0","","16 oz","16 oz","Market Basket.jpg",,"19"
"9893","Cooking Needs","Frozen Food","Frozen Produce","Market Basket","Market Basket Whole Okra","Market Basket Whole Okra","1.59","0.0","","16 oz","16 oz","Market Basket.jpg",,"19"
"9894","Cooking Needs","Frozen Food","Frozen Produce","Market Basket","Market Basket Yellow Turnips","Market Basket Yellow Turnips","1.59","0.0","","20 oz","20 oz","Market Basket.jpg",,"19"
"9895","Cooking Needs","Frozen Food","Frozen Produce","Market Basket","Sugar Snap Peas","Sugar Snap Peas","1.99","0.0","","1 lb","1 lb","15761.jpg",,"19"
"9896","Cooking Needs","Frozen Food","Frozen Produce","Market Basket","Whole Golden Greek Pepperoncin","Whole Golden Greek Pepperoncin","2.49","0.0","","1 ct","1 ct","Market Basket.jpg",,"19"
"9897","Cooking Needs","Frozen Food","Frozen Produce","McKenzie's","McKenzie's Southland Yellow Turnips","McKenzie's Southland Yellow Turnips","1.99","0.0","","12 oz","12 oz","15765.jpg",,"19"
"9898","Cooking Needs","Frozen Food","Frozen Produce","Poppys Perogies","Poppys Perogies Potato Sour Cream N Chives","Poppys Perogies Potato Sour Cream N Chives","1.29","0.0","","13 oz","13 oz","Market Basket.jpg",,"18"
"9899","Cooking Needs","Frozen Food","Frozen Produce","Richie's","Richie's Super Premium Italian Ice Lemon","Richie's Super Premium Italian Ice Lemon","1.29","0.0","","10 fl oz","10 fl oz","15759.jpg",,"19"
"9900","Cooking Needs","Frozen Food","Frozen Produce","Sambazon","Sambazon Organic Acai Berry Smoothie Packs","Sambazon Organic Acai Berry Smoothie Packs","7.39","0.0","","4 x 3.5 oz","4 x 3.5 oz","15766.jpg",,"19"
"9901","Cooking Needs","Frozen Food","Frozen Produce","Seapoint Farms","Seapoint Farms Edamame Lightly Salted","Seapoint Farms Edamame Lightly Salted","2.69","0.0","","14 oz","14 oz","2493.jpg",,"19"
"9902","Cooking Needs","Frozen Food","Frozen Produce","Seapoint Farms","Seapoint Farms Edamame Organic Shelled Soybeans","Seapoint Farms Edamame Organic Shelled Soybeans","3.29","0.0","","12 oz","12 oz","2494.jpg",,"19"
"9903","Cooking Needs","Frozen Food","Frozen Produce","Wyman's","Wyman's Wild Berries","Wyman's Wild Berries","11.59","0.0","","3 lb","3 lb","2486.jpg",,"19"
"9904","Cooking Needs","Frozen Food","Frozen Produce","Wyman's","Wyman's Wymans Blueberries, Wild, Pouch","Wyman's Wymans Blueberries, Wild, Pouch","6.09","0.0","","15 oz","15 oz","2487.jpg",,"19"
"9905","Cooking Needs","Frozen Food","Frozen Vegan & Vegetarian","Boca","Boca All American Veggie Burgers","Boca All American Veggie Burgers","4.09","0.0","","4 x 10 oz","4 x 10 oz","2939.jpg",,"1"
"9906","Cooking Needs","Frozen Food","Frozen Vegan & Vegetarian","Boca","Boca Grilled Vegetable Veggie Burgers","Boca Grilled Vegetable Veggie Burgers","4.09","0.0","","4 x 10 oz","4 x 10 oz","2943.jpg",,"1"
"9907","Cooking Needs","Frozen Food","Frozen Vegan & Vegetarian","Boca","Boca Original Chik'n Vegan Patties","Boca Original Chik'n Vegan Patties","4.09","0.0","","4 x 10 oz","4 x 10 oz","2937.jpg",,"N/A"
"9908","Cooking Needs","Frozen Food","Frozen Vegan & Vegetarian","Boca","Boca Original Vegan Veggie Burgers","Boca Original Vegan Veggie Burgers","4.09","0.0","","4 x 10 oz","4 x 10 oz","2941.jpg",,"N/A"
"9909","Cooking Needs","Frozen Food","Frozen Vegan & Vegetarian","Boca","Boca Original Veggie Crumble","Boca Original Veggie Crumble","3.89","0.0","","12 oz","12 oz","2940.jpg",,"N/A"
"9910","Cooking Needs","Frozen Food","Frozen Vegan & Vegetarian","Boca","Boca Spicy Chik'n Vegan Patties","Boca Spicy Chik'n Vegan Patties","3.69","0.0","","4 x 10 oz","4 x 10 oz","2938.jpg",,"N/A"
"9911","Cooking Needs","Frozen Food","Frozen Vegan & Vegetarian","Franklin Farms","Franklin Farms Original Veggie Burger","Franklin Farms Original Veggie Burger","4.79","0.0","","4 x 10 oz","4 x 10 oz","16061.jpg",,"N/A"
"9912","Cooking Needs","Frozen Food","Frozen Vegan & Vegetarian","Gardein","Gardein Golden Fishless Filets","Gardein Golden Fishless Filets","5.61","0.0","","10.1 oz","10.1 oz","2931.jpg",,"N/A"
"9913","Cooking Needs","Frozen Food","Frozen Vegan & Vegetarian","Gardein","Gardein Home Style Beefless Tips","Gardein Home Style Beefless Tips","5.61","0.0","","255 g","255 g","2933.jpg",,"1"
"9914","Cooking Needs","Frozen Food","Frozen Vegan & Vegetarian","Gardein","Gardein Mandarin Orange Crispy Chick'n","Gardein Mandarin Orange Crispy Chick'n","5.61","0.0","","10.5 oz","10.5 oz","2929.jpg",,"1"
"9915","Cooking Needs","Frozen Food","Frozen Vegan & Vegetarian","Gardein","Gardein Seven Grain Crispy Tenders","Gardein Seven Grain Crispy Tenders","5.61","0.0","","9 oz","9 oz","2930.jpg",,"1"
"9916","Cooking Needs","Frozen Food","Frozen Vegan & Vegetarian","Gardein","Gardein Sweet and Sour Porkless Bites","Gardein Sweet and Sour Porkless Bites","5.61","0.0","","10.5 oz","10.5 oz","2935.jpg",,"1"
"9917","Cooking Needs","Frozen Food","Frozen Vegan & Vegetarian","Gardein","Gardein Teriyaki Chick'n Strips","Gardein Teriyaki Chick'n Strips","5.61","0.0","","10.5 oz","10.5 oz","2936.jpg",,"1"
"9918","Cooking Needs","Frozen Food","Frozen Vegan & Vegetarian","Gardein","Gardein The Ultimate Beefless Ground","Gardein The Ultimate Beefless Ground","5.61","0.0","","13.8 oz","13.8 oz","2932.jpg",,"N/A"
"9919","Cooking Needs","Frozen Food","Frozen Vegan & Vegetarian","Green Giant","Green Giant Antioxidant Blend Steamers","Green Giant Antioxidant Blend Steamers","4.89","0.0","","7 oz","7 oz","16060.jpg",,"N/A"
"9920","Breakfast & Dairy","Breads & Rolls","Frozen Vegan & Vegetarian","Market Basket","Market Basket 100% Whole Wheat Bread","Market Basket 100% Whole Wheat Bread","2.49","0.0","","24 oz","24 oz","Market Basket.jpg",,"18"
"9921","Cooking Needs","Frozen Food","Frozen Vegan & Vegetarian","Market Basket","Market Basket Multigrain Bread","Market Basket Multigrain Bread","3.69","0.0","","24 oz","24 oz","Market Basket.jpg",,"N/A"
"9922","Cooking Needs","Frozen Food","Frozen Vegan & Vegetarian","Morning Star Farms","Morning Star Farms Grillers Original Veggie Burgers","Morning Star Farms Grillers Original Veggie Burgers","4.89","0.0","","4 count","4 count","2907.jpg",,"N/A"
"9923","Cooking Needs","Frozen Food","Frozen Vegan & Vegetarian","Morning Star Farms","Morning Star Farms Maple Flavored Veggie Sausage Patties","Morning Star Farms Maple Flavored Veggie Sausage Patties","4.89","0.0","","8 oz","8 oz","2928.jpg",,"1"
"9924","Cooking Needs","Frozen Food","Frozen Vegan & Vegetarian","Morning Star Farms","Morning Star Farms Mediterranean Chickpea Veggie Burgers","Morning Star Farms Mediterranean Chickpea Veggie Burgers","4.89","0.0","","9.5 oz","9.5 oz","2926.jpg",,"1"
"9925","Cooking Needs","Frozen Food","Frozen Vegan & Vegetarian","Morning Star Farms","Morning Star Farms Parmesan Garlic Veggie Chik'n Wings","Morning Star Farms Parmesan Garlic Veggie Chik'n Wings","4.89","0.0","","10 oz","10 oz","2925.jpg",,"1"
"9926","Cooking Needs","Frozen Food","Frozen Vegan & Vegetarian","Morning Star Farms","Morning Star Farms Tomato & Basil Pizza Veggie Burgers","Morning Star Farms Tomato & Basil Pizza Veggie Burgers","4.89","0.0","","9.5 oz","9.5 oz","2927.jpg",,"N/A"
"9927","Cooking Needs","Frozen Food","Frozen Vegan & Vegetarian","Morning Star Farms","Morning Star Farms Veggie Breakfast Sausage Links Original","Morning Star Farms Veggie Breakfast Sausage Links Original","4.89","0.0","","8 oz","8 oz","2923.jpg",,"N/A"
"9928","Cooking Needs","Frozen Food","Frozen Vegan & Vegetarian","Morning Star Farms","Morning Star Farms Veggie Breakfast Sausage Patties Original","Morning Star Farms Veggie Breakfast Sausage Patties Original","4.89","0.0","","8 oz","8 oz","2922.jpg",,"1"
"9929","Cooking Needs","Frozen Food","Frozen Vegan & Vegetarian","Morning Star Farms","Morning Star Farms Veggie Burgers Garden Veggie","Morning Star Farms Veggie Burgers Garden Veggie","4.89","0.0","","9.5 oz","9.5 oz","2921.jpg",,"1"
"9930","Cooking Needs","Frozen Food","Frozen Vegan & Vegetarian","Morning Star Farms","Morning Star Farms Veggie Chik'n Nuggets Original","Morning Star Farms Veggie Chik'n Nuggets Original","4.89","0.0","","10.5 oz","10.5 oz","2904.jpg",,"1"
"9931","Cooking Needs","Frozen Food","Frozen Vegan & Vegetarian","Morning Star Farms","Morning Star Farms Veggie Dogs Original","Morning Star Farms Veggie Dogs Original","4.29","0.0","","8.4 oz","8.4 oz","2924.jpg",,"N/A"
"9932","Cooking Needs","Frozen Food","Frozen Vegan & Vegetarian","Quorn","Quorn Chik'n Patties","Quorn Chik'n Patties","5.49","0.0","","4 x 10.6 oz","4 x 10.6 oz","16059.jpg",,"N/A"
"9933","Cooking Needs","Frozen Food","Frozen Vegan & Vegetarian","Tofurky","Tofurky Holiday Vegetarian Roast & Gravy","Tofurky Holiday Vegetarian Roast & Gravy","11.59","0.0","","37 oz","37 oz","2944.jpg",,"N/A"
"9934","Cooking Needs","Frozen Food","Frozen Vegan & Vegetarian","Yummy","Yummy Dino Chicken Nuggets","Yummy Dino Chicken Nuggets","5.59","0.0","","24 oz","24 oz","2945.jpg",,"1"
"9935","Cooking Needs","Frozen Food","Ice Cream & Ice","Ben & Jerry's","Ben & Jerry's Frozen Yogurt Half Baked","Ben & Jerry's Frozen Yogurt Half Baked","4.59","0.0","","1 pint","1 pint","18026.jpg",,"21"
"9936","Cooking Needs","Frozen Food","Ice Cream & Ice","Ben & Jerry's","Ben & Jerry's Ice Cream Americone Dream","Ben & Jerry's Ice Cream Americone Dream","4.86","0.0","","3.6 fl oz","3.6 fl oz","17985.jpg",,"21"
"9937","Cooking Needs","Frozen Food","Ice Cream & Ice","Ben & Jerry's","Ben & Jerry's Ice Cream Cherry Garcia","Ben & Jerry's Ice Cream Cherry Garcia","4.86","0.0","","1 pint","1 pint","18000.jpg",,"21"
"9938","Cooking Needs","Frozen Food","Ice Cream & Ice","Ben & Jerry's","Ben & Jerry's Ice Cream Cherry Garcia","Ben & Jerry's Ice Cream Cherry Garcia","1.29","0.0","","4 oz","4 oz","3000.jpg",,"21"
"9939","Cooking Needs","Frozen Food","Ice Cream & Ice","Ben & Jerry's","Ben & Jerry's Ice Cream Chocolate Chip Cookie Dough","Ben & Jerry's Ice Cream Chocolate Chip Cookie Dough","4.29","0.0","","1 pint","1 pint","18002.jpg",,"21"
"9940","Cooking Needs","Frozen Food","Ice Cream & Ice","Ben & Jerry's","Ben & Jerry's Ice Cream Chocolate Fudge Brownie","Ben & Jerry's Ice Cream Chocolate Fudge Brownie","1.29","0.0","","3.6 fl oz","3.6 fl oz","17986.jpg",,"21"
"9941","Cooking Needs","Frozen Food","Ice Cream & Ice","Ben & Jerry's","Ben & Jerry's Ice Cream Chocolate Fudge Brownie","Ben & Jerry's Ice Cream Chocolate Fudge Brownie","4.59","0.0","","1 pint","1 pint","17997.jpg",,"21"
"9942","Cooking Needs","Frozen Food","Ice Cream & Ice","Ben & Jerry's","Ben & Jerry's Ice Cream Chocolate Therapy","Ben & Jerry's Ice Cream Chocolate Therapy","4.29","0.0","","1 pint","1 pint","3001.jpg",,"21"
"9943","Cooking Needs","Frozen Food","Ice Cream & Ice","Ben & Jerry's","Ben & Jerry's Ice Cream Chubby Hubby","Ben & Jerry's Ice Cream Chubby Hubby","4.59","0.0","","1 pint","1 pint","3006.jpg",,"21"
"9944","Cooking Needs","Frozen Food","Ice Cream & Ice","Ben & Jerry's","Ben & Jerry's Ice Cream Coffee Toffee Bar Crunch","Ben & Jerry's Ice Cream Coffee Toffee Bar Crunch","4.59","0.0","","1 pint","1 pint","2992.jpg",,"21"
"9945","Cooking Needs","Frozen Food","Ice Cream & Ice","Ben & Jerry's","Ben & Jerry's Ice Cream Everything But The","Ben & Jerry's Ice Cream Everything But The","4.79","0.0","","1 pint","1 pint","3010.jpg",,"21"
"9946","Cooking Needs","Frozen Food","Ice Cream & Ice","Ben & Jerry's","Ben & Jerry's Ice Cream Peanut Butter Half Baked","Ben & Jerry's Ice Cream Peanut Butter Half Baked","4.59","0.0","","1 pint","1 pint","17998.jpg",,"21"
"9947","Cooking Needs","Frozen Food","Ice Cream & Ice","Ben & Jerry's","Ben & Jerry's Ice Cream Karamel Sutra Core","Ben & Jerry's Ice Cream Karamel Sutra Core","4.59","0.0","","16 fl oz","16 fl oz","2999.jpg",,"21"
"9948","Cooking Needs","Frozen Food","Ice Cream & Ice","Ben & Jerry's","Ben & Jerry's Ice Cream Milk And Cookies","Ben & Jerry's Ice Cream Milk And Cookies","3.74","0.0","","1 pint","1 pint","18005.jpg",,"21"
"9949","Cooking Needs","Frozen Food","Ice Cream & Ice","Ben & Jerry's","Ben & Jerry's Ice Cream Mint Chocolate Cookie","Ben & Jerry's Ice Cream Mint Chocolate Cookie","3.74","0.0","","16 fl oz","16 fl oz","18013.jpg",,"21"
"9950","Cooking Needs","Frozen Food","Ice Cream & Ice","Ben & Jerry's","Ben & Jerry's Ice Cream Oat Of This Swirled","Ben & Jerry's Ice Cream Oat Of This Swirled","4.79","0.0","","1 pint","1 pint","18035.jpg",,"21"
"9951","Cooking Needs","Frozen Food","Ice Cream & Ice","Ben & Jerry's","Ben & Jerry's Ice Cream Peanut Buttah Cookie Core","Ben & Jerry's Ice Cream Peanut Buttah Cookie Core","3.69","0.0","","1 pint","1 pint","2997.jpg",,"21"
"9952","Cooking Needs","Frozen Food","Ice Cream & Ice","Ben & Jerry's","Ben & Jerry's Ice Cream Peanut Butter Cup","Ben & Jerry's Ice Cream Peanut Butter Cup","4.29","0.0","","1 pint","1 pint","17996.jpg",,"21"
"9953","Cooking Needs","Frozen Food","Ice Cream & Ice","Ben & Jerry's","Ben & Jerry's Ice Cream Phish Food","Ben & Jerry's Ice Cream Phish Food","4.29","0.0","","1 pint","1 pint","17994.jpg",,"21"
"9954","Cooking Needs","Frozen Food","Ice Cream & Ice","Ben & Jerry's","Ben & Jerry's Ice Cream Pistachio Pistachio","Ben & Jerry's Ice Cream Pistachio Pistachio","4.29","0.0","","1 pint","1 pint","18012.jpg",,"21"
"9955","Cooking Needs","Frozen Food","Ice Cream & Ice","Ben & Jerry's","Ben & Jerry's Ice Cream Salted Caramel Core","Ben & Jerry's Ice Cream Salted Caramel Core","4.59","0.0","","1 pint","1 pint","2998.jpg",,"21"
"9956","Cooking Needs","Frozen Food","Ice Cream & Ice","Ben & Jerry's","Ben & Jerry's Ice Cream Strawberry Cheesecake","Ben & Jerry's Ice Cream Strawberry Cheesecake","1.29","0.0","","4 oz","4 oz","2982.jpg",,"21"
"9957","Cooking Needs","Frozen Food","Ice Cream & Ice","Ben & Jerry's","Ben & Jerry's Ice Cream Strawberry Cheesecake","Ben & Jerry's Ice Cream Strawberry Cheesecake","4.59","0.0","","1 pint","1 pint","18007.jpg",,"21"
"9958","Cooking Needs","Frozen Food","Ice Cream & Ice","Ben & Jerry's","Ben & Jerry's Ice Cream The Tonight Dough","Ben & Jerry's Ice Cream The Tonight Dough","4.59","0.0","","1 pint","1 pint","18019.jpg",,"21"
"9959","Cooking Needs","Frozen Food","Ice Cream & Ice","Ben & Jerry's","Ben & Jerry's Ice Cream Triple Caramel Chunk","Ben & Jerry's Ice Cream Triple Caramel Chunk","4.59","0.0","","1 pint","1 pint","2989.jpg",,"21"
"9960","Cooking Needs","Frozen Food","Ice Cream & Ice","Ben & Jerry's","Ben & Jerry's Ice Cream Vanilla","Ben & Jerry's Ice Cream Vanilla","4.29","0.0","","1 pint","1 pint","2996.jpg",,"21"
"9961","Cooking Needs","Frozen Food","Ice Cream & Ice","Ben & Jerry's","Ben & Jerry's Ice Cream Vanilla Caramel Fudge","Ben & Jerry's Ice Cream Vanilla Caramel Fudge","4.59","0.0","","1 pint","1 pint","3008.jpg",,"21"
"9962","Cooking Needs","Frozen Food","Ice Cream & Ice","Ben & Jerry's","Ben & Jerry's Non Dairy Chunky Monkey","Ben & Jerry's Non Dairy Chunky Monkey","5.39","0.0","","1 pint","1 pint","3005.jpg",,"21"
"9963","Cooking Needs","Frozen Food","Ice Cream & Ice","Ben & Jerry's","Ben & Jerry's Non dairy Frozen Dessert Cherry Garcia","Ben & Jerry's Non dairy Frozen Dessert Cherry Garcia","5.39","0.0","","16 oz","16 oz","18031.jpg",,"21"
"9964","Cooking Needs","Frozen Food","Ice Cream & Ice","Ben & Jerry's","Ben & Jerry's Non dairy Frozen Dessert Chocolate Fudge Brownie","Ben & Jerry's Non dairy Frozen Dessert Chocolate Fudge Brownie","5.39","0.0","","1 pint","1 pint","18028.jpg",,"21"
"9965","Cooking Needs","Frozen Food","Ice Cream & Ice","Ben & Jerry's","Ben & Jerry's Vanilla","Ben & Jerry's Vanilla","4.09","0.0","","1 pint","1 pint","Market Basket.jpg",,"21"
"9966","Cooking Needs","Frozen Food","Ice Cream & Ice","Blue Bunny","Blue Bunny Blu's Birthday Party Ice Cream","Blue Bunny Blu's Birthday Party Ice Cream","1.29","0.0","","5.5 fl oz","5.5 fl oz","16164.jpg",,"21"
"9967","Cooking Needs","Frozen Food","Ice Cream & Ice","Blue Bunny","Blue Bunny Vanilla Cones","Blue Bunny Vanilla Cones","4.89","0.0","","8 x 2.25 oz","8 x 2.25 oz","16098.jpg",,"21"
"9968","Cooking Needs","Frozen Food","Ice Cream & Ice","Breyer's","Breyer's Frozen Dairy Dessert Butter Almond","Breyer's Frozen Dairy Dessert Butter Almond","4.79","0.0","","48 oz","48 oz","16205.jpg",,"21"
"9969","Cooking Needs","Frozen Food","Ice Cream & Ice","Breyer's","Breyer's Frozen Dairy Dessert Chocolate Chip","Breyer's Frozen Dairy Dessert Chocolate Chip","4.29","0.0","","48 oz","48 oz","18036.jpg",,"21"
"9970","Cooking Needs","Frozen Food","Ice Cream & Ice","Breyer's","Breyer's Frozen Dairy Dessert Coffee","Breyer's Frozen Dairy Dessert Coffee","4.79","0.0","","48 oz","48 oz","16188.jpg",,"21"
"9971","Cooking Needs","Frozen Food","Ice Cream & Ice","Breyer's","Breyer's Gelato Indulgences Raspberry Cheesecake","Breyer's Gelato Indulgences Raspberry Cheesecake","5.39","0.0","","28.5 oz","28.5 oz","18034.jpg",,"21"
"9972","Cooking Needs","Frozen Food","Ice Cream & Ice","Breyer's","Breyer's Ice Cream French Vanilla","Breyer's Ice Cream French Vanilla","4.99","0.0","","48 oz","48 oz","18022.jpg",,"21"
"9973","Cooking Needs","Frozen Food","Ice Cream & Ice","Breyer's","Breyer's Lactose Free Vanilla Light Ice Cream","Breyer's Lactose Free Vanilla Light Ice Cream","4.79","0.0","","48 oz","48 oz","18033.jpg",,"21"
"9974","Cooking Needs","Frozen Food","Ice Cream & Ice","Breyer's","Breyer's Light Ice Cream 2in1 Snickers M&m's","Breyer's Light Ice Cream 2in1 Snickers M&m's","4.89","0.0","","1.5 quart","1.5 quart","16177.jpg",,"21"
"9975","Cooking Needs","Frozen Food","Ice Cream & Ice","Breyer's","Breyer's Light Ice Cream Snickers","Breyer's Light Ice Cream Snickers","4.79","0.0","","48 oz","48 oz","18029.jpg",,"21"
"9976","Cooking Needs","Frozen Food","Ice Cream & Ice","Breyer's","Breyers Cookies & Cream Ice Cream","Breyers Cookies & Cream Ice Cream","4.29","0.0","","48 oz","48 oz","Market Basket.jpg",,"21"
"9977","Cooking Needs","Frozen Food","Ice Cream & Ice","Breyer's","Breyers Frozen Dairy Dessert Black Raspberry Chocolate","Breyers Frozen Dairy Dessert Black Raspberry Chocolate","4.79","0.0","","48 oz","48 oz","16144.jpg",,"21"
"9978","Cooking Needs","Frozen Food","Ice Cream & Ice","Breyer's","Breyers Frozen Dairy Dessert Chocolate Chip Cookie Dough","Breyers Frozen Dairy Dessert Chocolate Chip Cookie Dough","4.09","0.0","","48 oz","48 oz","17999.jpg",,"21"
"9979","Cooking Needs","Frozen Food","Ice Cream & Ice","Breyer's","Breyers Frozen Dairy Dessert Rocky Road","Breyers Frozen Dairy Dessert Rocky Road","4.29","0.0","","48 oz","48 oz","18030.jpg",,"21"
"9980","Cooking Needs","Frozen Food","Ice Cream & Ice","Breyer's","Breyers Frozen Dairy Dessert Vanilla","Breyers Frozen Dairy Dessert Vanilla","3.09","0.0","","48 oz","48 oz","18017.jpg",,"21"
"9981","Cooking Needs","Frozen Food","Ice Cream & Ice","Breyer's","Breyers Ice Cream Chocolate Ice Cream","Breyers Ice Cream Chocolate Ice Cream","4.79","0.0","","48 oz","48 oz","18032.jpg",,"21"
"9982","Cooking Needs","Frozen Food","Ice Cream & Ice","Breyer's","Breyers Ice Cream Mint Chocolate Chip","Breyers Ice Cream Mint Chocolate Chip","4.79","0.0","","48 oz","48 oz","18008.jpg",,"21"
"9983","Cooking Needs","Frozen Food","Ice Cream & Ice","Breyer's","Breyers Ice Cream Natural Strawberry","Breyers Ice Cream Natural Strawberry","4.79","0.0","","48 oz","48 oz","18025.jpg",,"21"
"9984","Cooking Needs","Frozen Food","Ice Cream & Ice","Breyer's","Breyers Ice Cream Natural Vanilla","Breyers Ice Cream Natural Vanilla","4.79","0.0","","48 oz","48 oz","18003.jpg",,"21"
"9985","Cooking Needs","Frozen Food","Ice Cream & Ice","Breyer's","Breyers Ice Cream Vanilla Chocolate","Breyers Ice Cream Vanilla Chocolate","4.79","0.0","","48 oz","48 oz","18006.jpg",,"21"
"9986","Cooking Needs","Frozen Food","Ice Cream & Ice","Breyer's","Breyers Ice Cream Vanilla Chocolate Strawberry","Breyers Ice Cream Vanilla Chocolate Strawberry","4.79","0.0","","48 oz","48 oz","18020.jpg",,"21"
"9987","Cooking Needs","Frozen Food","Ice Cream & Ice","Brigham's Ice Cream","Brigham's Ice Cream Chocolate","Brigham's Ice Cream Chocolate","3.69","0.0","","1 quart","1 quart","16102.jpg",,"21"
"9988","Cooking Needs","Frozen Food","Ice Cream & Ice","Brigham's Ice Cream","Brigham's Ice Cream Chocolate Chip","Brigham's Ice Cream Chocolate Chip","4.79","0.0","","1 quart","1 quart","16143.jpg",,"21"
"9989","Cooking Needs","Frozen Food","Ice Cream & Ice","Brigham's Ice Cream","Brigham's Ice Cream Coffee","Brigham's Ice Cream Coffee","3.69","0.0","","1 quart","1 quart","16125.jpg",,"21"
"9990","Cooking Needs","Frozen Food","Ice Cream & Ice","Brigham's Ice Cream","Brigham's Ice Cream Cookies 'n Cream","Brigham's Ice Cream Cookies 'n Cream","4.79","0.0","","1 quart","1 quart","16182.jpg",,"21"
"9991","Cooking Needs","Frozen Food","Ice Cream & Ice","Brigham's Ice Cream","Brigham's Ice Cream Just Jimmies","Brigham's Ice Cream Just Jimmies","3.69","0.0","","1 quart","1 quart","16169.jpg",,"21"
"9992","Cooking Needs","Frozen Food","Ice Cream & Ice","Brigham's Ice Cream","Brigham's Ice Cream Mocha Chip","Brigham's Ice Cream Mocha Chip","4.79","0.0","","1 quart","1 quart","16119.jpg",,"21"
"9993","Cooking Needs","Frozen Food","Ice Cream & Ice","Brigham's Ice Cream","Brigham's Ice Cream Natural Vanilla Bean","Brigham's Ice Cream Natural Vanilla Bean","3.69","0.0","","1 quart","1 quart","16120.jpg",,"21"
"9994","Cooking Needs","Frozen Food","Ice Cream & Ice","Brigham's Ice Cream","Brigham's Ice Cream Peppermint Stick","Brigham's Ice Cream Peppermint Stick","4.79","0.0","","1 quart","1 quart","16101.jpg",,"21"
"9995","Cooking Needs","Frozen Food","Ice Cream & Ice","Brigham's Ice Cream","Brigham's Ice Cream Strawberry","Brigham's Ice Cream Strawberry","3.69","0.0","","1 quart","1 quart","16192.jpg",,"21"
"9996","Cooking Needs","Frozen Food","Ice Cream & Ice","Brigham's Ice Cream","Brigham's Ice Cream The Big Dig","Brigham's Ice Cream The Big Dig","3.69","0.0","","1 quart","1 quart","16196.jpg",,"21"
"9997","Cooking Needs","Frozen Food","Ice Cream & Ice","Brigham's Ice Cream","Brigham's Ice Cream Vanilla","Brigham's Ice Cream Vanilla","4.79","0.0","","1 quart","1 quart","16127.jpg",,"21"
"9998","Cooking Needs","Frozen Food","Ice Cream & Ice","Dove","Dove Bar Minis Vanilla Chocolate Ice Cream with Dark Chocolate Bars","Dove Bar Minis Vanilla Chocolate Ice Cream with Dark Chocolate Bars","4.59","0.0","","14 count","14 count","16113.jpg",,"21"
"9999","Cooking Needs","Frozen Food","Ice Cream & Ice","Dove","Dove Vanilla with Milk Chocolate Ice Cream Bars","Dove Vanilla with Milk Chocolate Ice Cream Bars","4.09","0.0","","3 count","3 count","16137.jpg",,"21"
"10000","Cooking Needs","Frozen Food","Ice Cream & Ice","Dove","Dove Vanilla/Dark Chocolate","Dove Vanilla/Dark Chocolate","4.09","0.0","","3 count","3 count","16106.jpg",,"21"
"10001","Cooking Needs","Frozen Food","Ice Cream & Ice","Edy's/dreyer's","Edy's/dreyer's Caramel Delight Ice Cream","Edy's/dreyer's Caramel Delight Ice Cream","3.69","0.0","","1.5 quart","1.5 quart","3037.jpg",,"21"
"10002","Cooking Needs","Frozen Food","Ice Cream & Ice","Edy's/dreyer's","Edy's/Dreyer's Caramel Delight Light Ice Cream","Edy's/Dreyer's Caramel Delight Light Ice Cream","3.69","0.0","","1.5 quart","1.5 quart","3036.jpg",,"21"
"10003","Cooking Needs","Frozen Food","Ice Cream & Ice","Edy's/dreyer's","Edy's/Dreyer's Chocolate Chip Ice Cream","Edy's/Dreyer's Chocolate Chip Ice Cream","3.69","0.0","","1.5 quart","1.5 quart","3012.jpg",,"21"
"10004","Cooking Needs","Frozen Food","Ice Cream & Ice","Edy's/dreyer's","Edy's/Dreyer's Chocolate Chip Light Ice Cream","Edy's/Dreyer's Chocolate Chip Light Ice Cream","3.69","0.0","","48 oz","48 oz","3028.jpg",,"21"
"10005","Cooking Needs","Frozen Food","Ice Cream & Ice","Edy's/dreyer's","Edy's/Dreyer's Chocolate Peanut Butter Cup Ice Cream","Edy's/Dreyer's Chocolate Peanut Butter Cup Ice Cream","3.69","0.0","","1.5 quart","1.5 quart","3029.jpg",,"21"
"10006","Cooking Needs","Frozen Food","Ice Cream & Ice","Edy's/dreyer's","Edy's/Dreyer's Classic Vanilla Light Ice Cream","Edy's/Dreyer's Classic Vanilla Light Ice Cream","3.69","0.0","","1.5 quart","1.5 quart","3025.jpg",,"21"
"10007","Cooking Needs","Frozen Food","Ice Cream & Ice","Edy's/dreyer's","Edy's/dreyer's Coffee Ice Cream","Edy's/dreyer's Coffee Ice Cream","3.69","0.0","","1.5 quart","1.5 quart","3018.jpg",,"21"
"10008","Cooking Needs","Frozen Food","Ice Cream & Ice","Edy's/dreyer's","Edy's/Dreyer's Cookies 'N Cream Ice Cream","Edy's/Dreyer's Cookies 'N Cream Ice Cream","3.69","0.0","","1.5 quart","1.5 quart","3040.jpg",,"21"
"10009","Cooking Needs","Frozen Food","Ice Cream & Ice","Edy's/dreyer's","Edy's/Dreyer's DREYERS EDYS 48OZ LIT DBL FDGE","Edy's/Dreyer's DREYERS EDYS 48OZ LIT DBL FDGE","3.69","0.0","","48 fl oz","48 fl oz","3016.jpg",,"21"
"10010","Cooking Needs","Frozen Food","Ice Cream & Ice","Edy's/dreyer's","Edy's/Dreyer's Espresso Chip Ice Cream","Edy's/Dreyer's Espresso Chip Ice Cream","3.69","0.0","","1.5 quart","1.5 quart","3027.jpg",,"21"
"10011","Cooking Needs","Frozen Food","Ice Cream & Ice","Edy's/dreyer's","Edy's/dreyer's Fudge Tracks Light Ice Cream","Edy's/dreyer's Fudge Tracks Light Ice Cream","3.69","0.0","","48 fl oz","48 fl oz","3034.jpg",,"21"
"10012","Cooking Needs","Frozen Food","Ice Cream & Ice","Edy's/dreyer's","Edy's/Dreyer's Ice Cream Chocolate","Edy's/Dreyer's Ice Cream Chocolate","3.69","0.0","","1.5 quart","1.5 quart","3014.jpg",,"21"
"10013","Cooking Needs","Frozen Food","Ice Cream & Ice","Edy's/dreyer's","Edy's/Dreyer's Mint Chocolate Chip Ice Cream","Edy's/Dreyer's Mint Chocolate Chip Ice Cream","3.69","0.0","","1.5 quart","1.5 quart","3024.jpg",,"21"
"10014","Cooking Needs","Frozen Food","Ice Cream & Ice","Edy's/dreyer's","Edy's/dreyer's Mint Chocolate Chip Light Ice Cream","Edy's/dreyer's Mint Chocolate Chip Light Ice Cream","3.69","0.0","","48 fl oz","48 fl oz","3015.jpg",,"21"
"10015","Cooking Needs","Frozen Food","Ice Cream & Ice","Edy's/dreyer's","Edy's/Dreyer's Neapolitan Light Ice Cream","Edy's/Dreyer's Neapolitan Light Ice Cream","3.69","0.0","","1.5 quart","1.5 quart","3035.jpg",,"21"
"10016","Cooking Needs","Frozen Food","Ice Cream & Ice","Edy's/dreyer's","Edy's/Dreyer's Rocky Road Ice Cream","Edy's/Dreyer's Rocky Road Ice Cream","3.69","0.0","","1.5 quart","1.5 quart","3017.jpg",,"21"
"10017","Cooking Needs","Frozen Food","Ice Cream & Ice","Edy's/dreyer's","Edy's/Dreyer's SLOW CHURNED Chocolate Light Ice Cream","Edy's/Dreyer's SLOW CHURNED Chocolate Light Ice Cream","8.29","0.0","","48 fl oz","48 fl oz","3038.jpg",,"21"
"10018","Cooking Needs","Frozen Food","Ice Cream & Ice","Edy's/dreyer's","Edy's/dreyer's SLOW CHURNED No Sugar Added Neapolitan Light Ice Cream","Edy's/dreyer's SLOW CHURNED No Sugar Added Neapolitan Light Ice Cream","3.69","0.0","","1.5 quart","1.5 quart","3013.jpg",,"21"
"10019","Cooking Needs","Frozen Food","Ice Cream & Ice","Edy's/dreyer's","Edy's/Dreyer's SLOW CHURNED No Sugar Added Vanilla Light Ice Cream","Edy's/Dreyer's SLOW CHURNED No Sugar Added Vanilla Light Ice Cream","3.69","0.0","","1.5 quart","1.5 quart","3011.jpg",,"21"
"10020","Cooking Needs","Frozen Food","Ice Cream & Ice","Edy's/dreyer's","Edy's/Dreyer's SLOW CHURNED Vanilla Bean Light Ice Cream","Edy's/Dreyer's SLOW CHURNED Vanilla Bean Light Ice Cream","1.29","0.0","","5.8 fl oz","5.8 fl oz","3033.jpg",,"21"
"10021","Cooking Needs","Frozen Food","Ice Cream & Ice","Edy's/dreyer's","Edy's/dreyer's Spumoni Ice Cream","Edy's/dreyer's Spumoni Ice Cream","3.69","0.0","","1.5 quart","1.5 quart","3020.jpg",,"21"
"10022","Cooking Needs","Frozen Food","Ice Cream & Ice","Edy's/dreyer's","Edy's/Dreyer's Sundae Cone Ice Cream","Edy's/Dreyer's Sundae Cone Ice Cream","3.69","0.0","","1.5 quart","1.5 quart","3019.jpg",,"21"
"10023","Cooking Needs","Frozen Food","Ice Cream & Ice","Edy's/dreyer's","Edy's/Dreyer's Vanilla Bean Ice Cream","Edy's/Dreyer's Vanilla Bean Ice Cream","3.69","0.0","","1.5 quart","1.5 quart","3026.jpg",,"21"
"10024","Cooking Needs","Frozen Food","Ice Cream & Ice","Edy's/dreyer's","Edy's/dreyer's Vanilla Ice Cream","Edy's/dreyer's Vanilla Ice Cream","3.69","0.0","","1.5 quart","1.5 quart","3031.jpg",,"21"
"10025","Cooking Needs","Frozen Food","Ice Cream & Ice","Elan","Elan Chocolate Chip Low Fat Frozen Yogurt","Elan Chocolate Chip Low Fat Frozen Yogurt","3.69","0.0","","1 quart","1 quart","16158.jpg",,"21"
"10026","Cooking Needs","Frozen Food","Ice Cream & Ice","Elan","Elan Low Fat Frozen Yogurt Black Raspberry","Elan Low Fat Frozen Yogurt Black Raspberry","3.69","0.0","","1 quart","1 quart","16179.jpg",,"21"
"10027","Cooking Needs","Frozen Food","Ice Cream & Ice","Elan","Elan Low Fat Frozen Yogurt Chocolate","Elan Low Fat Frozen Yogurt Chocolate","4.79","0.0","","1 quart","1 quart","16112.jpg",,"21"
"10028","Cooking Needs","Frozen Food","Ice Cream & Ice","Elan","Elan Low Fat Frozen Yogurt Coffee","Elan Low Fat Frozen Yogurt Coffee","4.79","0.0","","1 quart","1 quart","16079.jpg",,"21"
"10029","Cooking Needs","Frozen Food","Ice Cream & Ice","Elan","Elan Low Fat Frozen Yogurt Vanilla","Elan Low Fat Frozen Yogurt Vanilla","4.79","0.0","","1 quart","1 quart","16167.jpg",,"21"
"10030","Cooking Needs","Frozen Food","Ice Cream & Ice","Friendly's","Friendly's Cherry Vanilla Premium Ice Cream","Friendly's Cherry Vanilla Premium Ice Cream","3.69","0.0","","1.5 quart","1.5 quart","3064.jpg",,"21"
"10031","Cooking Needs","Frozen Food","Ice Cream & Ice","Friendly's","Friendly's Chocolate Cake Krunch Ice Cream Bar","Friendly's Chocolate Cake Krunch Ice Cream Bar","3.69","0.0","","6 x 2.75 fl oz","6 x 2.75 fl oz","3060.jpg",,"21"
"10032","Cooking Needs","Frozen Food","Ice Cream & Ice","Friendly's","Friendly's Fudgealicious Fudge Bars","Friendly's Fudgealicious Fudge Bars","3.09","0.0","","6 x 2.75 fl oz","6 x 2.75 fl oz","3053.jpg",,"21"
"10033","Cooking Needs","Frozen Food","Ice Cream & Ice","Friendly's","Friendly's Ice Cream Homemade Vanilla","Friendly's Ice Cream Homemade Vanilla","3.09","0.0","","1.5 quart","1.5 quart","3063.jpg",,"21"
"10034","Cooking Needs","Frozen Food","Ice Cream & Ice","Friendly's","Friendly's Mint Chocolate Chip Light Ice Cream","Friendly's Mint Chocolate Chip Light Ice Cream","3.69","0.0","","1.5 quart","1.5 quart","3066.jpg",,"21"
"10035","Cooking Needs","Frozen Food","Ice Cream & Ice","Friendly's","Friendly's Premium Ice Cream Black Raspberry","Friendly's Premium Ice Cream Black Raspberry","3.69","0.0","","1.5 quart","1.5 quart","3061.jpg",,"21"
"10036","Cooking Needs","Frozen Food","Ice Cream & Ice","Friendly's","Friendly's Premium Ice Cream Butter Pecan","Friendly's Premium Ice Cream Butter Pecan","3.69","0.0","","1.5 quart","1.5 quart","3055.jpg",,"21"
"10037","Cooking Needs","Frozen Food","Ice Cream & Ice","Friendly's","Friendly's Premium Ice Cream Chocolate 'n Vanilla","Friendly's Premium Ice Cream Chocolate 'n Vanilla","3.69","0.0","","1.5 quart","1.5 quart","3047.jpg",,"21"
"10038","Cooking Needs","Frozen Food","Ice Cream & Ice","Friendly's","Friendly's Premium Ice Cream Chocolate Almond Chip","Friendly's Premium Ice Cream Chocolate Almond Chip","3.69","0.0","","1.5 quart","1.5 quart","3042.jpg",,"21"
"10039","Cooking Needs","Frozen Food","Ice Cream & Ice","Friendly's","Friendly's Premium Ice Cream Chocolate Chip","Friendly's Premium Ice Cream Chocolate Chip","3.69","0.0","","1.5 quart","1.5 quart","3057.jpg",,"21"
"10040","Cooking Needs","Frozen Food","Ice Cream & Ice","Friendly's","Friendly's Premium Ice Cream Classic Chocolate","Friendly's Premium Ice Cream Classic Chocolate","3.69","0.0","","1.5 quart","1.5 quart","3058.jpg",,"21"
"10041","Cooking Needs","Frozen Food","Ice Cream & Ice","Friendly's","Friendly's Premium Ice Cream Cookies 'n Cream","Friendly's Premium Ice Cream Cookies 'n Cream","3.69","0.0","","1.5 quart","1.5 quart","3056.jpg",,"21"
"10042","Cooking Needs","Frozen Food","Ice Cream & Ice","Friendly's","Friendly's Premium Ice Cream Forbidden Chocolate","Friendly's Premium Ice Cream Forbidden Chocolate","3.69","0.0","","1.5 quart","1.5 quart","3052.jpg",,"21"
"10043","Cooking Needs","Frozen Food","Ice Cream & Ice","Friendly's","Friendly's Premium Ice Cream Mint Chocolate Chip","Friendly's Premium Ice Cream Mint Chocolate Chip","3.69","0.0","","1.5 quart","1.5 quart","3046.jpg",,"21"
"10044","Cooking Needs","Frozen Food","Ice Cream & Ice","Friendly's","Friendly's Premium Ice Cream Orange Creme Fruit Swirl","Friendly's Premium Ice Cream Orange Creme Fruit Swirl","3.69","0.0","","1.5 quart","1.5 quart","3051.jpg",,"21"
"10045","Cooking Needs","Frozen Food","Ice Cream & Ice","Friendly's","Friendly's Premium Ice Cream Rich & Creamy Butter Crunch","Friendly's Premium Ice Cream Rich & Creamy Butter Crunch","3.69","0.0","","1.5 quart","1.5 quart","3041.jpg",,"21"
"10046","Cooking Needs","Frozen Food","Ice Cream & Ice","Friendly's","Friendly's Premium Ice Cream Rich & Creamy Coffee","Friendly's Premium Ice Cream Rich & Creamy Coffee","3.69","0.0","","1.5 quart","1.5 quart","3049.jpg",,"21"
"10047","Cooking Needs","Frozen Food","Ice Cream & Ice","Friendly's","Friendly's Premium Ice Cream Rich & Creamy Party Cake","Friendly's Premium Ice Cream Rich & Creamy Party Cake","4.89","0.0","","1.5 quart","1.5 quart","3059.jpg",,"21"
"10048","Cooking Needs","Frozen Food","Ice Cream & Ice","Friendly's","Friendly's Premium Ice Cream Rich & Creamy Strawberry","Friendly's Premium Ice Cream Rich & Creamy Strawberry","3.69","0.0","","1.5 quart","1.5 quart","3050.jpg",,"21"
"10049","Cooking Needs","Frozen Food","Ice Cream & Ice","Friendly's","Friendly's Premium Ice Cream Vanilla","Friendly's Premium Ice Cream Vanilla","3.69","0.0","","1.5 quart","1.5 quart","3054.jpg",,"21"
"10050","Cooking Needs","Frozen Food","Ice Cream & Ice","Friendly's","Friendly's Premium Ice Cream Vanilla Bean","Friendly's Premium Ice Cream Vanilla Bean","3.29","0.0","","1.5 quart","1.5 quart","3065.jpg",,"21"
"10051","Cooking Needs","Frozen Food","Ice Cream & Ice","Friendly's","Friendly's Signature Black Raspberry Ice Cream Bars","Friendly's Signature Black Raspberry Ice Cream Bars","3.69","0.0","","6 x 2.75 fl oz","6 x 2.75 fl oz","3044.jpg",,"21"
"10052","Cooking Needs","Frozen Food","Ice Cream & Ice","Friendly's","Friendly's Strawberry Cake Krunch Ice Cream Bar","Friendly's Strawberry Cake Krunch Ice Cream Bar","3.69","0.0","","6 x 2.75 fl oz","6 x 2.75 fl oz","3062.jpg",,"21"
"10053","Cooking Needs","Frozen Food","Ice Cream & Ice","Friendly's","Friendly's Sundae Original Fudge","Friendly's Sundae Original Fudge","1.29","0.0","","6 fl oz","6 fl oz","3045.jpg",,"21"
"10054","Cooking Needs","Frozen Food","Ice Cream & Ice","Friendly's","Friendly's Sundae Peanut Butter Cup","Friendly's Sundae Peanut Butter Cup","1.29","0.0","","6 fl oz","6 fl oz","3048.jpg",,"21"
"10055","Cooking Needs","Frozen Food","Ice Cream & Ice","Friendly's","Friendly's SundaeXtreme Frozen Dairy Dessert Chocolate Chip Cookie Dough","Friendly's SundaeXtreme Frozen Dairy Dessert Chocolate Chip Cookie Dough","3.69","0.0","","1.5 quart","1.5 quart","3043.jpg",,"21"
"10056","Cooking Needs","Frozen Food","Ice Cream & Ice","Frosty Paws","Frosty Paws Original Flavor Dog Treats","Frosty Paws Original Flavor Dog Treats","4.29","0.0","","4 count","4 count","16109.jpg",,"21"
"10057","Cooking Needs","Frozen Food","Ice Cream & Ice","Funpops","Funpops Assorted Freeze Pops","Funpops Assorted Freeze Pops","3.09","0.0","","2.5 fl oz","2.5 fl oz","16142.jpg",,"17"
"10058","Cooking Needs","Frozen Food","Ice Cream & Ice","Good Humor","Good Humor Bar Chocolate Eclair","Good Humor Bar Chocolate Eclair","3.69","0.0","","6 x 3 fl oz","6 x 3 fl oz","18009.jpg",,"21"
"10059","Cooking Needs","Frozen Food","Ice Cream & Ice","Good Humor","Good Humor Frozen Dessert Bars Strawberry Shortcake","Good Humor Frozen Dessert Bars Strawberry Shortcake","3.69","0.0","","6 x 3 fl oz","6 x 3 fl oz","17989.jpg",,"21"
"10060","Cooking Needs","Frozen Food","Ice Cream & Ice","Haagen-dazs","Haagen dazs Butter Pecan Ice Cream","Haagen dazs Butter Pecan Ice Cream","4.29","0.0","","14 fl oz","14 fl oz","3085.jpg",,"21"
"10061","Cooking Needs","Frozen Food","Ice Cream & Ice","Haagen-dazs","Haagen dazs Caramel Cone Ice Cream","Haagen dazs Caramel Cone Ice Cream","4.29","0.0","","1 pint","1 pint","3080.jpg",,"21"
"10062","Cooking Needs","Frozen Food","Ice Cream & Ice","Haagen-dazs","Haagen dazs Chocolate Chip Cookie Dough Ice Cream","Haagen dazs Chocolate Chip Cookie Dough Ice Cream","4.29","0.0","","1 pint","1 pint","3086.jpg",,"21"
"10063","Cooking Needs","Frozen Food","Ice Cream & Ice","Haagen-dazs","Haagen dazs Chocolate Chocolate Chip Ice Cream","Haagen dazs Chocolate Chocolate Chip Ice Cream","4.29","0.0","","14 fl oz","14 fl oz","3087.jpg",,"21"
"10064","Cooking Needs","Frozen Food","Ice Cream & Ice","Haagen-dazs","Haagen dazs Chocolate Ice Cream","Haagen dazs Chocolate Ice Cream","1.29","0.0","","3.6 fl oz","3.6 fl oz","3075.jpg",,"21"
"10065","Cooking Needs","Frozen Food","Ice Cream & Ice","Haagen-dazs","Haagen dazs Chocolate Ice Cream","Haagen dazs Chocolate Ice Cream","4.29","0.0","","14 fl oz","14 fl oz","3081.jpg",,"21"
"10066","Cooking Needs","Frozen Food","Ice Cream & Ice","Haagen-dazs","Haagen dazs Chocolate Peanut Butter Ice Cream","Haagen dazs Chocolate Peanut Butter Ice Cream","3.69","0.0","","1 pint","1 pint","3088.jpg",,"21"
"10067","Cooking Needs","Frozen Food","Ice Cream & Ice","Haagen-dazs","Haagen dazs Coffee Ice Cream","Haagen dazs Coffee Ice Cream","3.69","0.0","","14 fl oz","14 fl oz","3074.jpg",,"21"
"10068","Cooking Needs","Frozen Food","Ice Cream & Ice","Haagen-dazs","Haagen dazs Coffee Ice Cream","Haagen dazs Coffee Ice Cream","7.39","0.0","","28 fl oz","28 fl oz","3076.jpg",,"21"
"10069","Cooking Needs","Frozen Food","Ice Cream & Ice","Haagen-dazs","Haagen dazs Coffee Ice Cream","Haagen dazs Coffee Ice Cream","1.29","0.0","","3.6 fl oz","3.6 fl oz","3079.jpg",,"21"
"10070","Cooking Needs","Frozen Food","Ice Cream & Ice","Haagen-dazs","Haagen dazs Double Belgian Chocolate Chip Ice Cream","Haagen dazs Double Belgian Chocolate Chip Ice Cream","4.29","0.0","","14 fl oz","14 fl oz","3070.jpg",,"21"
"10071","Cooking Needs","Frozen Food","Ice Cream & Ice","Haagen-dazs","Haagen dazs Ice Cream Dulce De Leche Caramel","Haagen dazs Ice Cream Dulce De Leche Caramel","4.79","0.0","","14 oz","14 oz","3071.jpg",,"21"
"10072","Cooking Needs","Frozen Food","Ice Cream & Ice","Haagen-dazs","Haagen dazs Mint Chip Ice Cream","Haagen dazs Mint Chip Ice Cream","3.69","0.0","","1 pint","1 pint","3077.jpg",,"21"
"10073","Cooking Needs","Frozen Food","Ice Cream & Ice","Haagen-dazs","Haagen dazs Pineapple Coconut Ice Cream","Haagen dazs Pineapple Coconut Ice Cream","4.29","0.0","","1 pint","1 pint","3082.jpg",,"21"
"10074","Cooking Needs","Frozen Food","Ice Cream & Ice","Haagen-dazs","Haagen dazs Rum Raisin Ice Cream","Haagen dazs Rum Raisin Ice Cream","4.29","0.0","","14 fl oz","14 fl oz","3084.jpg",,"21"
"10075","Cooking Needs","Frozen Food","Ice Cream & Ice","Haagen-dazs","Haagen dazs Strawberry Ice Cream","Haagen dazs Strawberry Ice Cream","4.79","0.0","","14 fl oz","14 fl oz","3067.jpg",,"21"
"10076","Cooking Needs","Frozen Food","Ice Cream & Ice","Haagen-dazs","Haagen dazs Strawberry Ice Cream","Haagen dazs Strawberry Ice Cream","1.29","0.0","","3.6 fl oz","3.6 fl oz","3068.jpg",,"21"
"10077","Cooking Needs","Frozen Food","Ice Cream & Ice","Haagen-dazs","Haagen Dazs Strawberry Ice Cream","Haagen Dazs Strawberry Ice Cream","7.39","0.0","","28 fl oz","28 fl oz","3078.jpg",,"21"
"10078","Cooking Needs","Frozen Food","Ice Cream & Ice","Haagen-dazs","Haagen dazs Sweet Cream Coffee Caramel Ice Cream","Haagen dazs Sweet Cream Coffee Caramel Ice Cream","3.69","0.0","","14 fl oz","14 fl oz","18037.jpg",,"21"
"10079","Cooking Needs","Frozen Food","Ice Cream & Ice","Haagen-dazs","Haagen dazs Vanilla Bean Ice Cream","Haagen dazs Vanilla Bean Ice Cream","4.29","0.0","","1 pint","1 pint","3072.jpg",,"21"
"10080","Cooking Needs","Frozen Food","Ice Cream & Ice","Haagen-dazs","Haagen dazs Vanilla Ice Cream","Haagen dazs Vanilla Ice Cream","1.29","0.0","","3.6 fl oz","3.6 fl oz","3069.jpg",,"21"
"10081","Cooking Needs","Frozen Food","Ice Cream & Ice","Haagen-dazs","Haagen Dazs Vanilla Ice Cream","Haagen Dazs Vanilla Ice Cream","4.79","0.0","","14 fl oz","14 fl oz","3073.jpg",,"21"
"10082","Cooking Needs","Frozen Food","Ice Cream & Ice","Haagen-dazs","Haagen Dazs Vanilla Ice Cream","Haagen Dazs Vanilla Ice Cream","7.39","0.0","","28 fl oz","28 fl oz","3083.jpg",,"21"
"10083","Cooking Needs","Frozen Food","Ice Cream & Ice","Halo Top","Halo Top Creamery Light Ice Cream Chocolate Almond Crunch","Halo Top Creamery Light Ice Cream Chocolate Almond Crunch","4.89","0.0","","1 pint","1 pint","16180.jpg",,"21"
"10084","Cooking Needs","Frozen Food","Ice Cream & Ice","Halo Top","Halo Top Creamery Light Ice Cream Cookies & Cream","Halo Top Creamery Light Ice Cream Cookies & Cream","4.29","0.0","","1 pint","1 pint","16093.jpg",,"21"
"10085","Cooking Needs","Frozen Food","Ice Cream & Ice","Halo Top","Halo Top Creamery Mocha Chip","Halo Top Creamery Mocha Chip","6.09","0.0","","16 oz","16 oz","16168.jpg",,"21"
"10086","Cooking Needs","Frozen Food","Ice Cream & Ice","Halo Top","Halo Top Dairy Free Frozen Dessert Sea Salt Caramel","Halo Top Dairy Free Frozen Dessert Sea Salt Caramel","4.89","0.0","","1 pint","1 pint","16141.jpg",,"21"
"10087","Cooking Needs","Frozen Food","Ice Cream & Ice","Hood","Hood Frozen Yogurt Fat Free Vanilla","Hood Frozen Yogurt Fat Free Vanilla","3.69","0.0","","1.5 quart","1.5 quart","3098.jpg",,"21"
"10088","Cooking Needs","Frozen Food","Ice Cream & Ice","Hood","Hood Frozen Yogurt Low Fat Chocolate Fudge Brownie","Hood Frozen Yogurt Low Fat Chocolate Fudge Brownie","3.69","0.0","","1.5 quart","1.5 quart","3112.jpg",,"21"
"10089","Cooking Needs","Frozen Food","Ice Cream & Ice","Hood","Hood Hoodsie Cups Vanilla And Chocolate Ice Cream","Hood Hoodsie Cups Vanilla And Chocolate Ice Cream","3.69","0.0","","3 fl oz","3 fl oz","3091.jpg",,"21"
"10090","Cooking Needs","Frozen Food","Ice Cream & Ice","Hood","Hood Ice Cream Chocolate","Hood Ice Cream Chocolate","3.69","0.0","","1.5 quart","1.5 quart","3107.jpg",,"21"
"10091","Cooking Needs","Frozen Food","Ice Cream & Ice","Hood","Hood Ice Cream Chocolate Chip","Hood Ice Cream Chocolate Chip","3.69","0.0","","1.5 quart","1.5 quart","3095.jpg",,"21"
"10092","Cooking Needs","Frozen Food","Ice Cream & Ice","Hood","Hood Ice Cream Churned Under The Stars","Hood Ice Cream Churned Under The Stars","3.09","0.0","","1.5 quart","1.5 quart","3111.jpg",,"21"
"10093","Cooking Needs","Frozen Food","Ice Cream & Ice","Hood","Hood Ice Cream Classic Trio","Hood Ice Cream Classic Trio","3.69","0.0","","1.5 quart","1.5 quart","3096.jpg",,"21"
"10094","Cooking Needs","Frozen Food","Ice Cream & Ice","Hood","Hood Ice Cream Cookie Dough","Hood Ice Cream Cookie Dough","3.69","0.0","","1.5 quart","1.5 quart","3102.jpg",,"21"
"10095","Cooking Needs","Frozen Food","Ice Cream & Ice","Hood","Hood Ice Cream Cookies 'n Cream","Hood Ice Cream Cookies 'n Cream","3.69","0.0","","1.5 quart","1.5 quart","3092.jpg",,"21"
"10096","Cooking Needs","Frozen Food","Ice Cream & Ice","Hood","Hood Ice Cream Creamy Coffee","Hood Ice Cream Creamy Coffee","3.69","0.0","","1.5 quart","1.5 quart","3094.jpg",,"21"
"10097","Cooking Needs","Frozen Food","Ice Cream & Ice","Hood","Hood Ice Cream Golden Vanilla","Hood Ice Cream Golden Vanilla","3.69","0.0","","1.5 quart","1.5 quart","3101.jpg",,"21"
"10098","Cooking Needs","Frozen Food","Ice Cream & Ice","Hood","Hood Ice Cream Maple Walnut Flavored","Hood Ice Cream Maple Walnut Flavored","3.69","0.0","","1.5 quart","1.5 quart","3108.jpg",,"21"
"10099","Cooking Needs","Frozen Food","Ice Cream & Ice","Hood","Hood Ice Cream New England Creamery Bear Creek Caramel","Hood Ice Cream New England Creamery Bear Creek Caramel","3.69","0.0","","1.5 quart","1.5 quart","3099.jpg",,"21"
"10100","Cooking Needs","Frozen Food","Ice Cream & Ice","Hood","Hood Ice Cream New England Creamery Boston Vanilla Bean","Hood Ice Cream New England Creamery Boston Vanilla Bean","3.09","0.0","","1.5 quart","1.5 quart","3110.jpg",,"21"
"10101","Cooking Needs","Frozen Food","Ice Cream & Ice","Hood","Hood Ice Cream New England Creamery Down East Double Chocolate Brownie","Hood Ice Cream New England Creamery Down East Double Chocolate Brownie","3.69","0.0","","1.5 quart","1.5 quart","3106.jpg",,"21"
"10102","Cooking Needs","Frozen Food","Ice Cream & Ice","Hood","Hood Ice Cream Peanut Butter Cup","Hood Ice Cream Peanut Butter Cup","3.69","0.0","","1.5 quart","1.5 quart","3103.jpg",,"21"
"10103","Cooking Needs","Frozen Food","Ice Cream & Ice","Hood","Hood Ice Cream Sandwiches Vanilla","Hood Ice Cream Sandwiches Vanilla","3.09","0.0","","10 x 3.75 fl oz","10 x 3.75 fl oz","3090.jpg",,"21"
"10104","Cooking Needs","Frozen Food","Ice Cream & Ice","Hood","Hood Ice Cream Vanilla Bean","Hood Ice Cream Vanilla Bean","3.69","0.0","","1.5 quart","1.5 quart","3097.jpg",,"21"
"10105","Cooking Needs","Frozen Food","Ice Cream & Ice","Hood","Hood Light Ice Cream Churned Vanilla","Hood Light Ice Cream Churned Vanilla","3.09","0.0","","1.5 quart","1.5 quart","3113.jpg",,"21"
"10106","Cooking Needs","Frozen Food","Ice Cream & Ice","Hood","Hood Mini Ice Cream Sandwiches 90 Calories","Hood Mini Ice Cream Sandwiches 90 Calories","4.09","0.0","","16 x 2 fl oz","16 x 2 fl oz","3093.jpg",,"21"
"10107","Cooking Needs","Frozen Food","Ice Cream & Ice","Hood","Hood Mint Chocolate Chip Ice Cream","Hood Mint Chocolate Chip Ice Cream","3.69","0.0","","1.5 quart","1.5 quart","3105.jpg",,"21"
"10108","Cooking Needs","Frozen Food","Ice Cream & Ice","Hood","Hood New England Creamery Mt. Washington Chocolate Peanut Butter Cup Ice Cream","Hood New England Creamery Mt. Washington Chocolate Peanut Butter Cup Ice Cream","3.69","0.0","","1.5 quart","1.5 quart","3104.jpg",,"21"
"10109","Cooking Needs","Frozen Food","Ice Cream & Ice","Hood","Hood Rainbow Fat Free Sherbet","Hood Rainbow Fat Free Sherbet","3.69","0.0","","1.5 quart","1.5 quart","3100.jpg",,"21"
"10110","Cooking Needs","Frozen Food","Ice Cream & Ice","Hood","Hood Red Sox Frozen Dairy Dessert Green Monster Mint","Hood Red Sox Frozen Dairy Dessert Green Monster Mint","3.69","0.0","","1.5 quart","1.5 quart","3109.jpg",,"21"
"10111","Cooking Needs","Frozen Food","Ice Cream & Ice","Hood","Hood Sherbet Orange","Hood Sherbet Orange","2.39","0.0","","32 fl oz","32 fl oz","Market Basket.jpg",,"21"
"10112","Cooking Needs","Frozen Food","Ice Cream & Ice","Kemps","Kemps Chocolate Chip Cookie Dough Frozen Yogurt","Kemps Chocolate Chip Cookie Dough Frozen Yogurt","3.69","0.0","","1.5 quart","1.5 quart","16111.jpg",,"21"
"10113","Cooking Needs","Frozen Food","Ice Cream & Ice","Kemps","Kemps Chocolate Chip Smooth & Creamy Frozen Yogurt","Kemps Chocolate Chip Smooth & Creamy Frozen Yogurt","3.69","0.0","","1.5 quart","1.5 quart","16206.jpg",,"21"
"10114","Cooking Needs","Frozen Food","Ice Cream & Ice","Kemps","Kemps Fat Free No Sugar Added Vanilla Frozen Yogurt","Kemps Fat Free No Sugar Added Vanilla Frozen Yogurt","3.69","0.0","","1.5 quart","1.5 quart","16198.jpg",,"21"
"10115","Cooking Needs","Frozen Food","Ice Cream & Ice","Kemps","Kemps Low Fat Chocolate Caramel Brownie Frozen Yogurt","Kemps Low Fat Chocolate Caramel Brownie Frozen Yogurt","3.69","0.0","","1.5 quart","1.5 quart","16132.jpg",,"21"
"10116","Cooking Needs","Frozen Food","Ice Cream & Ice","Kemps","Kemps Low Fat Strawberry Frozen Yogurt","Kemps Low Fat Strawberry Frozen Yogurt","3.69","0.0","","1.5 quart","1.5 quart","16157.jpg",,"21"
"10117","Cooking Needs","Frozen Food","Ice Cream & Ice","Kemps","Kemps Smooth & Creamy Frozen Yogurt Black Jack Cherry","Kemps Smooth & Creamy Frozen Yogurt Black Jack Cherry","4.09","0.0","","48 oz","48 oz","16184.jpg",,"21"
"10118","Cooking Needs","Frozen Food","Ice Cream & Ice","Kemps","Kemps Vanilla Frozen Yogurt","Kemps Vanilla Frozen Yogurt","3.69","0.0","","1.5 quart","1.5 quart","16197.jpg",,"21"
"10119","Cooking Needs","Frozen Food","Ice Cream & Ice","Klondike","Klondike Ice Cream & Frozen Dessert Bars Toffee","Klondike Ice Cream & Frozen Dessert Bars Toffee","4.09","0.0","","6 count","6 count","18018.jpg",,"21"
"10120","Cooking Needs","Frozen Food","Ice Cream & Ice","Klondike","Klondike Ice Cream & Frozen Dessert Bars Vanilla","Klondike Ice Cream & Frozen Dessert Bars Vanilla","4.09","0.0","","6 x 4.5 fl oz","6 x 4.5 fl oz","17987.jpg",,"21"
"10121","Cooking Needs","Frozen Food","Ice Cream & Ice","Klondike","Klondike Ice Cream & Frozen Dessert Sandwiches Oreo","Klondike Ice Cream & Frozen Dessert Sandwiches Oreo","4.09","0.0","","4 fl oz","4 fl oz","17990.jpg",,"21"
"10122","Cooking Needs","Frozen Food","Ice Cream & Ice","Klondike","Klondike Ice Cream Bars Dark Chocolate","Klondike Ice Cream Bars Dark Chocolate","4.09","0.0","","6 count","6 count","18021.jpg",,"21"
"10123","Cooking Needs","Frozen Food","Ice Cream & Ice","Klondike","Klondike Ice Cream Bars Krunch No Sugar Added","Klondike Ice Cream Bars Krunch No Sugar Added","4.09","0.0","","6 count","6 count","16173.jpg",,"21"
"10124","Cooking Needs","Frozen Food","Ice Cream & Ice","Klondike","Klondike Ice Cream Bars Mint Chocolate Chip","Klondike Ice Cream Bars Mint Chocolate Chip","4.09","0.0","","6 count","6 count","18016.jpg",,"21"
"10125","Cooking Needs","Frozen Food","Ice Cream & Ice","Klondike","Klondike Ice Cream Bars Neapolitan","Klondike Ice Cream Bars Neapolitan","4.09","0.0","","6 x 4.5 fl oz","6 x 4.5 fl oz","16195.jpg",,"21"
"10126","Cooking Needs","Frozen Food","Ice Cream & Ice","Klondike","Klondike Ice Cream Bars Reese's","Klondike Ice Cream Bars Reese's","4.09","0.0","","6 count","6 count","18023.jpg",,"21"
"10127","Cooking Needs","Frozen Food","Ice Cream & Ice","Klondike","Klondike Ice Cream Bars Vanilla No Sugar Added","Klondike Ice Cream Bars Vanilla No Sugar Added","4.09","0.0","","6 x 4 fl oz","6 x 4 fl oz","16117.jpg",,"21"
"10128","Cooking Needs","Frozen Food","Ice Cream & Ice","Klondike","Klondike Ice Cream Sandwiches Mrs Fields","Klondike Ice Cream Sandwiches Mrs Fields","4.09","0.0","","4 count","4 count","17995.jpg",,"21"
"10129","Cooking Needs","Frozen Food","Ice Cream & Ice","Klondike","Klondike Ice Cream Tacos Vanilla","Klondike Ice Cream Tacos Vanilla","4.09","0.0","","4 x 3.5 fl oz","4 x 3.5 fl oz","18001.jpg",,"21"
"10130","Cooking Needs","Frozen Food","Ice Cream & Ice","Klondike","Klondike original","Klondike original","3.69","0.0","","8 count","8 count","18038.jpg",,"21"
"10131","Cooking Needs","Frozen Food","Ice Cream & Ice","Lactaid","Lactaid 100% Lactose Free Ice Cream Vanilla","Lactaid 100% Lactose Free Ice Cream Vanilla","3.89","0.0","","1 quart","1 quart","16126.jpg",,"21"
"10132","Cooking Needs","Frozen Food","Ice Cream & Ice","Lactaid","Lactaid Lactose Free Vanilla Ice Cream","Lactaid Lactose Free Vanilla Ice Cream","3.89","0.0","","1 quart","1 quart","16183.jpg",,"21"
"10133","Cooking Needs","Frozen Food","Ice Cream & Ice","Lindy's","Lindy's Homemade Italian Ice Classic Combo (Watermelon/Strawberry)","Lindy's Homemade Italian Ice Classic Combo (Watermelon/Strawberry)","2.49","0.0","","6 fl oz","6 fl oz","16091.jpg",,"21"
"10134","Cooking Needs","Frozen Food","Ice Cream & Ice","Lindy's","Lindy's Homemade Italian Ice Orange","Lindy's Homemade Italian Ice Orange","2.49","0.0","","6 fl oz","6 fl oz","16175.jpg",,"21"
"10135","Cooking Needs","Frozen Food","Ice Cream & Ice","Lindy's","Lindy's Homemade Italian Ice Tropical Combo (Mango/Pineapple)","Lindy's Homemade Italian Ice Tropical Combo (Mango/Pineapple)","2.49","0.0","","6 fl oz","6 fl oz","16083.jpg",,"21"
"10136","Cooking Needs","Frozen Food","Ice Cream & Ice","Lindy's","Lindy's Homemade Watermelon Italian Ice","Lindy's Homemade Watermelon Italian Ice","2.49","0.0","","6 fl oz","6 fl oz","16087.jpg",,"21"
"10137","Cooking Needs","Frozen Food","Ice Cream & Ice","Luigi's","Luigi's Italian Ice, Lemon & Cherry, Box","Luigi's Italian Ice, Lemon & Cherry, Box","3.69","0.0","","6 x 4 oz","6 x 4 oz","16150.jpg",,"21"
"10138","Cooking Needs","Frozen Food","Ice Cream & Ice","Luigi's","Luigi's Italian Ice, Orange, Box","Luigi's Italian Ice, Orange, Box","2.49","0.0","","6 fl oz","6 fl oz","16207.jpg",,"21"
"10139","Cooking Needs","Frozen Food","Ice Cream & Ice","Luigi's","Luigi's Lemon Strawberry Real Italian Ice","Luigi's Lemon Strawberry Real Italian Ice","2.49","0.0","","6 fl oz","6 fl oz","16082.jpg",,"21"
"10140","Cooking Needs","Frozen Food","Ice Cream & Ice","Luigi's","Luigi's Real Italian Ice Lemon","Luigi's Real Italian Ice Lemon","2.49","0.0","","1 oz","1 oz","16105.jpg",,"21"
"10141","Cooking Needs","Frozen Food","Ice Cream & Ice","Luigi's","Luigi's Real Italian Ice Mango","Luigi's Real Italian Ice Mango","2.49","0.0","","6 fl oz","6 fl oz","16122.jpg",,"21"
"10142","Cooking Needs","Frozen Food","Ice Cream & Ice","M&M's","M&M's Chocolate Ice Cream with Chocolate Candies","M&M's Chocolate Ice Cream with Chocolate Candies","2.49","0.0","","16 fl oz","16 fl oz","16088.jpg",,"21"
"10143","Cooking Needs","Frozen Food","Ice Cream & Ice","M&M's","M&M's Ice Cream Cookie Sandwich","M&M's Ice Cream Cookie Sandwich","5.29","0.0","","6 x 24 fl oz","6 x 24 fl oz","16145.jpg",,"21"
"10144","Cooking Needs","Frozen Food","Ice Cream & Ice","Magnum","Magnum Ice Cream Bars Double Caramel","Magnum Ice Cream Bars Double Caramel","4.29","0.0","","3 x 3.38 fl oz","3 x 3.38 fl oz","17991.jpg",,"21"
"10145","Cooking Needs","Frozen Food","Ice Cream & Ice","Magnum","Magnum Ice Cream Bars Double Chocolate","Magnum Ice Cream Bars Double Chocolate","4.29","0.0","","3 count","3 count","18011.jpg",,"21"
"10146","Cooking Needs","Frozen Food","Ice Cream & Ice","Magnum","Magnum Ice Cream Bars White","Magnum Ice Cream Bars White","4.29","0.0","","9.12 oz","9.12 oz","18010.jpg",,"21"
"10147","Cooking Needs","Frozen Food","Ice Cream & Ice","Marinos","Marinos Italian Ices Marinos Lemon Italian Ice","Marinos Italian Ices Marinos Lemon Italian Ice","2.49","0.0","","6 fl oz","6 fl oz","16191.jpg",,"21"
"10148","Cooking Needs","Frozen Food","Ice Cream & Ice","Marinos","Marinos Italian Ices Marinos Rainbow Italian Ice","Marinos Italian Ices Marinos Rainbow Italian Ice","2.49","0.0","","6 fl oz","6 fl oz","16110.jpg",,"21"
"10149","Cooking Needs","Frozen Food","Ice Cream & Ice","Marinos","Marinos Italian Ices Marinos Watermelon Italian Ice","Marinos Italian Ices Marinos Watermelon Italian Ice","2.49","0.0","","6 fl oz","6 fl oz","16186.jpg",,"21"
"10150","Cooking Needs","Frozen Food","Ice Cream & Ice","Market Basket","Drumstick Classic Vanilla Ice Cream Cones","Drumstick Classic Vanilla Ice Cream Cones","6.69","0.0","","8 count","8 count","16103.jpg",,"21"
"10151","Cooking Needs","Frozen Food","Ice Cream & Ice","Market Basket","Drumstick Dairy Dessert Cones Vanilla Fudge","Drumstick Dairy Dessert Cones Vanilla Fudge","4.29","0.0","","4 count","4 count","16159.jpg",,"21"
"10152","Cooking Needs","Frozen Food","Ice Cream & Ice","Market Basket","Drumstick Dairy Dessert Cones Variety Pack","Drumstick Dairy Dessert Cones Variety Pack","6.69","0.0","","8 count","8 count","16095.jpg",,"21"
"10153","Cooking Needs","Frozen Food","Ice Cream & Ice","Market Basket","Drumstick Ice Cream Cones Variety Pack","Drumstick Ice Cream Cones Variety Pack","6.69","0.0","","12 count","12 count","16084.jpg",,"21"
"10154","Cooking Needs","Frozen Food","Ice Cream & Ice","Market Basket","Drumstick Vanilla Frozen Dairy Dessert Cones","Drumstick Vanilla Frozen Dairy Dessert Cones","4.36","0.0","","4 count","4 count","16149.jpg",,"21"
"10155","Cooking Needs","Frozen Food","Ice Cream & Ice","Market Basket","Drumstick Vanilla Frozen Dairy Dessert Cones","Drumstick Vanilla Frozen Dairy Dessert Cones","4.29","0.0","","4 count","4 count","16151.jpg",,"21"
"10156","Cooking Needs","Frozen Food","Ice Cream & Ice","Market Basket","Market Basket Chocolate Ice Cream","Market Basket Chocolate Ice Cream","3.09","0.0","","1.75 quart","1.75 quart","Market Basket.jpg",,"21"
"10157","Cooking Needs","Frozen Food","Ice Cream & Ice","Market Basket","Market Basket Chocolate Ice Cream","Market Basket Chocolate Ice Cream","3.49","0.0","","1.5 quart","1.5 quart","Market Basket.jpg",,"21"
"10158","Cooking Needs","Frozen Food","Ice Cream & Ice","Market Basket","Market Basket Cookies N Cream Ice Cream","Market Basket Cookies N Cream Ice Cream","2.49","0.0","","1.75 quart","1.75 quart","Market Basket.jpg",,"21"
"10159","Cooking Needs","Frozen Food","Ice Cream & Ice","Market Basket","Market Basket Cookies N Creme Ice Cream","Market Basket Cookies N Creme Ice Cream","3.09","0.0","","1.5 quart","1.5 quart","Market Basket.jpg",,"21"
"10160","Cooking Needs","Frozen Food","Ice Cream & Ice","Market Basket","Market Basket Ice Cream","Market Basket Ice Cream","2.49","0.0","","1.75 quart","1.75 quart","Market Basket.jpg",,"21"
"10161","Cooking Needs","Frozen Food","Ice Cream & Ice","Market Basket","Market Basket Ice Cream","Market Basket Ice Cream","2.49","0.0","","1.75 quart","1.75 quart","Market Basket.jpg",,"21"
"10162","Cooking Needs","Frozen Food","Ice Cream & Ice","Market Basket","Market Basket Ice Cream","Market Basket Ice Cream","2.49","0.0","","1.75 quart","1.75 quart","Market Basket.jpg",,"21"
"10163","Cooking Needs","Frozen Food","Ice Cream & Ice","Market Basket","Market Basket Ice Cream","Market Basket Ice Cream","2.49","0.0","","1.75 quart","1.75 quart","Market Basket.jpg",,"21"
"10164","Cooking Needs","Frozen Food","Ice Cream & Ice","Market Basket","Market Basket Ice Cream Sandwiches, 12 Ct","Market Basket Ice Cream Sandwiches, 12 Ct","3.59","0.0","","38.4 oz","38.4 oz","Market Basket.jpg",,"21"
"10165","Cooking Needs","Frozen Food","Ice Cream & Ice","Market Basket","Market Basket Light Ice Cream","Market Basket Light Ice Cream","2.49","0.0","","1.75 quart","1.75 quart","Market Basket.jpg",,"21"
"10166","Cooking Needs","Frozen Food","Ice Cream & Ice","Market Basket","Market Basket Light Ice Cream","Market Basket Light Ice Cream","2.49","0.0","","1.75 quart","1.75 quart","Market Basket.jpg",,"21"
"10167","Cooking Needs","Frozen Food","Ice Cream & Ice","Market Basket","Market Basket Light Ice Cream Coffee Fudge","Market Basket Light Ice Cream Coffee Fudge","2.49","0.0","","1.75 quart","1.75 quart","Market Basket.jpg",,"21"
"10168","Cooking Needs","Frozen Food","Ice Cream & Ice","Market Basket","Market Basket Light Ice Cream Cookies N Cream","Market Basket Light Ice Cream Cookies N Cream","2.49","0.0","","1.75 quart","1.75 quart","Market Basket.jpg",,"21"
"10169","Cooking Needs","Frozen Food","Ice Cream & Ice","Market Basket","Market Basket Light Ice Cream Vanilla","Market Basket Light Ice Cream Vanilla","2.49","0.0","","1.75 quart","1.75 quart","Market Basket.jpg",,"21"
"10170","Cooking Needs","Frozen Food","Ice Cream & Ice","Market Basket","Market Basket Premium Choice Ice Cream","Market Basket Premium Choice Ice Cream","3.59","0.0","","1 ct","1 ct","Market Basket.jpg",,"21"
"10171","Cooking Needs","Frozen Food","Ice Cream & Ice","Market Basket","Market Basket Sparkling Ice","Market Basket Sparkling Ice","1.29","0.0","","5 lb","5 lb","Market Basket.jpg",,"21"
"10172","Cooking Needs","Frozen Food","Ice Cream & Ice","Market Basket","Market Basket Sparkling Ice","Market Basket Sparkling Ice","3.09","0.0","","15 lb","15 lb","Market Basket.jpg",,"21"
"10173","Cooking Needs","Frozen Food","Ice Cream & Ice","Market Basket","Market Basket Strawberry Ice Cream","Market Basket Strawberry Ice Cream","2.49","0.0","","1.75 quart","1.75 quart","Market Basket.jpg",,"21"
"10174","Cooking Needs","Frozen Food","Ice Cream & Ice","Market Basket","Market Basket Sugar Cones","Market Basket Sugar Cones","1.59","0.0","","1 ct","1 ct","Market Basket.jpg",,"21"
"10175","Cooking Needs","Frozen Food","Ice Cream & Ice","Market Basket","Market Basket Vanilla Bean Ice Cream","Market Basket Vanilla Bean Ice Cream","3.49","0.0","","1.5 quart","1.5 quart","Market Basket.jpg",,"21"
"10176","Cooking Needs","Frozen Food","Ice Cream & Ice","Natural Rocks","Natural Rocks Spring Water Ice Cubes Cocktail Style","Natural Rocks Spring Water Ice Cubes Cocktail Style","1.59","0.0","","5 lb","5 lb","16080.jpg",,"21"
"10177","Cooking Needs","Frozen Food","Ice Cream & Ice","Northstar","Northstar Pops, Lotta Cremes, Box","Northstar Pops, Lotta Cremes, Box","3.69","0.0","","20 x 1.75 fl oz","20 x 1.75 fl oz","16176.jpg",,"21"
"10178","Cooking Needs","Frozen Food","Ice Cream & Ice","Northstar","Northstar Pops, Lotta Fruita, Box","Northstar Pops, Lotta Fruita, Box","3.69","0.0","","20 x 1.75 fl oz","20 x 1.75 fl oz","16199.jpg",,"21"
"10179","Cooking Needs","Frozen Food","Ice Cream & Ice","Northstar","Northstar Pops, Lotta Juice","Northstar Pops, Lotta Juice","3.69","0.0","","20 x 1.75 fl oz","20 x 1.75 fl oz","16077.jpg",,"21"
"10180","Cooking Needs","Frozen Food","Ice Cream & Ice","Northstar","Northstar Pops, Lotta Patriot","Northstar Pops, Lotta Patriot","6.09","0.0","","20 x 1.75 fl oz","20 x 1.75 fl oz","16211.jpg",,"21"
"10181","Cooking Needs","Frozen Food","Ice Cream & Ice","Oreo","Breyer's Frozen Dairy Dessert 2in1 Oreo Chips Ahoy!","Breyer's Frozen Dairy Dessert 2in1 Oreo Chips Ahoy!","4.79","0.0","","1.5 quart","1.5 quart","16114.jpg",,"21"
"10182","Cooking Needs","Frozen Food","Ice Cream & Ice","Oreo","Breyer's Frozen Dairy Dessert Oreo Cookies & Cream","Breyer's Frozen Dairy Dessert Oreo Cookies & Cream","4.09","0.0","","48 oz","48 oz","17988.jpg",,"21"
"10183","Cooking Needs","Frozen Food","Ice Cream & Ice","Outshine","Outshine Creamy Coconut Fruit and Dairy Bars","Outshine Creamy Coconut Fruit and Dairy Bars","4.29","0.0","","6 count","6 count","3160.jpg",,"21"
"10184","Cooking Needs","Frozen Food","Ice Cream & Ice","Outshine","Outshine Fruit & Veggie Bars Strawberry Rhubarb, Tangerine Medley, Blueberry Medley","Outshine Fruit & Veggie Bars Strawberry Rhubarb, Tangerine Medley, Blueberry Medley","3.09","0.0","","6 count","6 count","3157.jpg",,"21"
"10185","Cooking Needs","Frozen Food","Ice Cream & Ice","Outshine","Outshine Fruit & Veggie Bars, Assorted","Outshine Fruit & Veggie Bars, Assorted","4.29","0.0","","12 x 1.5 fl oz","12 x 1.5 fl oz","16160.jpg",,"21"
"10186","Cooking Needs","Frozen Food","Ice Cream & Ice","Outshine","Outshine Fruit Bars,Variety, No Sugar Added","Outshine Fruit Bars,Variety, No Sugar Added","4.29","0.0","","12 count","12 count","3158.jpg",,"21"
"10187","Cooking Needs","Frozen Food","Ice Cream & Ice","Outshine","Outshine Grape Fruit Bars","Outshine Grape Fruit Bars","4.29","0.0","","6 count","6 count","3167.jpg",,"21"
"10188","Cooking Needs","Frozen Food","Ice Cream & Ice","Outshine","Outshine Lemon Bars","Outshine Lemon Bars","4.29","0.0","","6 count","6 count","3161.jpg",,"21"
"10189","Cooking Needs","Frozen Food","Ice Cream & Ice","Outshine","Outshine Lime Fruit Ice Bars","Outshine Lime Fruit Ice Bars","4.29","0.0","","6 count","6 count","3163.jpg",,"21"
"10190","Cooking Needs","Frozen Food","Ice Cream & Ice","Outshine","Outshine Mango Fruit Ice Bars","Outshine Mango Fruit Ice Bars","3.69","0.0","","6 count","6 count","3159.jpg",,"21"
"10191","Cooking Needs","Frozen Food","Ice Cream & Ice","Outshine","Outshine Peach Fruit Bars","Outshine Peach Fruit Bars","3.09","0.0","","6 count","6 count","3164.jpg",,"21"
"10192","Cooking Needs","Frozen Food","Ice Cream & Ice","Outshine","Outshine Pineapple Fruit Bars","Outshine Pineapple Fruit Bars","4.29","0.0","","6 x 14.7 fl oz","6 x 14.7 fl oz","3156.jpg",,"21"
"10193","Cooking Needs","Frozen Food","Ice Cream & Ice","Outshine","Outshine Pomegranate Fruit Bars","Outshine Pomegranate Fruit Bars","4.29","0.0","","6 count","6 count","3166.jpg",,"21"
"10194","Cooking Needs","Frozen Food","Ice Cream & Ice","Outshine","Outshine Strawberry Fruit Bars","Outshine Strawberry Fruit Bars","3.69","0.0","","12 count","12 count","3155.jpg",,"21"
"10195","Cooking Needs","Frozen Food","Ice Cream & Ice","Outshine","Outshine Strawberry Fruit Bars","Outshine Strawberry Fruit Bars","4.29","0.0","","6 count","6 count","3165.jpg",,"21"
"10196","Cooking Needs","Frozen Food","Ice Cream & Ice","Outshine","Outshine Tangerine Fruit Bars","Outshine Tangerine Fruit Bars","4.29","0.0","","6 count","6 count","3168.jpg",,"21"
"10197","Cooking Needs","Frozen Food","Ice Cream & Ice","Outshine","Outshine Watermelon Frozen Fruit Bars","Outshine Watermelon Frozen Fruit Bars","3.69","0.0","","14.7 fl oz","14.7 fl oz","3162.jpg",,"21"
"10198","Cooking Needs","Frozen Food","Ice Cream & Ice","Popsicle","Popsicle Fudge Pops No Sugar Added","Popsicle Fudge Pops No Sugar Added","1.89","0.0","","8 count","8 count","3139.jpg",,"21"
"10199","Cooking Needs","Frozen Food","Ice Cream & Ice","Popsicle","Popsicle Fudgsicle Fudge Bars","Popsicle Fudgsicle Fudge Bars","4.39","0.0","","30 fl oz","30 fl oz","3151.jpg",,"21"
"10200","Cooking Needs","Frozen Food","Ice Cream & Ice","Popsicle","Popsicle Ice Pops Disney Frozen Minis","Popsicle Ice Pops Disney Frozen Minis","4.29","0.0","","18 x 2 fl oz","18 x 2 fl oz","17984.jpg",,"21"
"10201","Cooking Needs","Frozen Food","Ice Cream & Ice","Popsicle","Popsicle Ice Pops Disney Frozen Minis","Popsicle Ice Pops Disney Frozen Minis","4.39","0.0","","20 count","20 count","3154.jpg",,"21"
"10202","Cooking Needs","Frozen Food","Ice Cream & Ice","Popsicle","Popsicle Ice Pops Jolly Rancher","Popsicle Ice Pops Jolly Rancher","4.39","0.0","","18 count","18 count","17993.jpg",,"21"
"10203","Cooking Needs","Frozen Food","Ice Cream & Ice","Popsicle","Popsicle Ice Pops Marvel Avengers","Popsicle Ice Pops Marvel Avengers","4.39","0.0","","18 count","18 count","3152.jpg",,"21"
"10204","Cooking Needs","Frozen Food","Ice Cream & Ice","Popsicle","Popsicle Ice Pops Minions","Popsicle Ice Pops Minions","4.09","0.0","","18 count","18 count","3153.jpg",,"21"
"10205","Cooking Needs","Frozen Food","Ice Cream & Ice","Popsicle","Popsicle Ice Pops Orange Cherry Grape","Popsicle Ice Pops Orange Cherry Grape","4.39","0.0","","20 count","20 count","3147.jpg",,"21"
"10206","Cooking Needs","Frozen Food","Ice Cream & Ice","Popsicle","Popsicle Ice Pops Rainbow","Popsicle Ice Pops Rainbow","4.39","0.0","","20 count","20 count","3146.jpg",,"21"
"10207","Cooking Needs","Frozen Food","Ice Cream & Ice","Popsicle","Popsicle Ice Pops Scribblers","Popsicle Ice Pops Scribblers","4.39","0.0","","20 count","20 count","3143.jpg",,"21"
"10208","Cooking Needs","Frozen Food","Ice Cream & Ice","Popsicle","Popsicle Ice Pops Star Wars","Popsicle Ice Pops Star Wars","3.69","0.0","","18 count","18 count","18027.jpg",,"21"
"10209","Cooking Needs","Frozen Food","Ice Cream & Ice","Popsicle","Popsicle Ice Pops Sugar Free Orange Cherry Grape","Popsicle Ice Pops Sugar Free Orange Cherry Grape","4.39","0.0","","24 count","24 count","3141.jpg",,"21"
"10210","Cooking Needs","Frozen Food","Ice Cream & Ice","Popsicle","Popsicle Ice Pops Sugar Free Orange Cherry Grape","Popsicle Ice Pops Sugar Free Orange Cherry Grape","1.89","0.0","","8 x 1.65 fl oz","8 x 1.65 fl oz","3150.jpg",,"21"
"10211","Cooking Needs","Frozen Food","Ice Cream & Ice","Popsicle","Popsicle Ice Pops Sugar Free Red Classics","Popsicle Ice Pops Sugar Free Red Classics","3.69","0.0","","18 count","18 count","18014.jpg",,"21"
"10212","Cooking Needs","Frozen Food","Ice Cream & Ice","Popsicle","Popsicle Original Fudge Pops No Sugar Added","Popsicle Original Fudge Pops No Sugar Added","1.89","0.0","","20 count","20 count","3137.jpg",,"21"
"10213","Cooking Needs","Frozen Food","Ice Cream & Ice","Popsicle","Popsicle Tropicalsugar Free","Popsicle Tropicalsugar Free","4.39","0.0","","20 count","20 count","3144.jpg",,"21"
"10214","Cooking Needs","Frozen Food","Ice Cream & Ice","Reese's","Breyers Frozen Dairy Dessert Reese's Peanut Butter Cups","Breyers Frozen Dairy Dessert Reese's Peanut Butter Cups","4.79","0.0","","48 oz","48 oz","18024.jpg",,"21"
"10215","Cooking Needs","Frozen Food","Ice Cream & Ice","Richie's","Richie's Italian Coconut Ice Cream","Richie's Italian Coconut Ice Cream","1.29","0.0","","10 fl oz","10 fl oz","Market Basket.jpg",,"21"
"10216","Cooking Needs","Frozen Food","Ice Cream & Ice","Richie's","Richie's Super Premium Italian Ice Blue Vanilla","Richie's Super Premium Italian Ice Blue Vanilla","1.29","0.0","","10 fl oz","10 fl oz","16139.jpg",,"21"
"10217","Cooking Needs","Frozen Food","Ice Cream & Ice","Richie's","Richie's Super Premium Italian Ice Strawberry","Richie's Super Premium Italian Ice Strawberry","1.29","0.0","","10 fl oz","10 fl oz","16155.jpg",,"21"
"10218","Cooking Needs","Frozen Food","Ice Cream & Ice","Skinny Cow","Skinny Cow Full on Fudge Low Fat Ice Cream Bars","Skinny Cow Full on Fudge Low Fat Ice Cream Bars","4.29","0.0","","6 count","6 count","16202.jpg",,"21"
"10219","Cooking Needs","Frozen Food","Ice Cream & Ice","Skinny Cow","Skinny Cow Oh La La Chocolate Truffle Ice Cream Bars","Skinny Cow Oh La La Chocolate Truffle Ice Cream Bars","4.29","0.0","","6 count","6 count","16140.jpg",,"21"
"10220","Cooking Needs","Frozen Food","Ice Cream & Ice","Skinny Cow","Skinny Cow Simply Amazing Salted Caramel Pretzel Ice Cream Bars","Skinny Cow Simply Amazing Salted Caramel Pretzel Ice Cream Bars","4.29","0.0","","5 x 2.1 fl oz","5 x 2.1 fl oz","16133.jpg",,"21"
"10221","Cooking Needs","Frozen Food","Ice Cream & Ice","Snickers","Snickers Ice Cream Bars","Snickers Ice Cream Bars","4.29","0.0","","6 count","6 count","16116.jpg",,"21"
"10222","Cooking Needs","Frozen Food","Ice Cream & Ice","Snickers","Snickers Minis Ice Cream Bars","Snickers Minis Ice Cream Bars","4.29","0.0","","12 count","12 count","16090.jpg",,"21"
"10223","Cooking Needs","Frozen Food","Ice Cream & Ice","So Delicious","So Delicious Dairy Free Cookie Dough Coconutmilk Non Dairy Frozen Dessert 1 pt. Tub","So Delicious Dairy Free Cookie Dough Coconutmilk Non Dairy Frozen Dessert 1 pt. Tub","7.39","0.0","","473 ml","473 ml","16170.jpg",,"21"
"10224","Cooking Needs","Frozen Food","Ice Cream & Ice","So Delicious","So Delicious Dairy Free Creamy Vanilla Soymilk Frozen Dessert","So Delicious Dairy Free Creamy Vanilla Soymilk Frozen Dessert","5.29","0.0","","32 fl oz","32 fl oz","16208.jpg",,"21"
"10225","Cooking Needs","Frozen Food","Ice Cream & Ice","So Delicious","So Delicious Dairy Free Frozen Dessert Cashew Milk Salted Caramel Cluster","So Delicious Dairy Free Frozen Dessert Cashew Milk Salted Caramel Cluster","7.39","0.0","","1 pint","1 pint","16147.jpg",,"21"
"10226","Cooking Needs","Frozen Food","Ice Cream & Ice","So Delicious","So Delicious Dairy Free Vanilla Bean Coconutmilk Non Dairy Frozen Dessert","So Delicious Dairy Free Vanilla Bean Coconutmilk Non Dairy Frozen Dessert","5.79","0.0","","1 pint","1 pint","16115.jpg",,"21"
"10227","Cooking Needs","Frozen Food","Ice Cream & Ice","Stonyfield Organic","Stonyfield Organic Whole Milk Vanilla Fudge Swirl Frozen Yogurt","Stonyfield Organic Whole Milk Vanilla Fudge Swirl Frozen Yogurt","3.69","0.0","","1 pint","1 pint","16193.jpg",,"21"
"10228","Cooking Needs","Frozen Food","Ice Cream & Ice","Talenti","Talenti Chocolate Chip Cookie Dough Gelato","Talenti Chocolate Chip Cookie Dough Gelato","4.89","0.0","","1 pint","1 pint","3174.jpg",,"21"
"10229","Cooking Needs","Frozen Food","Ice Cream & Ice","Talenti","Talenti Gelato Black Raspberry Chocolate Chip","Talenti Gelato Black Raspberry Chocolate Chip","4.89","0.0","","16 fl oz","16 fl oz","3177.jpg",,"21"
"10230","Cooking Needs","Frozen Food","Ice Cream & Ice","Talenti","Talenti Gelato Caramel Cookie Crunch","Talenti Gelato Caramel Cookie Crunch","3.69","0.0","","16 fl oz","16 fl oz","17992.jpg",,"21"
"10231","Cooking Needs","Frozen Food","Ice Cream & Ice","Talenti","Talenti Gelato Chocolate Peanut Butter Cup","Talenti Gelato Chocolate Peanut Butter Cup","4.89","0.0","","16 fl oz","16 fl oz","3180.jpg",,"21"
"10232","Cooking Needs","Frozen Food","Ice Cream & Ice","Talenti","Talenti Gelato Coffee Chocolate Chip","Talenti Gelato Coffee Chocolate Chip","4.89","0.0","","1 pint","1 pint","3172.jpg",,"21"
"10233","Cooking Needs","Frozen Food","Ice Cream & Ice","Talenti","Talenti Gelato Fudge Brownie","Talenti Gelato Fudge Brownie","4.89","0.0","","16 fl oz","16 fl oz","3181.jpg",,"21"
"10234","Cooking Needs","Frozen Food","Ice Cream & Ice","Talenti","Talenti Gelato Key Lime Pie","Talenti Gelato Key Lime Pie","4.89","0.0","","1 pint","1 pint","3182.jpg",,"21"
"10235","Cooking Needs","Frozen Food","Ice Cream & Ice","Talenti","Talenti Gelato Mediterranean Mint","Talenti Gelato Mediterranean Mint","4.89","0.0","","16 fl oz","16 fl oz","3173.jpg",,"21"
"10236","Cooking Needs","Frozen Food","Ice Cream & Ice","Talenti","Talenti Gelato Sea Salt Caramel","Talenti Gelato Sea Salt Caramel","4.89","0.0","","16 fl oz","16 fl oz","3175.jpg",,"21"
"10237","Cooking Needs","Frozen Food","Ice Cream & Ice","Talenti","Talenti Ice Cream Southern Butter Pecan","Talenti Ice Cream Southern Butter Pecan","4.89","0.0","","1 pint","1 pint","3170.jpg",,"21"
"10238","Cooking Needs","Frozen Food","Ice Cream & Ice","Talenti","Talenti Sorbetto Peanut Butter Fudge","Talenti Sorbetto Peanut Butter Fudge","3.69","0.0","","1 pint","1 pint","3179.jpg",,"21"
"10239","Cooking Needs","Frozen Food","Ice Cream & Ice","Talenti","Talenti Tahitian Vanilla Bean Gelato","Talenti Tahitian Vanilla Bean Gelato","4.89","0.0","","1 pint","1 pint","3176.jpg",,"21"
"10240","Cooking Needs","Frozen Food","Ice Cream & Ice","Toll House","Toll House Cookie Dough Ice Cream","Toll House Cookie Dough Ice Cream","3.69","0.0","","1.5 quart","1.5 quart","18015.jpg",,"21"
"10241","Cooking Needs","Frozen Food","Ice Cream & Ice","Turkey Hill","Turkey Hill All Natural Chocolate Chip Ice Cream","Turkey Hill All Natural Chocolate Chip Ice Cream","4.79","0.0","","48 fl oz","48 fl oz","3122.jpg",,"21"
"10242","Cooking Needs","Frozen Food","Ice Cream & Ice","Turkey Hill","Turkey Hill All Natural Mint Chocolate Chip Ice Cream","Turkey Hill All Natural Mint Chocolate Chip Ice Cream","4.59","0.0","","48 fl oz","48 fl oz","3117.jpg",,"21"
"10243","Cooking Needs","Frozen Food","Ice Cream & Ice","Turkey Hill","Turkey Hill All Natural Salted Caramel Ice Cream","Turkey Hill All Natural Salted Caramel Ice Cream","4.59","0.0","","48 fl oz","48 fl oz","3134.jpg",,"21"
"10244","Cooking Needs","Frozen Food","Ice Cream & Ice","Turkey Hill","Turkey Hill Black Raspberry Premium Ice Cream","Turkey Hill Black Raspberry Premium Ice Cream","3.69","0.0","","48 fl oz","48 fl oz","3114.jpg",,"21"
"10245","Cooking Needs","Frozen Food","Ice Cream & Ice","Turkey Hill","Turkey Hill Choco Mint Chip Original Recipe Premium Ice Cream","Turkey Hill Choco Mint Chip Original Recipe Premium Ice Cream","3.09","0.0","","48 fl oz","48 fl oz","3115.jpg",,"21"
"10246","Cooking Needs","Frozen Food","Ice Cream & Ice","Turkey Hill","Turkey Hill French Vanilla Premium Ice Cream","Turkey Hill French Vanilla Premium Ice Cream","3.69","0.0","","48 fl oz","48 fl oz","3121.jpg",,"21"
"10247","Cooking Needs","Frozen Food","Ice Cream & Ice","Turkey Hill","Turkey Hill Frozen Dairy Dessert Double Dunker","Turkey Hill Frozen Dairy Dessert Double Dunker","3.69","0.0","","48 fl oz","48 fl oz","3130.jpg",,"21"
"10248","Cooking Needs","Frozen Food","Ice Cream & Ice","Turkey Hill","Turkey Hill Homemade Vanilla Premium Ice Cream","Turkey Hill Homemade Vanilla Premium Ice Cream","3.69","0.0","","48 fl oz","48 fl oz","3135.jpg",,"21"
"10249","Cooking Needs","Frozen Food","Ice Cream & Ice","Turkey Hill","Turkey Hill Light Recipe Moose Tracks Ice Cream","Turkey Hill Light Recipe Moose Tracks Ice Cream","4.11","0.0","","48 fl oz","48 fl oz","3124.jpg",,"21"
"10250","Cooking Needs","Frozen Food","Ice Cream & Ice","Turkey Hill","Turkey Hill Neapolitan Premium Ice Cream","Turkey Hill Neapolitan Premium Ice Cream","3.69","0.0","","48 fl oz","48 fl oz","3129.jpg",,"21"
"10251","Cooking Needs","Frozen Food","Ice Cream & Ice","Turkey Hill","Turkey Hill Original Recipe Premium Ice Cream & Sherbet Orange Cream Swirl","Turkey Hill Original Recipe Premium Ice Cream & Sherbet Orange Cream Swirl","3.69","0.0","","48 fl oz","48 fl oz","3128.jpg",,"21"
"10252","Cooking Needs","Frozen Food","Ice Cream & Ice","Turkey Hill","Turkey Hill Original Recipe Premium Ice Cream Chocolate Peanut Butter Cup","Turkey Hill Original Recipe Premium Ice Cream Chocolate Peanut Butter Cup","3.09","0.0","","48 fl oz","48 fl oz","3126.jpg",,"21"
"10253","Cooking Needs","Frozen Food","Ice Cream & Ice","Turkey Hill","Turkey Hill Original Recipe Premium Ice Cream Cookies 'n Cream","Turkey Hill Original Recipe Premium Ice Cream Cookies 'n Cream","3.69","0.0","","48 fl oz","48 fl oz","3125.jpg",,"21"
"10254","Cooking Needs","Frozen Food","Ice Cream & Ice","Turkey Hill","Turkey Hill Original Recipe Premium Ice Cream Peanut Butter Ripple","Turkey Hill Original Recipe Premium Ice Cream Peanut Butter Ripple","3.09","0.0","","48 fl oz","48 fl oz","3131.jpg",,"21"
"10255","Cooking Needs","Frozen Food","Ice Cream & Ice","Turkey Hill","Turkey Hill Original Recipe Premium Ice Cream Tin Roof Sundae","Turkey Hill Original Recipe Premium Ice Cream Tin Roof Sundae","3.69","0.0","","48 fl oz","48 fl oz","3136.jpg",,"21"
"10256","Cooking Needs","Frozen Food","Ice Cream & Ice","Turkey Hill","Turkey Hill Party Cake Original Recipe Premium Ice Cream","Turkey Hill Party Cake Original Recipe Premium Ice Cream","3.69","0.0","","48 fl oz","48 fl oz","3120.jpg",,"21"
"10257","Cooking Needs","Frozen Food","Ice Cream & Ice","Turkey Hill","Turkey Hill Premium Ice Cream Chocolate Chip Cookie Dough","Turkey Hill Premium Ice Cream Chocolate Chip Cookie Dough","3.69","0.0","","48 fl oz","48 fl oz","3123.jpg",,"21"
"10258","Cooking Needs","Frozen Food","Ice Cream & Ice","Turkey Hill","Turkey Hill Premium Ice Cream Colombian Coffee","Turkey Hill Premium Ice Cream Colombian Coffee","3.69","0.0","","48 fl oz","48 fl oz","3118.jpg",,"21"
"10259","Cooking Needs","Frozen Food","Ice Cream & Ice","Turkey Hill","Turkey Hill Premium Ice Cream Dutch Chocolate","Turkey Hill Premium Ice Cream Dutch Chocolate","3.69","0.0","","48 fl oz","48 fl oz","3127.jpg",,"21"
"10260","Cooking Needs","Frozen Food","Ice Cream & Ice","Turkey Hill","Turkey Hill Premium Ice Cream Fudge Ripple","Turkey Hill Premium Ice Cream Fudge Ripple","3.69","0.0","","48 fl oz","48 fl oz","3116.jpg",,"21"
"10261","Cooking Needs","Frozen Food","Ice Cream & Ice","Turkey Hill","Turkey Hill Rum Raisin Original Recipe Premium Ice Cream","Turkey Hill Rum Raisin Original Recipe Premium Ice Cream","3.09","0.0","","48 fl oz","48 fl oz","3119.jpg",,"21"
"10262","Cooking Needs","Frozen Food","Ice Cream & Ice","Turkey Hill","Turkey Hill Vanilla & Chocolate Premium Ice Cream","Turkey Hill Vanilla & Chocolate Premium Ice Cream","3.69","0.0","","48 fl oz","48 fl oz","3132.jpg",,"21"
"10263","Cooking Needs","Frozen Food","Ice Cream & Ice","Turkey Hill","Turkey Hill Vanilla Bean Premium Ice Cream","Turkey Hill Vanilla Bean Premium Ice Cream","3.69","0.0","","48 fl oz","48 fl oz","3133.jpg",,"21"
"10264","Cooking Needs","Frozen Food","Ice Cream & Ice","Twix","Twix Caramel Flavored Light Ice Cream","Twix Caramel Flavored Light Ice Cream","2.49","0.0","","16 fl oz","16 fl oz","16148.jpg",,"21"
"10265","Cooking Needs","Frozen Food","Ice Cream & Ice","Weight Watchers","Weight Watchers Chocolate Fudge Ice Cream Snack Size Bar","Weight Watchers Chocolate Fudge Ice Cream Snack Size Bar","5.99","0.0","","1.8 fl oz","1.8 fl oz","16154.jpg",,"21"
"10266","Cooking Needs","Frozen Food","Ice Cream & Ice","Weight Watchers","Weight Watchers Dark Chocolate Raspberry Ice Cream Bar","Weight Watchers Dark Chocolate Raspberry Ice Cream Bar","4.89","0.0","","12 count","12 count","16203.jpg",,"21"
"10267","Cooking Needs","Frozen Food","Ice Cream & Ice","Weight Watchers","Weight Watchers English Toffee Crunch Ice Cream Bar","Weight Watchers English Toffee Crunch Ice Cream Bar","5.99","0.0","","12 count","12 count","16094.jpg",,"21"
"10268","Cooking Needs","Frozen Food","Ice Cream & Ice","Weight Watchers","Weight Watchers Giant Latte Ice Cream Bar","Weight Watchers Giant Latte Ice Cream Bar","5.99","0.0","","6 x 4 fl oz","6 x 4 fl oz","16161.jpg",,"21"
"10269","Cooking Needs","Frozen Food","Ice Cream & Ice","Weight Watchers","Weight Watchers Snack Size Mocha Latt Ice Cream Bars","Weight Watchers Snack Size Mocha Latt Ice Cream Bars","4.89","0.0","","12 x 1.8 fl oz","12 x 1.8 fl oz","16212.jpg",,"21"
"10270","Cooking Needs","Frozen Food","Ice Cream & Ice","Yasso","Yasso Frozen Greek Yogurt, Chocolate Chip Bars","Yasso Frozen Greek Yogurt, Chocolate Chip Bars","4.89","0.0","","4 x 3.5 fl oz","4 x 3.5 fl oz","16131.jpg",,"21"
"10271","Cooking Needs","Frozen Food","Ice Cream & Ice","Yasso","Yasso Frozen Greek Yogurt, Chocolate Fudge Bars","Yasso Frozen Greek Yogurt, Chocolate Fudge Bars","4.79","0.0","","4 x 3.5 fl oz","4 x 3.5 fl oz","16104.jpg",,"21"
"10272","Cooking Needs","Frozen Food","Ice Cream & Ice","Yasso","Yasso Frozen Greek Yogurt, Coffee Chocolate Chip Bars","Yasso Frozen Greek Yogurt, Coffee Chocolate Chip Bars","4.89","0.0","","4 x 3.5 fl oz","4 x 3.5 fl oz","16123.jpg",,"21"
"10273","Cooking Needs","Frozen Food","Ice Cream & Ice","Yasso","Yasso Frozen Greek Yogurt, Cookies n' Cream Bars","Yasso Frozen Greek Yogurt, Cookies n' Cream Bars","4.89","0.0","","4 x 3.5 fl oz","4 x 3.5 fl oz","16108.jpg",,"21"
"10274","Cooking Needs","Frozen Food","Ice Cream & Ice","Yasso","Yasso Frozen Greek Yogurt, Mint Chocolate Chip Bars","Yasso Frozen Greek Yogurt, Mint Chocolate Chip Bars","4.89","0.0","","4 x 3.5 fl oz","4 x 3.5 fl oz","16076.jpg",,"21"
"10275","Cooking Needs","Frozen Food","Ice Cream & Ice","Yasso","Yasso Frozen Greek Yogurt, Pistachio Brittle Bars","Yasso Frozen Greek Yogurt, Pistachio Brittle Bars","4.89","0.0","","4 x 3.5 fl oz","4 x 3.5 fl oz","16078.jpg",,"21"
"10276","Cooking Needs","Frozen Food","Ice Cream & Ice","Yasso","Yasso Frozen Greek Yogurt, Sea Salt Caramel Bars","Yasso Frozen Greek Yogurt, Sea Salt Caramel Bars","4.89","0.0","","4 x 3.5 fl oz","4 x 3.5 fl oz","16146.jpg",,"21"
"10277","Cooking Needs","Frozen Food","Ice Cream & Ice","Yasso","Yasso Frozen Greek Yogurt, Strawberry Bars","Yasso Frozen Greek Yogurt, Strawberry Bars","4.89","0.0","","4 x 3.5 fl oz","4 x 3.5 fl oz","16138.jpg",,"21"
"10278","Cooking Needs","Frozen Food","Ice Cream & Ice","Yasso","Yasso Frozen Greek Yogurt, Vanilla Bean Bars","Yasso Frozen Greek Yogurt, Vanilla Bean Bars","4.89","0.0","","4 x 3.5 oz","4 x 3.5 oz","18004.jpg",,"21"
"10279","Cooking Needs","Frozen Food","Ice Cream & Ice","Yasso","Yasso Peanut Butter Chip Frozen Greek Yogurt Bars","Yasso Peanut Butter Chip Frozen Greek Yogurt Bars","4.89","0.0","","4 x 3 fl oz","4 x 3 fl oz","16085.jpg",,"21"
"10280","Cooking Needs","Frozen Food","Ice Cream & Ice","York","Ben & Jerry's Ice Cream New York Super Fudge Chunk","Ben & Jerry's Ice Cream New York Super Fudge Chunk","4.29","0.0","","1 pint","1 pint","3007.jpg",,"21"
"10281","Cooking Needs","Rice, Grain, Pasta & Beans","Dry Pasta","Ancient Harvest","Ancient Harvest Gluten Free Organic Supergrain Pasta Spaghetti","Ancient Harvest Gluten Free Organic Supergrain Pasta Spaghetti","3.69","0.0","","8 oz","8 oz","17342.jpg",,"4"
"10282","Cooking Needs","Rice, Grain, Pasta & Beans","Dry Pasta","Ancient Harvest","Ancient Harvest Organic Gluten Free Pasta Linguine","Ancient Harvest Organic Gluten Free Pasta Linguine","3.69","0.0","","8 oz","8 oz","17348.jpg",,"4"
"10283","Cooking Needs","Rice, Grain, Pasta & Beans","Dry Pasta","Ancient Harvest","Ancient Harvest Organic Pasta","Ancient Harvest Organic Pasta","3.69","0.0","","8 oz","8 oz","17347.jpg",,"4"
"10284","Cooking Needs","Rice, Grain, Pasta & Beans","Dry Pasta","Ancient Harvest","Ancient Harvest Organic Supergrain Pasta Penne Corn & Quinoa","Ancient Harvest Organic Supergrain Pasta Penne Corn & Quinoa","3.69","0.0","","9.6 oz","9.6 oz","5620.jpg",,"4"
"10285","Cooking Needs","Rice, Grain, Pasta & Beans","Dry Pasta","Ancient Harvest","Ancient Harvest POW! Power Protein Pasta Red Lentil Rotini","Ancient Harvest POW! Power Protein Pasta Red Lentil Rotini","3.09","0.0","","8 fl oz","8 fl oz","5618.jpg",,"4"
"10286","Cooking Needs","Rice, Grain, Pasta & Beans","Dry Pasta","Barilla","Barilla Classic Blue Box Oven Pasta Wavy Lasagne","Barilla Classic Blue Box Oven Pasta Wavy Lasagne","2.19","0.0","","16 oz","16 oz","5581.jpg",,"4"
"10287","Cooking Needs","Rice, Grain, Pasta & Beans","Dry Pasta","Barilla","Barilla Classic Blue Box Oven Ready Pasta Lasagne","Barilla Classic Blue Box Oven Ready Pasta Lasagne","1.89","0.0","","9 oz","9 oz","5580.jpg",,"4"
"10288","Cooking Needs","Rice, Grain, Pasta & Beans","Dry Pasta","Barilla","Barilla Classic Blue Box Pasta Elbows","Barilla Classic Blue Box Pasta Elbows","2.49","0.0","","1 lb","1 lb","5564.jpg",,"4"
"10289","Cooking Needs","Rice, Grain, Pasta & Beans","Dry Pasta","Barilla","Barilla Classic Blue Box Pasta Fettuccine","Barilla Classic Blue Box Pasta Fettuccine","1.74","0.0","","16 oz","16 oz","5574.jpg",,"4"
"10290","Cooking Needs","Rice, Grain, Pasta & Beans","Dry Pasta","Barilla","Barilla Classic Blue Box Pasta Rotini","Barilla Classic Blue Box Pasta Rotini","2.49","0.0","","1 lb","1 lb","5561.jpg",,"4"
"10291","Cooking Needs","Rice, Grain, Pasta & Beans","Dry Pasta","Barilla","Barilla Classic Blue Box Pasta Thin Spaghetti","Barilla Classic Blue Box Pasta Thin Spaghetti","1.59","0.0","","16 oz","16 oz","5567.jpg",,"4"
"10292","Cooking Needs","Rice, Grain, Pasta & Beans","Dry Pasta","Barilla","Barilla Collezione Artisanal Selection Pasta Tortellini Cheese & Spinach","Barilla Collezione Artisanal Selection Pasta Tortellini Cheese & Spinach","4.89","0.0","","12 oz","12 oz","5587.jpg",,"4"
"10293","Cooking Needs","Rice, Grain, Pasta & Beans","Dry Pasta","Barilla","Barilla Fully Coocked Ready Pasta Rotini","Barilla Fully Coocked Ready Pasta Rotini","2.09","0.0","","8.5 oz","8.5 oz","5584.jpg",,"4"
"10294","Cooking Needs","Rice, Grain, Pasta & Beans","Dry Pasta","Barilla","Barilla Gluten Free Pasta Penne","Barilla Gluten Free Pasta Penne","2.49","0.0","","12 oz","12 oz","5572.jpg",,"4"
"10295","Cooking Needs","Rice, Grain, Pasta & Beans","Dry Pasta","Barilla","Barilla Gluten Free Pasta Spaghetti","Barilla Gluten Free Pasta Spaghetti","2.49","0.0","","12 oz","12 oz","5582.jpg",,"4"
"10296","Cooking Needs","Rice, Grain, Pasta & Beans","Dry Pasta","Barilla","Barilla Protein+ Grain & Legume Pasta Elbows","Barilla Protein+ Grain & Legume Pasta Elbows","2.49","0.0","","14.5 oz","14.5 oz","5578.jpg",,"4"
"10297","Cooking Needs","Rice, Grain, Pasta & Beans","Dry Pasta","Barilla","Barilla Protein+ Grain & Legume Pasta Penne","Barilla Protein+ Grain & Legume Pasta Penne","2.49","0.0","","14.5 oz","14.5 oz","5568.jpg",,"4"
"10298","Cooking Needs","Rice, Grain, Pasta & Beans","Dry Pasta","Barilla","Barilla Protein+ Grain & Legume Pasta Spaghetti","Barilla Protein+ Grain & Legume Pasta Spaghetti","2.49","0.0","","14.5 oz","14.5 oz","5575.jpg",,"4"
"10299","Cooking Needs","Rice, Grain, Pasta & Beans","Dry Pasta","Barilla","Barilla Whole Grain Pasta Spaghetti","Barilla Whole Grain Pasta Spaghetti","1.59","0.0","","16 oz","16 oz","5576.jpg",,"4"
"10300","Cooking Needs","Rice, Grain, Pasta & Beans","Dry Pasta","Barilla","Barilla Whole Grain Pasta Wavy Lasagne","Barilla Whole Grain Pasta Wavy Lasagne","2.19","0.0","","13.25 oz","13.25 oz","17337.jpg",,"4"
"10301","Cooking Needs","Rice, Grain, Pasta & Beans","Dry Pasta","De Cecco","De Cecco Pasta Rigatoni","De Cecco Pasta Rigatoni","2.49","0.0","","16 oz","16 oz","5616.jpg",,"4"
"10302","Cooking Needs","Rice, Grain, Pasta & Beans","Dry Pasta","Dreamfields","Dreamfields Elbows","Dreamfields Elbows","2.49","0.0","","13.25 oz","13.25 oz","17345.jpg",,"4"
"10303","Cooking Needs","Rice, Grain, Pasta & Beans","Dry Pasta","Dreamfields","Dreamfields Healthy Carb Living Elbows Pasta","Dreamfields Healthy Carb Living Elbows Pasta","2.49","0.0","","13.25 oz","13.25 oz","17339.jpg",,"4"
"10304","Cooking Needs","Rice, Grain, Pasta & Beans","Dry Pasta","Dreamfields","Dreamfields Healthy Carb Living Penne Rigate","Dreamfields Healthy Carb Living Penne Rigate","2.49","0.0","","13.25 oz","13.25 oz","No Image.jpg",,"4"
"10305","Cooking Needs","Rice, Grain, Pasta & Beans","Dry Pasta","Light 'n Fluffy","Light 'N Fluffy Extra Wide Egg Noodles","Light 'N Fluffy Extra Wide Egg Noodles","1.89","0.0","","12 oz","12 oz","17332.jpg",,"4"
"10306","Cooking Needs","Rice, Grain, Pasta & Beans","Dry Pasta","No Yolks","No Yolks Cholesterol Free Egg White Pasta Extra Broad Noodles","No Yolks Cholesterol Free Egg White Pasta Extra Broad Noodles","2.49","0.0","","12 oz","12 oz","17341.jpg",,"4"
"10307","Cooking Needs","Rice, Grain, Pasta & Beans","Dry Pasta","Pennsylvania Dutch","Pennsylvania Dutch Pennsylvania Extra Wide Egg Noodles","Pennsylvania Dutch Pennsylvania Extra Wide Egg Noodles","2.49","0.0","","12 oz","12 oz","5626.jpg",,"4"
"10308","Cooking Needs","Rice, Grain, Pasta & Beans","Dry Pasta","Goya","Goya Angel Hair, Enriched","Goya Angel Hair, Enriched","1.49","0.0","","16 oz","16 oz","5610.jpg",,"4"
"10309","Cooking Needs","Rice, Grain, Pasta & Beans","Dry Pasta","Goya","Goya Enriched Macaroni Product, Shells","Goya Enriched Macaroni Product, Shells","0.69","0.0","","7 oz","7 oz","5609.jpg",,"4"
"10310","Cooking Needs","Rice, Grain, Pasta & Beans","Dry Pasta","Goya","Goya Pasta Shells","Goya Pasta Shells","1.29","0.0","","16 oz","16 oz","5607.jpg",,"4"
"10311","Cooking Needs","Rice, Grain, Pasta & Beans","Dry Pasta","Goya","Goya Spaghetti, Enriched","Goya Spaghetti, Enriched","1.29","0.0","","16 oz","16 oz","5611.jpg",,"7"
"10312","Cooking Needs","Rice, Grain, Pasta & Beans","Dry Pasta","Joy","Tinkyada Pasta Joy Ready Brown Rice Pasta Lasagne","Tinkyada Pasta Joy Ready Brown Rice Pasta Lasagne","4.29","0.0","","10 oz","10 oz","17349.jpg",,"4"
"10313","Cooking Needs","Rice, Grain, Pasta & Beans","Dry Pasta","Light 'n Fluffy","Light 'N Fluffy Medium Egg Noodles","Light 'N Fluffy Medium Egg Noodles","3.29","0.0","","12 oz","12 oz","17346.jpg",,"4"
"10314","Cooking Needs","Rice, Grain, Pasta & Beans","Dry Pasta","Light 'n Fluffy","Light 'N Fluffy Wide Egg Noodles","Light 'N Fluffy Wide Egg Noodles","1.89","0.0","","12 oz","12 oz","17335.jpg",,"4"
"10315","Cooking Needs","Rice, Grain, Pasta & Beans","Dry Pasta","Lucio Garofalo","Lucio Garofalo Elbow Pasta","Lucio Garofalo Elbow Pasta","1.09","0.0","","16 oz","16 oz","No Image.jpg",,"4"
"10316","Cooking Needs","Rice, Grain, Pasta & Beans","Dry Pasta","Lucio Garofalo","Lucio Garofalo Pasta Spaghetti","Lucio Garofalo Pasta Spaghetti","1.09","0.0","","16 oz","16 oz","No Image.jpg",,"4"
"10317","Cooking Needs","Rice, Grain, Pasta & Beans","Dry Pasta","Lucio Garofalo","Lucio Garofalo Penne Rigate Pasta","Lucio Garofalo Penne Rigate Pasta","1.09","0.0","","16 oz","16 oz","No Image.jpg",,"4"
"10318","Cooking Needs","Rice, Grain, Pasta & Beans","Dry Pasta","Lucio Garofalo","Lucio Garofalo Shells Pasta","Lucio Garofalo Shells Pasta","1.09","0.0","","16 oz","16 oz","No Image.jpg",,"4"
"10319","Cooking Needs","Rice, Grain, Pasta & Beans","Dry Pasta","Market Basket","Market Basket Angel Hair Pasta","Market Basket Angel Hair Pasta","12.19","0.0","","1 ct","1 ct","Market Basket.jpg",,"4"
"10320","Cooking Needs","Rice, Grain, Pasta & Beans","Dry Pasta","Market Basket","Market Basket Cavatappi Pasta","Market Basket Cavatappi Pasta","1.29","0.0","","16 oz","16 oz","Market Basket.jpg",,"4"
"10321","Cooking Needs","Rice, Grain, Pasta & Beans","Dry Pasta","Market Basket","Market Basket Ditalini Pasta","Market Basket Ditalini Pasta","3.09","0.0","","16 oz","16 oz","Market Basket.jpg",,"4"
"10322","Cooking Needs","Rice, Grain, Pasta & Beans","Dry Pasta","Market Basket","Market Basket Elbow Macaroni","Market Basket Elbow Macaroni","1.69","0.0","","16 oz","16 oz","Market Basket.jpg",,"4"
"10323","Cooking Needs","Rice, Grain, Pasta & Beans","Dry Pasta","Market Basket","Market Basket Fettuccine","Market Basket Fettuccine","1.29","0.0","","16 oz","16 oz","Market Basket.jpg",,"4"
"10324","Cooking Needs","Rice, Grain, Pasta & Beans","Dry Pasta","Market Basket","Market Basket Linguine","Market Basket Linguine","3.09","0.0","","16 oz","16 oz","Market Basket.jpg",,"4"
"10325","Cooking Needs","Rice, Grain, Pasta & Beans","Dry Pasta","Market Basket","Market Basket Long Spaghetti","Market Basket Long Spaghetti","1.29","0.0","","1 ct","1 ct","Market Basket.jpg",,"4"
"10326","Cooking Needs","Rice, Grain, Pasta & Beans","Dry Pasta","Market Basket","Market Basket Medium Shells Pasta","Market Basket Medium Shells Pasta","1.29","0.0","","16 oz","16 oz","Market Basket.jpg",,"4"
"10327","Cooking Needs","Rice, Grain, Pasta & Beans","Dry Pasta","Market Basket","Market Basket Mini Penne Pasta","Market Basket Mini Penne Pasta","1.29","0.0","","16 oz","16 oz","Market Basket.jpg",,"4"
"10328","Cooking Needs","Rice, Grain, Pasta & Beans","Dry Pasta","Market Basket","Market Basket Penne Rigate","Market Basket Penne Rigate","1.29","0.0","","16 oz","16 oz","Market Basket.jpg",,"4"
"10329","Cooking Needs","Rice, Grain, Pasta & Beans","Dry Pasta","Market Basket","Market Basket Penne Rigate Pasta","Market Basket Penne Rigate Pasta","1.49","0.0","","13.25 oz","13.25 oz","Market Basket.jpg",,"4"
"10330","Cooking Needs","Rice, Grain, Pasta & Beans","Dry Pasta","Market Basket","Market Basket Ridged Lasagna","Market Basket Ridged Lasagna","1.89","0.0","","16 oz","16 oz","Market Basket.jpg",,"4"
"10331","Cooking Needs","Rice, Grain, Pasta & Beans","Dry Pasta","Market Basket","Market Basket Rigatoni","Market Basket Rigatoni","1.29","0.0","","16 oz","16 oz","Market Basket.jpg",,"4"
"10332","Cooking Needs","Rice, Grain, Pasta & Beans","Dry Pasta","Market Basket","Market Basket Rotini","Market Basket Rotini","1.29","0.0","","16 oz","16 oz","Market Basket.jpg",,"4"
"10333","Cooking Needs","Rice, Grain, Pasta & Beans","Dry Pasta","Market Basket","Market Basket Rotini Primavera","Market Basket Rotini Primavera","1.29","0.0","","12 oz","12 oz","Market Basket.jpg",,"4"
"10334","Cooking Needs","Rice, Grain, Pasta & Beans","Dry Pasta","Market Basket","Market Basket Toilet Paper Rolls","Market Basket Toilet Paper Rolls","3.09","0.0","","4 count","4 count","Market Basket.jpg",,"14"
"10335","Cooking Needs","Rice, Grain, Pasta & Beans","Dry Pasta","Market Basket","Market Basket Tortellini With Cheese","Market Basket Tortellini With Cheese","3.69","0.0","","1 lb","1 lb","Market Basket.jpg",,"4"
"10336","Cooking Needs","Rice, Grain, Pasta & Beans","Dry Pasta","Market Basket","Market Basket Whole Wheat Angel Hair","Market Basket Whole Wheat Angel Hair","1.49","0.0","","13.25 oz","13.25 oz","Market Basket.jpg",,"4"
"10337","Cooking Needs","Rice, Grain, Pasta & Beans","Dry Pasta","Market Basket","Market Basket Whole Wheat Rotini Pasta","Market Basket Whole Wheat Rotini Pasta","1.49","0.0","","13.25 oz","13.25 oz","Market Basket.jpg",,"4"
"10338","Cooking Needs","Rice, Grain, Pasta & Beans","Dry Pasta","Market Basket","Market Basket Whole Wheat Spaghetti","Market Basket Whole Wheat Spaghetti","1.49","0.0","","13.25 oz","13.25 oz","Market Basket.jpg",,"4"
"10339","Cooking Needs","Rice, Grain, Pasta & Beans","Dry Pasta","Market Basket","Market Basket Ziti","Market Basket Ziti","1.29","0.0","","16 oz","16 oz","Market Basket.jpg",,"4"
"10340","Cooking Needs","Rice, Grain, Pasta & Beans","Dry Pasta","No Yolks","No Yolks Dumplings Noodles","No Yolks Dumplings Noodles","2.49","0.0","","12 oz","12 oz","17343.jpg",,"4"
"10341","Cooking Needs","Rice, Grain, Pasta & Beans","Dry Pasta","Pasta Prima","Pasta Prima Five Cheese Ravioli Value Pack","Pasta Prima Five Cheese Ravioli Value Pack","3.79","0.0","","20 oz","20 oz","No Image.jpg",,"N/A"
"10342","Cooking Needs","Rice, Grain, Pasta & Beans","Dry Pasta","Pastene","Pastene Fusilli Lunghi","Pastene Fusilli Lunghi","3.09","0.0","","16 oz","16 oz","5623.jpg",,"4"
"10343","Cooking Needs","Rice, Grain, Pasta & Beans","Dry Pasta","Pastene","Pastene Penne Ziti Rigate","Pastene Penne Ziti Rigate","1.29","0.0","","16 oz","16 oz","5622.jpg",,"4"
"10344","Cooking Needs","Rice, Grain, Pasta & Beans","Dry Pasta","Pastene","Pastene Shells 25","Pastene Shells 25","2.09","0.0","","16 oz","16 oz","5624.jpg",,"4"
"10345","Cooking Needs","Rice, Grain, Pasta & Beans","Dry Pasta","Pede Brothers","Pede Brothers Mini Round Cheese Ravioli","Pede Brothers Mini Round Cheese Ravioli","1.29","0.0","","13 oz","13 oz","No Image.jpg",,"4"
"10346","Cooking Needs","Rice, Grain, Pasta & Beans","Dry Pasta","Pennsylvania Dutch","Pennsylvania Dutch Hearty Homestyle Egg Noodles","Pennsylvania Dutch Hearty Homestyle Egg Noodles","2.19","0.0","","12 oz","12 oz","5627.jpg",,"4"
"10347","Cooking Needs","Rice, Grain, Pasta & Beans","Dry Pasta","Pennsylvania Dutch","Pennsylvania Dutch Wide Egg Noodles","Pennsylvania Dutch Wide Egg Noodles","1.89","0.0","","12 oz","12 oz","5625.jpg",,"4"
"10348","Cooking Needs","Rice, Grain, Pasta & Beans","Dry Pasta","Prince","Prince Angel Hair Pasta","Prince Angel Hair Pasta","1.59","0.0","","16 oz","16 oz","5593.jpg",,"4"
"10349","Cooking Needs","Rice, Grain, Pasta & Beans","Dry Pasta","Prince","Prince Cavatappi","Prince Cavatappi","1.59","0.0","","16 oz","16 oz","5594.jpg",,"4"
"10350","Cooking Needs","Rice, Grain, Pasta & Beans","Dry Pasta","Prince","Prince Elbow Macaroni","Prince Elbow Macaroni","1.59","0.0","","16 oz","16 oz","5592.jpg",,"4"
"10351","Cooking Needs","Rice, Grain, Pasta & Beans","Dry Pasta","Prince","Prince Fettuccine","Prince Fettuccine","1.69","0.0","","16 oz","16 oz","5603.jpg",,"4"
"10352","Cooking Needs","Rice, Grain, Pasta & Beans","Dry Pasta","Prince","Prince Lasagna","Prince Lasagna","2.19","0.0","","16 oz","16 oz","5602.jpg",,"4"
"10353","Cooking Needs","Rice, Grain, Pasta & Beans","Dry Pasta","Prince","Prince Linguine","Prince Linguine","1.59","0.0","","16 oz","16 oz","5598.jpg",,"4"
"10354","Cooking Needs","Rice, Grain, Pasta & Beans","Dry Pasta","Prince","Prince Medium Shells","Prince Medium Shells","1.59","0.0","","16 oz","16 oz","5599.jpg",,"4"
"10355","Cooking Needs","Rice, Grain, Pasta & Beans","Dry Pasta","Prince","Prince Mostaccioli Rigati","Prince Mostaccioli Rigati","1.59","0.0","","16 oz","16 oz","5595.jpg",,"4"
"10356","Cooking Needs","Rice, Grain, Pasta & Beans","Dry Pasta","Prince","Prince Pastina Pasta","Prince Pastina Pasta","1.29","0.0","","12 oz","12 oz","5596.jpg",,"4"
"10357","Cooking Needs","Rice, Grain, Pasta & Beans","Dry Pasta","Prince","Prince Penne Rigate","Prince Penne Rigate","1.59","0.0","","16 oz","16 oz","5591.jpg",,"4"
"10358","Cooking Needs","Rice, Grain, Pasta & Beans","Dry Pasta","Prince","Prince Rigatoni","Prince Rigatoni","1.59","0.0","","16 oz","16 oz","5597.jpg",,"4"
"10359","Cooking Needs","Rice, Grain, Pasta & Beans","Dry Pasta","Prince","Prince Rotini","Prince Rotini","1.59","0.0","","16 oz","16 oz","5600.jpg",,"4"
"10360","Cooking Needs","Rice, Grain, Pasta & Beans","Dry Pasta","Prince","Prince Small Shells","Prince Small Shells","1.59","0.0","","16 oz","16 oz","5588.jpg",,"4"
"10361","Cooking Needs","Rice, Grain, Pasta & Beans","Dry Pasta","Prince","Prince Spaghetti","Prince Spaghetti","1.59","0.0","","16 oz","16 oz","5589.jpg",,"4"
"10362","Cooking Needs","Rice, Grain, Pasta & Beans","Dry Pasta","Prince","Prince Thin Spaghetti","Prince Thin Spaghetti","1.59","0.0","","16 oz","16 oz","5590.jpg",,"4"
"10363","Cooking Needs","Rice, Grain, Pasta & Beans","Dry Pasta","Prince","Prince Tricolor Rotini","Prince Tricolor Rotini","1.59","0.0","","12 oz","12 oz","5601.jpg",,"4"
"10364","Cooking Needs","Rice, Grain, Pasta & Beans","Dry Pasta","Prince","Prince Ziti Rigati","Prince Ziti Rigati","1.59","0.0","","16 oz","16 oz","5604.jpg",,"4"
"10365","Cooking Needs","Rice, Grain, Pasta & Beans","Dry Pasta","Ronzoni","Ronzoni Garden Delight Veggie Tricolor Penne Rigate","Ronzoni Garden Delight Veggie Tricolor Penne Rigate","1.59","0.0","","12 oz","12 oz","17338.jpg",,"4"
"10366","Cooking Needs","Rice, Grain, Pasta & Beans","Dry Pasta","Ronzoni","Ronzoni Garden Delight Veggie Tricolor Rotini","Ronzoni Garden Delight Veggie Tricolor Rotini","1.59","0.0","","12 oz","12 oz","17333.jpg",,"4"
"10367","Cooking Needs","Rice, Grain, Pasta & Beans","Dry Pasta","Ronzoni","Ronzoni Pasta Penne Rigate Gluten Free","Ronzoni Pasta Penne Rigate Gluten Free","2.49","0.0","","12 oz","12 oz","17336.jpg",,"4"
"10368","Cooking Needs","Rice, Grain, Pasta & Beans","Fresh Pasta","Buitoni","Buitoni Angel Hair Refrigerated Pasta","Buitoni Angel Hair Refrigerated Pasta","2.49","0.0","","9 oz","9 oz","5638.jpg",,"4"
"10369","Cooking Needs","Rice, Grain, Pasta & Beans","Fresh Pasta","Buitoni","Buitoni Chicken & Roasted Garlic Tortelloni Refrigerated Pasta","Buitoni Chicken & Roasted Garlic Tortelloni Refrigerated Pasta","7.39","0.0","","20 oz","20 oz","5632.jpg",,"1"
"10370","Cooking Needs","Rice, Grain, Pasta & Beans","Fresh Pasta","Buitoni","Buitoni Fettuccine Refrigerated Pasta","Buitoni Fettuccine Refrigerated Pasta","2.49","0.0","","9 oz","9 oz","5635.jpg",,"1"
"10371","Cooking Needs","Rice, Grain, Pasta & Beans","Fresh Pasta","Buitoni","Buitoni Four Cheese Ravioli Refrigerated Pasta","Buitoni Four Cheese Ravioli Refrigerated Pasta","7.39","0.0","","20 oz","20 oz","5639.jpg",,"1"
"10372","Cooking Needs","Rice, Grain, Pasta & Beans","Fresh Pasta","Buitoni","Buitoni Four Cheese Ravioli Refrigerated Pasta","Buitoni Four Cheese Ravioli Refrigerated Pasta","4.89","0.0","","9 oz","9 oz","5631.jpg",,"4"
"10373","Cooking Needs","Rice, Grain, Pasta & Beans","Fresh Pasta","Buitoni","Buitoni Herb Chicken Tortellini Refrigerated Pasta","Buitoni Herb Chicken Tortellini Refrigerated Pasta","7.39","0.0","","20 oz","20 oz","5640.jpg",,"1"
"10374","Cooking Needs","Rice, Grain, Pasta & Beans","Fresh Pasta","Buitoni","Buitoni Linguine Refrigerated Pasta","Buitoni Linguine Refrigerated Pasta","2.49","0.0","","9 oz","9 oz","5636.jpg",,"4"
"10375","Cooking Needs","Rice, Grain, Pasta & Beans","Fresh Pasta","Buitoni","Buitoni Mixed Cheese Tortellini Refrigerated Pasta","Buitoni Mixed Cheese Tortellini Refrigerated Pasta","7.39","0.0","","20 oz","20 oz","5630.jpg",,"1"
"10376","Cooking Needs","Rice, Grain, Pasta & Beans","Fresh Pasta","Buitoni","Buitoni Spinach & Ricotta Tortelloni Refrigerated Pasta","Buitoni Spinach & Ricotta Tortelloni Refrigerated Pasta","7.39","0.0","","20 oz","20 oz","5634.jpg",,"1"
"10377","Cooking Needs","Rice, Grain, Pasta & Beans","Fresh Pasta","Buitoni","Buitoni Three Cheese & Asparagus Ravioli Refrigerated Pasta","Buitoni Three Cheese & Asparagus Ravioli Refrigerated Pasta","7.39","0.0","","18 oz","18 oz","5642.jpg",,"4"
"10378","Cooking Needs","Rice, Grain, Pasta & Beans","Fresh Pasta","Buitoni","Buitoni Three Cheese Tortellini Refrigerated Pasta","Buitoni Three Cheese Tortellini Refrigerated Pasta","7.39","0.0","","20 oz","20 oz","5629.jpg",,"1"
"10379","Cooking Needs","Rice, Grain, Pasta & Beans","Fresh Pasta","Buitoni","Buitoni Three Cheese Tortellini Refrigerated Pasta","Buitoni Three Cheese Tortellini Refrigerated Pasta","4.89","0.0","","9 oz","9 oz","5633.jpg",,"1"
"10380","Cooking Needs","Rice, Grain, Pasta & Beans","Grains, Rice & Dried Goods","Bob's Red Mill","Bob's Red Mill Organic Farro","Bob's Red Mill Organic Farro","6.09","0.0","","24 oz","24 oz","5846.jpg",,"N/A"
"10381","Cooking Needs","Rice, Grain, Pasta & Beans","Grains, Rice & Dried Goods","Bob's Red Mill","Bob's Red Mill Organic Whole Grain Quinoa","Bob's Red Mill Organic Whole Grain Quinoa","9.79","0.0","","16 oz","16 oz","5841.jpg",,"N/A"
"10382","Cooking Needs","Rice, Grain, Pasta & Beans","Grains, Rice & Dried Goods","Bob's Red Mill","Bob's Red Mill Organic Whole Grain Tri Color Quinoa","Bob's Red Mill Organic Whole Grain Tri Color Quinoa","9.79","0.0","","16 oz","16 oz","5843.jpg",,"N/A"
"10383","Cooking Needs","Rice, Grain, Pasta & Beans","Grains, Rice & Dried Goods","Bob's Red Mill","Bob's Red Mill Pearl Barley","Bob's Red Mill Pearl Barley","3.69","0.0","","30 oz","30 oz","5845.jpg",,"N/A"
"10384","Cooking Needs","Rice, Grain, Pasta & Beans","Grains, Rice & Dried Goods","Bob's Red Mill","Bob's Red Mill Quinoa","Bob's Red Mill Quinoa","9.79","0.0","","26 oz","26 oz","5842.jpg",,"N/A"
"10385","Cooking Needs","Rice, Grain, Pasta & Beans","Grains, Rice & Dried Goods","Bob's Red Mill","Bob's Red Mill Traditional Pearl Couscous","Bob's Red Mill Traditional Pearl Couscous","4.69","0.0","","16 oz","16 oz","5839.jpg",,"N/A"
"10386","Cooking Needs","Rice, Grain, Pasta & Beans","Grains, Rice & Dried Goods","Bob's Red Mill","Bob's Red Mill Tricolor Pearl Couscous","Bob's Red Mill Tricolor Pearl Couscous","4.69","0.0","","16 oz","16 oz","5840.jpg",,"N/A"
"10387","Cooking Needs","Rice, Grain, Pasta & Beans","Grains, Rice & Dried Goods","Bob's Red Mill","Bobs Red Mill Pearl Couscous, Whole Wheat","Bobs Red Mill Pearl Couscous, Whole Wheat","4.69","0.0","","16 oz","16 oz","5866.jpg",,"N/A"
"10388","Cooking Needs","Rice, Grain, Pasta & Beans","Grains, Rice & Dried Goods","Bob's Red Mill","Bobs Red Mill Quinoa, Red, Organic Whole Grain","Bobs Red Mill Quinoa, Red, Organic Whole Grain","9.79","0.0","","16 oz","16 oz","5867.jpg",,"N/A"
"10389","Cooking Needs","Rice, Grain, Pasta & Beans","Grains, Rice & Dried Goods","Bom De Mais","Bom De Mais Cornmeal","Bom De Mais Cornmeal","1.69","0.0","","32 oz","32 oz","17447.jpg",,"N/A"
"10390","Cooking Needs","Rice, Grain, Pasta & Beans","Grains, Rice & Dried Goods","Bombay Original","Bombay Original Basmati Rice","Bombay Original Basmati Rice","6.09","0.0","","4 lb","4 lb","17431.jpg",,"4"
"10391","Cooking Needs","Rice, Grain, Pasta & Beans","Grains, Rice & Dried Goods","Canilla","Goya Extra Long Grain Canilla Enriched White Rice","Goya Extra Long Grain Canilla Enriched White Rice","8.59","0.0","","10 lb","10 lb","17437.jpg",,"4"
"10392","Cooking Needs","Rice, Grain, Pasta & Beans","Grains, Rice & Dried Goods","Carolina","Carolina Basmati Rice","Carolina Basmati Rice","4.89","0.0","","32 oz","32 oz","17439.jpg",,"4"
"10393","Cooking Needs","Rice, Grain, Pasta & Beans","Grains, Rice & Dried Goods","Carolina","Carolina Enriched Extra Long Grain Rice","Carolina Enriched Extra Long Grain Rice","6.09","0.0","","5 lb","5 lb","5834.jpg",,"4"
"10394","Cooking Needs","Rice, Grain, Pasta & Beans","Grains, Rice & Dried Goods","Carolina","Carolina Enriched Extra Long Grain Rice","Carolina Enriched Extra Long Grain Rice","8.59","0.0","","10 lb","10 lb","5837.jpg",,"4"
"10395","Cooking Needs","Rice, Grain, Pasta & Beans","Grains, Rice & Dried Goods","Carolina","Carolina Jasmine Thai Fragrant Long Grain Rice","Carolina Jasmine Thai Fragrant Long Grain Rice","7.39","0.0","","5 lb","5 lb","5831.jpg",,"4"
"10396","Cooking Needs","Rice, Grain, Pasta & Beans","Grains, Rice & Dried Goods","Carolina","Carolina Long Grain & Wild Rice Mix with Seasoning","Carolina Long Grain & Wild Rice Mix with Seasoning","0.89","0.0","","4.5 oz","4.5 oz","5836.jpg",,"4"
"10397","Cooking Needs","Rice, Grain, Pasta & Beans","Grains, Rice & Dried Goods","Cedar","Cedar Lane Red Lentil","Cedar Lane Red Lentil","3.69","0.0","","32 oz","32 oz","No Image.jpg",,"N/A"
"10398","Cooking Needs","Rice, Grain, Pasta & Beans","Grains, Rice & Dried Goods","Ducal","Ducal Refried Beans Red","Ducal Refried Beans Red","3.49","0.0","","14.1 oz","14.1 oz","17435.jpg",,"N/A"
"10399","Cooking Needs","Rice, Grain, Pasta & Beans","Grains, Rice & Dried Goods","Earthly Choice","Earthly Choice Nat Earth Quinoa","Earthly Choice Nat Earth Quinoa","3.09","0.0","","4.8 oz","4.8 oz","17445.jpg",,"N/A"
"10400","Cooking Needs","Rice, Grain, Pasta & Beans","Grains, Rice & Dried Goods","Goya","Goya Extra Long Grain Canilla Enriched White Rice","Goya Extra Long Grain Canilla Enriched White Rice","6.48","0.0","","5 lb","5 lb","17436.jpg",,"7"
"10401","Cooking Needs","Rice, Grain, Pasta & Beans","Grains, Rice & Dried Goods","Goya","Goya 16 Bean Soup Mix","Goya 16 Bean Soup Mix","2.69","0.0","","16 oz","16 oz","5820.jpg",,"7"
"10402","Cooking Needs","Rice, Grain, Pasta & Beans","Grains, Rice & Dried Goods","Goya","Goya Baby Lima Beans","Goya Baby Lima Beans","2.09","0.0","","16 oz","16 oz","5822.jpg",,"7"
"10403","Cooking Needs","Rice, Grain, Pasta & Beans","Grains, Rice & Dried Goods","Goya","Goya Beans Black","Goya Beans Black","6.69","0.0","","4 lb","4 lb","5828.jpg",,"7"
"10404","Cooking Needs","Rice, Grain, Pasta & Beans","Grains, Rice & Dried Goods","Goya","Goya Beans Pinto","Goya Beans Pinto","6.69","0.0","","4 lb","4 lb","5818.jpg",,"7"
"10405","Cooking Needs","Rice, Grain, Pasta & Beans","Grains, Rice & Dried Goods","Goya","Goya Black Beans","Goya Black Beans","1.89","0.0","","16 oz","16 oz","5807.jpg",,"7"
"10406","Cooking Needs","Rice, Grain, Pasta & Beans","Grains, Rice & Dried Goods","Goya","Goya Central American Red Beans","Goya Central American Red Beans","1.89","0.0","","16 oz","16 oz","5809.jpg",,"7"
"10407","Cooking Needs","Rice, Grain, Pasta & Beans","Grains, Rice & Dried Goods","Goya","Goya Chick Peas","Goya Chick Peas","2.99","0.0","","16 oz","16 oz","17434.jpg",,"7"
"10408","Cooking Needs","Rice, Grain, Pasta & Beans","Grains, Rice & Dried Goods","Goya","Goya Enriched Medium Grain Rice","Goya Enriched Medium Grain Rice","6.09","0.0","","5 lb","5 lb","5808.jpg",,"7"
"10409","Cooking Needs","Rice, Grain, Pasta & Beans","Grains, Rice & Dried Goods","Goya","Goya Golden Canilla Extra Long Grain Parboiled Rice","Goya Golden Canilla Extra Long Grain Parboiled Rice","6.49","0.0","","60 oz","60 oz","5802.jpg",,"4"
"10410","Cooking Needs","Rice, Grain, Pasta & Beans","Grains, Rice & Dried Goods","Goya","Goya Green Split Peas","Goya Green Split Peas","1.29","0.0","","16 oz","16 oz","5823.jpg",,"7"
"10411","Cooking Needs","Rice, Grain, Pasta & Beans","Grains, Rice & Dried Goods","Goya","Goya Kidney Beans White","Goya Kidney Beans White","2.39","0.0","","16 oz","16 oz","17448.jpg",,"7"
"10412","Cooking Needs","Rice, Grain, Pasta & Beans","Grains, Rice & Dried Goods","Goya","Goya Large Fava Beans","Goya Large Fava Beans","2.19","0.0","","16 oz","16 oz","5825.jpg",,"7"
"10413","Cooking Needs","Rice, Grain, Pasta & Beans","Grains, Rice & Dried Goods","Goya","Goya Lentils","Goya Lentils","5.19","0.0","","4 lb","4 lb","5817.jpg",,"7"
"10414","Cooking Needs","Rice, Grain, Pasta & Beans","Grains, Rice & Dried Goods","Goya","Goya Lima Beans Large","Goya Lima Beans Large","2.49","0.0","","16 oz","16 oz","5819.jpg",,"7"
"10415","Cooking Needs","Rice, Grain, Pasta & Beans","Grains, Rice & Dried Goods","Goya","Goya Medium Grain Rice","Goya Medium Grain Rice","9.79","0.0","","10 lb","10 lb","5812.jpg",,"7"
"10416","Cooking Needs","Rice, Grain, Pasta & Beans","Grains, Rice & Dried Goods","Goya","Goya Medium Grain Rice","Goya Medium Grain Rice","18.29","0.0","","20 lb","20 lb","5826.jpg",,"7"
"10417","Cooking Needs","Rice, Grain, Pasta & Beans","Grains, Rice & Dried Goods","Goya","Goya Natural Long Grain Rice Brown Rice","Goya Natural Long Grain Rice Brown Rice","3.09","0.0","","28 oz","28 oz","5814.jpg",,"7"
"10418","Cooking Needs","Rice, Grain, Pasta & Beans","Grains, Rice & Dried Goods","Goya","Goya Navy Beans","Goya Navy Beans","1.59","0.0","","16 oz","16 oz","5821.jpg",,"7"
"10419","Cooking Needs","Rice, Grain, Pasta & Beans","Grains, Rice & Dried Goods","Goya","Goya Pink Beans","Goya Pink Beans","2.09","0.0","","16 oz","16 oz","5810.jpg",,"7"
"10420","Cooking Needs","Rice, Grain, Pasta & Beans","Grains, Rice & Dried Goods","Goya","Goya Pinto Beans","Goya Pinto Beans","2.09","0.0","","16 oz","16 oz","5806.jpg",,"7"
"10421","Cooking Needs","Rice, Grain, Pasta & Beans","Grains, Rice & Dried Goods","Goya","Goya Red Kidney Beans","Goya Red Kidney Beans","7.99","0.0","","64 oz","64 oz","5801.jpg",,"7"
"10422","Cooking Needs","Rice, Grain, Pasta & Beans","Grains, Rice & Dried Goods","Goya","Goya Red Kidney Beans","Goya Red Kidney Beans","0.99","0.0","","15.5 oz","15.5 oz","5804.jpg",,"7"
"10423","Cooking Needs","Rice, Grain, Pasta & Beans","Grains, Rice & Dried Goods","Goya","Goya Rice, Jasmine, Thai","Goya Rice, Jasmine, Thai","24.39","0.0","","20 lb","20 lb","5815.jpg",,"7"
"10424","Cooking Needs","Rice, Grain, Pasta & Beans","Grains, Rice & Dried Goods","Goya","Goya Small Red Beans","Goya Small Red Beans","6.09","0.0","","4 lb","4 lb","5816.jpg",,"7"
"10425","Cooking Needs","Rice, Grain, Pasta & Beans","Grains, Rice & Dried Goods","Goya","Goya Small White Beans","Goya Small White Beans","1.89","0.0","","16 oz","16 oz","5827.jpg",,"7"
"10426","Cooking Needs","Rice, Grain, Pasta & Beans","Grains, Rice & Dried Goods","Goya","Goya Thai Jasmine Rice","Goya Thai Jasmine Rice","9.79","0.0","","5 lb","5 lb","5803.jpg",,"7"
"10427","Cooking Needs","Rice, Grain, Pasta & Beans","Grains, Rice & Dried Goods","Goya","Goya Thai Jasmine Rice","Goya Thai Jasmine Rice","17.09","0.0","","10 lb","10 lb","5813.jpg",,"7"
"10428","Cooking Needs","Rice, Grain, Pasta & Beans","Grains, Rice & Dried Goods","Goya","Goya Whole Green Peas","Goya Whole Green Peas","1.09","0.0","","16 oz","16 oz","5811.jpg",,"7"
"10429","Cooking Needs","Rice, Grain, Pasta & Beans","Grains, Rice & Dried Goods","Goya","Goya Yellow Split Peas","Goya Yellow Split Peas","1.29","0.0","","16 oz","16 oz","5824.jpg",,"7"
"10430","Cooking Needs","Rice, Grain, Pasta & Beans","Grains, Rice & Dried Goods","Knorr","Knorr Rice Side Dish Pilaf","Knorr Rice Side Dish Pilaf","1.29","0.0","","5.3 oz","5.3 oz","17430.jpg",,"4"
"10431","Cooking Needs","Rice, Grain, Pasta & Beans","Grains, Rice & Dried Goods","Lundberg Family Farms","Lundberg Family Farms Black Japonica Rice","Lundberg Family Farms Black Japonica Rice","4.89","0.0","","16 oz","16 oz","5861.jpg",,"4"
"10432","Cooking Needs","Rice, Grain, Pasta & Beans","Grains, Rice & Dried Goods","Lundberg Family Farms","Lundberg Family Farms EF White Arborio White Rice","Lundberg Family Farms EF White Arborio White Rice","4.89","0.0","","16 oz","16 oz","5860.jpg",,"4"
"10433","Cooking Needs","Rice, Grain, Pasta & Beans","Grains, Rice & Dried Goods","Lundberg Family Farms","Lundberg Family Farms Lundberg CountryWild Brown Rice Blend","Lundberg Family Farms Lundberg CountryWild Brown Rice Blend","4.89","0.0","","16 oz","16 oz","5859.jpg",,"4"
"10434","Cooking Needs","Rice, Grain, Pasta & Beans","Grains, Rice & Dried Goods","Lundberg Family Farms","Lundberg Family Farms Wild Blend Rice","Lundberg Family Farms Wild Blend Rice","4.89","0.0","","16 oz","16 oz","5858.jpg",,"4"
"10435","Cooking Needs","Rice, Grain, Pasta & Beans","Grains, Rice & Dried Goods","Market Basket","Market Basket Enriched Long Grain Rice","Market Basket Enriched Long Grain Rice","1.59","0.0","","2.2 lb","2.2 lb","Market Basket.jpg",,"4"
"10436","Cooking Needs","Rice, Grain, Pasta & Beans","Grains, Rice & Dried Goods","Minute Rice","Minute Rice Basmati Rice","Minute Rice Basmati Rice","2.09","0.0","","4 x 8.8 oz","4 x 8.8 oz","17441.jpg",,"4"
"10437","Cooking Needs","Rice, Grain, Pasta & Beans","Grains, Rice & Dried Goods","Monterey","Monterey Woodear Dried Mushrooms","Monterey Woodear Dried Mushrooms","4.09","0.0","","1 oz","1 oz","No Image.jpg",,"N/A"
"10438","Cooking Needs","Rice, Grain, Pasta & Beans","Grains, Rice & Dried Goods","Nature's Earthly Choice","Nature's Earthly Choice Chia","Nature's Earthly Choice Chia","7.39","0.0","","12 oz","12 oz","5850.jpg",,"4"
"10439","Cooking Needs","Rice, Grain, Pasta & Beans","Grains, Rice & Dried Goods","Nature's Earthly Choice","Nature's Earthly Choice Organic Italian Pearled Farro","Nature's Earthly Choice Organic Italian Pearled Farro","3.69","0.0","","14 oz","14 oz","5848.jpg",,"4"
"10440","Cooking Needs","Rice, Grain, Pasta & Beans","Grains, Rice & Dried Goods","Nature's Earthly Choice","Nature's Earthly Choice Organic Premium Quinoa","Nature's Earthly Choice Organic Premium Quinoa","4.89","0.0","","12 oz","12 oz","5849.jpg",,"4"
"10441","Cooking Needs","Rice, Grain, Pasta & Beans","Grains, Rice & Dried Goods","Pastene","Pastene Arborio Rice","Pastene Arborio Rice","3.29","0.0","","16.9 oz","16.9 oz","17444.jpg",,"4"
"10442","Cooking Needs","Rice, Grain, Pasta & Beans","Grains, Rice & Dried Goods","RiceSelect","RiceSelect Arborio","RiceSelect Arborio","7.39","0.0","","36 oz","36 oz","5863.jpg",,"4"
"10443","Cooking Needs","Rice, Grain, Pasta & Beans","Grains, Rice & Dried Goods","RiceSelect","RiceSelect Couscous","RiceSelect Couscous","9.19","0.0","","31.7 oz","31.7 oz","5862.jpg",,"4"
"10444","Cooking Needs","Rice, Grain, Pasta & Beans","Grains, Rice & Dried Goods","RiceSelect","RiceSelect Tri Color Couscous","RiceSelect Tri Color Couscous","9.79","0.0","","26.5 oz","26.5 oz","5864.jpg",,"4"
"10445","Cooking Needs","Rice, Grain, Pasta & Beans","Grains, Rice & Dried Goods","Royal","RiceSelect Royal Blend with Red Quinoa Rice","RiceSelect Royal Blend with Red Quinoa Rice","9.19","0.0","","28 oz","28 oz","5865.jpg",,"4"
"10446","Cooking Needs","Rice, Grain, Pasta & Beans","Grains, Rice & Dried Goods","Seeds of Change","Seeds of Change Certified Organic Quinoa & Brown Rice with Garlic","Seeds of Change Certified Organic Quinoa & Brown Rice with Garlic","3.09","0.0","","8.5 oz","8.5 oz","17432.jpg",,"4"
"10447","Cooking Needs","Rice, Grain, Pasta & Beans","Grains, Rice & Dried Goods","Suzie's Quinoa","Suzie's Quinoa, Asian","Suzie's Quinoa, Asian","3.69","0.0","","8 oz","8 oz","17438.jpg",,"N/A"
"10448","Cooking Needs","Rice, Grain, Pasta & Beans","Grains, Rice & Dried Goods","Suzie's Quinoa","Suzie's Quinoa, Tex Mex","Suzie's Quinoa, Tex Mex","3.69","0.0","","8 oz","8 oz","17443.jpg",,"N/A"
"10449","Cooking Needs","Rice, Grain, Pasta & Beans","Grains, Rice & Dried Goods","Twin Elephants","Twin Elephants Jasmine White Scented Rice","Twin Elephants Jasmine White Scented Rice","26.89","0.0","","25 lb","25 lb","No Image.jpg",,"4"
"10450","Cooking Needs","Rice, Grain, Pasta & Beans","Grains, Rice & Dried Goods","Uncle Ben's","Uncle Ben's Flavored Grains Long Grain & Wild Fast Cook","Uncle Ben's Flavored Grains Long Grain & Wild Fast Cook","2.19","0.0","","6.2 oz","6.2 oz","5855.jpg",,"4"
"10451","Cooking Needs","Rice, Grain, Pasta & Beans","Grains, Rice & Dried Goods","Uncle Ben's","Uncle Ben's Original Converted Brand Enriched Parboiled Long Grain Rice","Uncle Ben's Original Converted Brand Enriched Parboiled Long Grain Rice","3.89","0.0","","2 lb","2 lb","5854.jpg",,"4"
"10452","Cooking Needs","Rice, Grain, Pasta & Beans","Grains, Rice & Dried Goods","Uncle Ben's","Uncle Ben's Original Converted Brand Enriched Parboiled Long Grain Rice","Uncle Ben's Original Converted Brand Enriched Parboiled Long Grain Rice","2.09","0.0","","1 lb","1 lb","5856.jpg",,"4"
"10453","Cooking Needs","Rice, Grain, Pasta & Beans","Grains, Rice & Dried Goods","Uncle Ben's","Uncle Ben's Whole Grain Brown Rice","Uncle Ben's Whole Grain Brown Rice","3.89","0.0","","2 lb","2 lb","5857.jpg",,"4"
"10454","Cooking Needs","Rice, Grain, Pasta & Beans","Grains, Rice & Dried Goods","Vigo","Vigo Saffron Yellow Rice","Vigo Saffron Yellow Rice","2.09","0.0","","10 oz","10 oz","17446.jpg",,"4"
"10455","Cooking Needs","Rice, Grain, Pasta & Beans","Instant Food","10 min Success","Success Ten Minute Boil in Bag White Rice","Success Ten Minute Boil in Bag White Rice","2.49","0.0","","3.5 oz","3.5 oz","18103.jpg",,"4"
"10456","Cooking Needs","Rice, Grain, Pasta & Beans","Instant Food","Alessi","Alessi Risotto Milanese Style with Saffron","Alessi Risotto Milanese Style with Saffron","3.69","0.0","","8 oz","8 oz","17415.jpg",,"4"
"10457","Cooking Needs","Rice, Grain, Pasta & Beans","Instant Food","Alessi","Alessi Risotto with Porcini Mushrooms","Alessi Risotto with Porcini Mushrooms","3.69","0.0","","8 oz","8 oz","17385.jpg",,"4"
"10458","Cooking Needs","Rice, Grain, Pasta & Beans","Instant Food","Annie's Homegrown","Annie's Homegrown Bunny Shape Pasta & Yummy Cheese Macaroni and Cheese","Annie's Homegrown Bunny Shape Pasta & Yummy Cheese Macaroni and Cheese","1.89","0.0","","6 oz","6 oz","5754.jpg",,"4"
"10459","Cooking Needs","Rice, Grain, Pasta & Beans","Instant Food","Annie's Homegrown","Annie's Homegrown Classic Cheddar Macaroni and Cheese, Pasta & Mac and Cheese","Annie's Homegrown Classic Cheddar Macaroni and Cheese, Pasta & Mac and Cheese","1.69","0.0","","6 oz","6 oz","5757.jpg",,"4"
"10460","Cooking Needs","Rice, Grain, Pasta & Beans","Instant Food","Annie's Homegrown","Annie's Homegrown Deluxe Rich & Creamy Shells & Aged Cheddar Macaroni & Cheese Sauce","Annie's Homegrown Deluxe Rich & Creamy Shells & Aged Cheddar Macaroni & Cheese Sauce","3.29","0.0","","11 oz","11 oz","5760.jpg",,"4"
"10461","Cooking Needs","Rice, Grain, Pasta & Beans","Instant Food","Annie's Homegrown","Annie's Homegrown Four Cheese Macaroni and Cheese","Annie's Homegrown Four Cheese Macaroni and Cheese","1.69","0.0","","5.5 oz","5.5 oz","5759.jpg",,"4"
"10462","Cooking Needs","Rice, Grain, Pasta & Beans","Instant Food","Annie's Homegrown","Annie's Homegrown Gluten Free Macaroni and Cheese, Rice Pasta & Cheddar","Annie's Homegrown Gluten Free Macaroni and Cheese, Rice Pasta & Cheddar","3.69","0.0","","6 oz","6 oz","5758.jpg",,"4"
"10463","Cooking Needs","Rice, Grain, Pasta & Beans","Instant Food","Annie's Homegrown","Annie's Homegrown Real Aged Cheddar Macaroni & Cheese, Microwavable Mac & Cheese","Annie's Homegrown Real Aged Cheddar Macaroni & Cheese, Microwavable Mac & Cheese","3.09","0.0","","2 x 2.01 oz","2 x 2.01 oz","5756.jpg",,"4"
"10464","Cooking Needs","Rice, Grain, Pasta & Beans","Instant Food","Annie's Homegrown","Annie's Homegrown Shells & Aged Cheddar Macaroni and Cheese, Mac and Cheese","Annie's Homegrown Shells & Aged Cheddar Macaroni and Cheese, Mac and Cheese","1.69","0.0","","6 oz","6 oz","5751.jpg",,"4"
"10465","Cooking Needs","Rice, Grain, Pasta & Beans","Instant Food","Annie's Homegrown","Annie's Homegrown Shells & White Cheddar Macaroni and Cheese, Family Size","Annie's Homegrown Shells & White Cheddar Macaroni and Cheese, Family Size","3.09","0.0","","10.5 oz","10.5 oz","5752.jpg",,"4"
"10466","Cooking Needs","Rice, Grain, Pasta & Beans","Instant Food","Annie's Homegrown","Annie's Homegrown Shells and White Cheddar Macaroni and Cheese","Annie's Homegrown Shells and White Cheddar Macaroni and Cheese","14.69","0.0","","12 x 6 oz","12 x 6 oz","5753.jpg",,"4"
"10467","Cooking Needs","Rice, Grain, Pasta & Beans","Instant Food","Annie's Homegrown","Annie's Homegrown Spirals With Butter & Parmesan Macaroni and Cheese, Natural","Annie's Homegrown Spirals With Butter & Parmesan Macaroni and Cheese, Natural","1.69","0.0","","5.25 oz","5.25 oz","5762.jpg",,"4"
"10468","Cooking Needs","Rice, Grain, Pasta & Beans","Instant Food","Annie's Homegrown","Annie's Homegrown White Cheddar Macaroni & Cheese, Microwavable Mac & Cheese","Annie's Homegrown White Cheddar Macaroni & Cheese, Microwavable Mac & Cheese","3.09","0.0","","2 x 2.01 oz","2 x 2.01 oz","5755.jpg",,"4"
"10469","Cooking Needs","Rice, Grain, Pasta & Beans","Instant Food","Betty Crocker","Betty Crocker Au Gratin Potatoes","Betty Crocker Au Gratin Potatoes","3.09","0.0","","4.7 oz","4.7 oz","5799.jpg",,"4"
"10470","Cooking Needs","Rice, Grain, Pasta & Beans","Instant Food","Betty Crocker","Betty Crocker Homestyle Butter and Herb Potatoes","Betty Crocker Homestyle Butter and Herb Potatoes","1.29","0.0","","4.7 oz","4.7 oz","5800.jpg",,"9"
"10471","Cooking Needs","Rice, Grain, Pasta & Beans","Instant Food","Betty Crocker","Betty Crocker Homestyle Creamy Butter Potatoes","Betty Crocker Homestyle Creamy Butter Potatoes","3.09","0.0","","4.7 oz","4.7 oz","5798.jpg",,"4"
"10472","Cooking Needs","Rice, Grain, Pasta & Beans","Instant Food","Betty Crocker","Betty Crocker Potato Buds Potatoes","Betty Crocker Potato Buds Potatoes","3.69","0.0","","28 oz","28 oz","5797.jpg",,"4"
"10473","Cooking Needs","Rice, Grain, Pasta & Beans","Instant Food","Betty Crocker","Betty Crocker Three Cheese Potatoes","Betty Crocker Three Cheese Potatoes","1.89","0.0","","5 oz","5 oz","5796.jpg",,"4"
"10474","Cooking Needs","Rice, Grain, Pasta & Beans","Instant Food","Betty Crocker","Hamburger Helper Betty Crocker , Beef Pasta","Hamburger Helper Betty Crocker , Beef Pasta","1.89","0.0","","5.9 oz","5.9 oz","17391.jpg",,"4"
"10475","Cooking Needs","Rice, Grain, Pasta & Beans","Instant Food","Betty Crocker","Hamburger Helper Betty Crocker , Lasagna","Hamburger Helper Betty Crocker , Lasagna","2.09","0.0","","6.9 oz","6.9 oz","17410.jpg",,"4"
"10476","Cooking Needs","Rice, Grain, Pasta & Beans","Instant Food","Canada Dry","Canada Dry Ginger Ale","Canada Dry Ginger Ale","3.09","0.0","","8 x 7.5 fl oz","8 x 7.5 fl oz","17376.jpg",,"17"
"10477","Cooking Needs","Rice, Grain, Pasta & Beans","Instant Food","Carolina","Carolina Black Beans & Rice with Seasonings","Carolina Black Beans & Rice with Seasonings","1.29","0.0","","8 oz","8 oz","17403.jpg",,"4"
"10478","Cooking Needs","Rice, Grain, Pasta & Beans","Instant Food","Chef Boyardee","Chef Boyardee Beef Ravioli in Tomato & Meat Sauce","Chef Boyardee Beef Ravioli in Tomato & Meat Sauce","1.29","0.0","","7.5 oz","7.5 oz","17387.jpg",,"4"
"10479","Cooking Needs","Rice, Grain, Pasta & Beans","Instant Food","Chef Boyardee","Chef Boyardee Microwaveable Cheese Ravioli","Chef Boyardee Microwaveable Cheese Ravioli","1.29","0.0","","7.5 oz","7.5 oz","17392.jpg",,"4"
"10480","Cooking Needs","Rice, Grain, Pasta & Beans","Instant Food","Chef Boyardee","Chef Boyardee Mini Bites Microwaveable Pasta Shells","Chef Boyardee Mini Bites Microwaveable Pasta Shells","1.29","0.0","","7.5 oz","7.5 oz","17411.jpg",,"4"
"10481","Cooking Needs","Rice, Grain, Pasta & Beans","Instant Food","Chef Boyardee","Chefboyardee Spaghetti Meatballs Microwave","Chefboyardee Spaghetti Meatballs Microwave","1.29","0.0","","7.5 oz","7.5 oz","17416.jpg",,"4"
"10482","Cooking Needs","Rice, Grain, Pasta & Beans","Instant Food","Goya","Goya Chicken Flavored Rice","Goya Chicken Flavored Rice","2.49","0.0","","8 oz","8 oz","5738.jpg",,"7"
"10483","Cooking Needs","Rice, Grain, Pasta & Beans","Instant Food","Goya","Goya Country Style Rice & Cheese Sauce Broccoli & Cheddar","Goya Country Style Rice & Cheese Sauce Broccoli & Cheddar","2.49","0.0","","8 oz","8 oz","5749.jpg",,"7"
"10484","Cooking Needs","Rice, Grain, Pasta & Beans","Instant Food","Goya","Goya Mexican Rice Chicken Flavor","Goya Mexican Rice Chicken Flavor","2.49","0.0","","8 oz","8 oz","5744.jpg",,"7"
"10485","Cooking Needs","Rice, Grain, Pasta & Beans","Instant Food","Goya","Goya Rice & Red Beans Seasoned","Goya Rice & Red Beans Seasoned","2.49","0.0","","8 oz","8 oz","5747.jpg",,"7"
"10486","Cooking Needs","Rice, Grain, Pasta & Beans","Instant Food","Goya","Goya Rice Jasmine","Goya Rice Jasmine","2.99","0.0","","12 oz","12 oz","5743.jpg",,"7"
"10487","Cooking Needs","Rice, Grain, Pasta & Beans","Instant Food","Goya","Goya Spanish Style Instant Yellow Rice","Goya Spanish Style Instant Yellow Rice","2.49","0.0","","6 oz","6 oz","5742.jpg",,"7"
"10488","Cooking Needs","Rice, Grain, Pasta & Beans","Instant Food","Goya","Goya Spanish Style Yellow Rice","Goya Spanish Style Yellow Rice","2.49","0.0","","8 oz","8 oz","5740.jpg",,"7"
"10489","Cooking Needs","Rice, Grain, Pasta & Beans","Instant Food","Goya","Goya Valencia Rice, Enriched, Short Grain","Goya Valencia Rice, Enriched, Short Grain","2.99","0.0","","12 oz","12 oz","5739.jpg",,"7"
"10490","Cooking Needs","Rice, Grain, Pasta & Beans","Instant Food","Goya","Goya Yellow Rice & Red Beans Seasoned","Goya Yellow Rice & Red Beans Seasoned","2.49","0.0","","8 oz","8 oz","5741.jpg",,"7"
"10491","Cooking Needs","Rice, Grain, Pasta & Beans","Instant Food","Goya","Goya Yellow Rice Low Sodium","Goya Yellow Rice Low Sodium","2.49","0.0","","8 oz","8 oz","5750.jpg",,"7"
"10492","Cooking Needs","Rice, Grain, Pasta & Beans","Instant Food","Goya","Goya Yellow Rice Spanish Style","Goya Yellow Rice Spanish Style","3.59","0.0","","14 oz","14 oz","5745.jpg",,"7"
"10493","Cooking Needs","Rice, Grain, Pasta & Beans","Instant Food","Goya","Goya Yellow Rice Spanish Style","Goya Yellow Rice Spanish Style","5.79","0.0","","24 oz","24 oz","5748.jpg",,"7"
"10494","Cooking Needs","Rice, Grain, Pasta & Beans","Instant Food","Idahoan","Idahoan Loaded Baked Mashed Potatoes","Idahoan Loaded Baked Mashed Potatoes","1.29","0.0","","4 oz","4 oz","17394.jpg",,"9"
"10495","Cooking Needs","Rice, Grain, Pasta & Beans","Instant Food","Idahoan","Idahoan Mashed Potatoes Baby Reds","Idahoan Mashed Potatoes Baby Reds","1.29","0.0","","4.1 oz","4.1 oz","17383.jpg",,"9"
"10496","Cooking Needs","Rice, Grain, Pasta & Beans","Instant Food","Idahoan","Idahoan Mashed Potatoes Butter & Herb","Idahoan Mashed Potatoes Butter & Herb","1.29","0.0","","4 oz","4 oz","17381.jpg",,"9"
"10497","Cooking Needs","Rice, Grain, Pasta & Beans","Instant Food","Idahoan","Idahoan Mashed Potatoes Four Cheese","Idahoan Mashed Potatoes Four Cheese","1.29","0.0","","4 oz","4 oz","17380.jpg",,"9"
"10498","Cooking Needs","Rice, Grain, Pasta & Beans","Instant Food","Idahoan","Idahoan Mashed Potatoes Original","Idahoan Mashed Potatoes Original","3.69","0.0","","26.2 oz","26.2 oz","17375.jpg",,"9"
"10499","Cooking Needs","Rice, Grain, Pasta & Beans","Instant Food","Knorr","Knorr Fiesta Sides Mexican Rice","Knorr Fiesta Sides Mexican Rice","1.29","0.0","","5.4 oz","5.4 oz","18100.jpg",,"4"
"10500","Cooking Needs","Rice, Grain, Pasta & Beans","Instant Food","Knorr","Knorr Fiesta Sides Spanish Rice","Knorr Fiesta Sides Spanish Rice","1.29","0.0","","5.6 oz","5.6 oz","18102.jpg",,"4"
"10501","Cooking Needs","Rice, Grain, Pasta & Beans","Instant Food","Knorr","Knorr Rice Sides Cheddar Broccoli","Knorr Rice Sides Cheddar Broccoli","1.29","0.0","","5.7 oz","5.7 oz","18101.jpg",,"4"
"10502","Cooking Needs","Rice, Grain, Pasta & Beans","Instant Food","Knorr","Knorr Rice Sides Rice Medley","Knorr Rice Sides Rice Medley","1.29","0.0","","5.6 oz","5.6 oz","18098.jpg",,"4"
"10503","Cooking Needs","Rice, Grain, Pasta & Beans","Instant Food","Kraft","Kraft Deluxe Original Cheddar Macaroni & Cheese Dinner","Kraft Deluxe Original Cheddar Macaroni & Cheese Dinner","3.09","0.0","","14 oz","14 oz","5770.jpg",,"4"
"10504","Cooking Needs","Rice, Grain, Pasta & Beans","Instant Food","Kraft","Kraft Macaroni & Cheese Dinner","Kraft Macaroni & Cheese Dinner","1.69","0.0","","5.5 oz","5.5 oz","5768.jpg",,"4"
"10505","Cooking Needs","Rice, Grain, Pasta & Beans","Instant Food","Kraft","Kraft Macaroni & Cheese Dinner","Kraft Macaroni & Cheese Dinner","1.29","0.0","","1.9 oz","1.9 oz","5769.jpg",,"4"
"10506","Cooking Needs","Rice, Grain, Pasta & Beans","Instant Food","Kraft","Kraft Ninja Turtles Shapes Macaroni & Cheese Dinner","Kraft Ninja Turtles Shapes Macaroni & Cheese Dinner","1.69","0.0","","5.5 oz","5.5 oz","5772.jpg",,"4"
"10507","Cooking Needs","Rice, Grain, Pasta & Beans","Instant Food","Kraft","Kraft Original Flavor Macaroni & Cheese","Kraft Original Flavor Macaroni & Cheese","1.29","0.0","","2.05 oz","2.05 oz","5766.jpg",,"4"
"10508","Cooking Needs","Rice, Grain, Pasta & Beans","Instant Food","Kraft","Kraft Original Flavor Macaroni & Cheese Dinner","Kraft Original Flavor Macaroni & Cheese Dinner","1.29","0.0","","7.25 oz","7.25 oz","5764.jpg",,"4"
"10509","Cooking Needs","Rice, Grain, Pasta & Beans","Instant Food","Kraft","Kraft Original Shells & Cheese Shell Pasta & Creamy Cheese Sauce","Kraft Original Shells & Cheese Shell Pasta & Creamy Cheese Sauce","5.59","0.0","","24 oz","24 oz","5773.jpg",,"4"
"10510","Cooking Needs","Rice, Grain, Pasta & Beans","Instant Food","Kraft","Kraft Spirals Macaroni & Cheese Dinner","Kraft Spirals Macaroni & Cheese Dinner","1.29","0.0","","5.5 oz","5.5 oz","5765.jpg",,"4"
"10511","Cooking Needs","Rice, Grain, Pasta & Beans","Instant Food","Kraft","Kraft Stove Top Chicken Stuffing Mix","Kraft Stove Top Chicken Stuffing Mix","2.49","0.0","","6 oz","6 oz","17378.jpg",,"1"
"10512","Cooking Needs","Rice, Grain, Pasta & Beans","Instant Food","Kraft","Kraft Stove Top Everyday Stuffing Mix for Chicken","Kraft Stove Top Everyday Stuffing Mix for Chicken","3.69","0.0","","12 oz","12 oz","17419.jpg",,"1"
"10513","Cooking Needs","Rice, Grain, Pasta & Beans","Instant Food","Kraft","Kraft Stove Top Savory Herbs Stuffing Mix","Kraft Stove Top Savory Herbs Stuffing Mix","2.49","0.0","","6 oz","6 oz","17398.jpg",,"4"
"10514","Cooking Needs","Rice, Grain, Pasta & Beans","Instant Food","Kraft","Kraft Stove Top Stuffing Mix for Turkey","Kraft Stove Top Stuffing Mix for Turkey","2.49","0.0","","6 oz","6 oz","17399.jpg",,"1"
"10515","Cooking Needs","Rice, Grain, Pasta & Beans","Instant Food","Kraft","Kraft Thick 'n Creamy Macaroni and Cheese Dinner","Kraft Thick 'n Creamy Macaroni and Cheese Dinner","1.69","0.0","","7.25 oz","7.25 oz","5767.jpg",,"4"
"10516","Cooking Needs","Rice, Grain, Pasta & Beans","Instant Food","Kraft","Kraft Triple Cheese Macaroni and Cheese Dinner","Kraft Triple Cheese Macaroni and Cheese Dinner","1.29","0.0","","2.05 oz","2.05 oz","5763.jpg",,"4"
"10517","Cooking Needs","Rice, Grain, Pasta & Beans","Instant Food","Kraft","Kraft Velveeta Original Shells & Cheese","Kraft Velveeta Original Shells & Cheese","1.88","0.0","","2.39 oz","2.39 oz","5792.jpg",,"4"
"10518","Cooking Needs","Rice, Grain, Pasta & Beans","Instant Food","Kraft","Kraft Velveeta Shells & Cheese Made with 2% Milk Cheese","Kraft Velveeta Shells & Cheese Made with 2% Milk Cheese","3.09","0.0","","12 oz","12 oz","5791.jpg",,"4"
"10519","Cooking Needs","Rice, Grain, Pasta & Beans","Instant Food","Kraft","Kraft Velveeta Skillets Ultimate Cheeseburger Mac One Pan Dinner Kit","Kraft Velveeta Skillets Ultimate Cheeseburger Mac One Pan Dinner Kit","3.89","0.0","","12.8 oz","12.8 oz","5793.jpg",,"4"
"10520","Cooking Needs","Rice, Grain, Pasta & Beans","Instant Food","Lundberg Family Farms","Lundberg Family Farms Organic Whole Grain Black Beans & Rice Rice & Seasoning Mix","Lundberg Family Farms Organic Whole Grain Black Beans & Rice Rice & Seasoning Mix","3.09","0.0","","6 oz","6 oz","17414.jpg",,"4"
"10521","Cooking Needs","Rice, Grain, Pasta & Beans","Instant Food","Lundberg Family Farms","Lundberg Family Farms Risotto Butternut Squash","Lundberg Family Farms Risotto Butternut Squash","3.09","0.0","","5.8 oz","5.8 oz","17408.jpg",,"4"
"10522","Cooking Needs","Rice, Grain, Pasta & Beans","Instant Food","Lundberg Family Farms","Lundberg Family Farms Risotto, Creamy Parmesan","Lundberg Family Farms Risotto, Creamy Parmesan","3.09","0.0","","5.5 oz","5.5 oz","17401.jpg",,"4"
"10523","Cooking Needs","Rice, Grain, Pasta & Beans","Instant Food","Lundberg Family Farms","Lundberg Family Farms Traditional Italian Risotto Garlic Primavera","Lundberg Family Farms Traditional Italian Risotto Garlic Primavera","3.09","0.0","","5.5 oz","5.5 oz","17406.jpg",,"4"
"10524","Cooking Needs","Rice, Grain, Pasta & Beans","Instant Food","Market Basket","Market Basket Butter Pasta And Sauce","Market Basket Butter Pasta And Sauce","1.29","0.0","","4 oz","4 oz","Market Basket.jpg",,"4"
"10525","Cooking Needs","Rice, Grain, Pasta & Beans","Instant Food","Market Basket","Market Basket Deluxe Macaroni & Cheese Dinner","Market Basket Deluxe Macaroni & Cheese Dinner","1.89","0.0","","14 oz","14 oz","Market Basket.jpg",,"4"
"10526","Cooking Needs","Rice, Grain, Pasta & Beans","Instant Food","Market Basket","Market Basket Spirals Macaroni & Cheese Dinner","Market Basket Spirals Macaroni & Cheese Dinner","0.79","0.0","","5.5 oz","5.5 oz","Market Basket.jpg",,"4"
"10527","Cooking Needs","Rice, Grain, Pasta & Beans","Instant Food","Market Basket","Market Basket White Cheddar Macaroni & Cheese Dinner","Market Basket White Cheddar Macaroni & Cheese Dinner","0.79","0.0","","7.25 oz","7.25 oz","Market Basket.jpg",,"4"
"10528","Cooking Needs","Rice, Grain, Pasta & Beans","Instant Food","Maruchan","Maruchan Bowl Ramen Noodle Soup Hot & Spicy Chicken Flavor","Maruchan Bowl Ramen Noodle Soup Hot & Spicy Chicken Flavor","1.29","0.0","","3.32 oz","3.32 oz","17382.jpg",,"9"
"10529","Cooking Needs","Rice, Grain, Pasta & Beans","Instant Food","Maruchan","Maruchan Instant Lunch Roast Chicken Flavor Ramen Noodle Soup","Maruchan Instant Lunch Roast Chicken Flavor Ramen Noodle Soup","0.49","0.0","","2.25 oz","2.25 oz","18104.jpg",,"N/A"
"10530","Cooking Needs","Rice, Grain, Pasta & Beans","Instant Food","Maruchan","Maruchan Ramen Noodle Soup Chicken 6 Pk","Maruchan Ramen Noodle Soup Chicken 6 Pk","2.49","0.0","","6 x 2.25 oz","6 x 2.25 oz","17374.jpg",,"9"
"10531","Cooking Needs","Rice, Grain, Pasta & Beans","Instant Food","McCormick","McCormick Creamy Garlic Alfredo Sauce Mix","McCormick Creamy Garlic Alfredo Sauce Mix","1.89","0.0","","1.25 oz","1.25 oz","17396.jpg",,"4"
"10532","Cooking Needs","Rice, Grain, Pasta & Beans","Instant Food","McCormick","McCormick Original Taco Seasoning Mix","McCormick Original Taco Seasoning Mix","1.89","0.0","","1 oz","1 oz","17390.jpg",,"9"
"10533","Cooking Needs","Rice, Grain, Pasta & Beans","Instant Food","Minute Rice","Minute Rice Brown & Wild Rice","Minute Rice Brown & Wild Rice","2.09","0.0","","2 count","2 count","5780.jpg",,"4"
"10534","Cooking Needs","Rice, Grain, Pasta & Beans","Instant Food","Minute Rice","Minute Rice Brown Rice","Minute Rice Brown Rice","2.09","0.0","","8.8 oz","8.8 oz","5778.jpg",,"4"
"10535","Cooking Needs","Rice, Grain, Pasta & Beans","Instant Food","Minute Rice","Minute Rice Brown Rice","Minute Rice Brown Rice","2.49","0.0","","14 oz","14 oz","5779.jpg",,"4"
"10536","Cooking Needs","Rice, Grain, Pasta & Beans","Instant Food","Minute Rice","Minute Rice Jasmine Rice","Minute Rice Jasmine Rice","2.09","0.0","","8.8 oz","8.8 oz","5774.jpg",,"4"
"10537","Cooking Needs","Rice, Grain, Pasta & Beans","Instant Food","Nature's Earthly Choice","Nature's Earthly Choice Easy Quinoa Garlic & Herb","Nature's Earthly Choice Easy Quinoa Garlic & Herb","3.09","0.0","","4.8 oz","4.8 oz","17422.jpg",,"4"
"10538","Cooking Needs","Rice, Grain, Pasta & Beans","Instant Food","Nature's Path","Nature's Path NP Maple Pecan Oatmeal","Nature's Path NP Maple Pecan Oatmeal","2.49","0.0","","2 oz","2 oz","17402.jpg",,"4"
"10539","Cooking Needs","Rice, Grain, Pasta & Beans","Instant Food","Near East","Near East Couscous Mix, Parmesan,","Near East Couscous Mix, Parmesan,","1.89","0.0","","5.9 oz","5.9 oz","5712.jpg",,"4"
"10540","Cooking Needs","Rice, Grain, Pasta & Beans","Instant Food","Near East","Near East Couscous Roasted Garlic & Olive Oil","Near East Couscous Roasted Garlic & Olive Oil","1.89","0.0","","5.8 oz","5.8 oz","5710.jpg",,"4"
"10541","Cooking Needs","Rice, Grain, Pasta & Beans","Instant Food","Near East","Near East Original Long Grain & Wild Rice Mix","Near East Original Long Grain & Wild Rice Mix","2.49","0.0","","6 oz","6 oz","5715.jpg",,"4"
"10542","Cooking Needs","Rice, Grain, Pasta & Beans","Instant Food","Near East","Near East Quinoa Blend Rosemary & Olive Oil","Near East Quinoa Blend Rosemary & Olive Oil","2.49","0.0","","4.9 oz","4.9 oz","5716.jpg",,"4"
"10543","Cooking Needs","Rice, Grain, Pasta & Beans","Instant Food","Near East","Near East Roasted Chicken & Garlic Rice Pilaf","Near East Roasted Chicken & Garlic Rice Pilaf","1.89","0.0","","6.3 oz","6.3 oz","5711.jpg",,"4"
"10544","Cooking Needs","Rice, Grain, Pasta & Beans","Instant Food","Near East","Near East Roasted Red Pepper & Basil Quinoa Blend","Near East Roasted Red Pepper & Basil Quinoa Blend","2.49","0.0","","4.9 oz","4.9 oz","5721.jpg",,"4"
"10545","Cooking Needs","Rice, Grain, Pasta & Beans","Instant Food","Near East","Near East Toasted Almond Rice Pilaf","Near East Toasted Almond Rice Pilaf","1.89","0.0","","6.6 oz","6.6 oz","18099.jpg",,"4"
"10546","Cooking Needs","Rice, Grain, Pasta & Beans","Instant Food","Near East","Near East Toasted Pine Nut Couscous Mix","Near East Toasted Pine Nut Couscous Mix","1.89","0.0","","5.6 oz","5.6 oz","5718.jpg",,"4"
"10547","Cooking Needs","Rice, Grain, Pasta & Beans","Instant Food","Old El Paso","Old El Paso Taco Boats, Soft Tortilla","Old El Paso Taco Boats, Soft Tortilla","3.09","0.0","","12 x 5.1 oz","12 x 5.1 oz","17384.jpg",,"7"
"10548","Cooking Needs","Rice, Grain, Pasta & Beans","Instant Food","Panera Bread","Panera Bread At Home Mac & Cheese","Panera Bread At Home Mac & Cheese","5.59","0.0","","16 oz","16 oz","17395.jpg",,"22"
"10549","Cooking Needs","Rice, Grain, Pasta & Beans","Instant Food","Pasta Roni","Pasta Roni Parmesan Cheese","Pasta Roni Parmesan Cheese","1.09","0.0","","5.1 oz","5.1 oz","18097.jpg",,"4"
"10550","Cooking Needs","Rice, Grain, Pasta & Beans","Instant Food","Pasta Roni","Pasta Roni Shells & White Cheddar","Pasta Roni Shells & White Cheddar","1.29","0.0","","6.2 oz","6.2 oz","17388.jpg",,"4"
"10551","Cooking Needs","Rice, Grain, Pasta & Beans","Instant Food","Pastene","Pastene Instant Polenta","Pastene Instant Polenta","3.09","0.0","","17.6 oz","17.6 oz","17423.jpg",,"4"
"10552","Cooking Needs","Rice, Grain, Pasta & Beans","Instant Food","Pepperidge Farm","Pepperidge Farm Country Style Cubed Stuffing","Pepperidge Farm Country Style Cubed Stuffing","3.09","0.0","","12 oz","12 oz","17420.jpg",,"4"
"10553","Cooking Needs","Rice, Grain, Pasta & Beans","Instant Food","Pepperidge Farm","Pepperidge Farm Herb Seasoned Classic Stuffing","Pepperidge Farm Herb Seasoned Classic Stuffing","3.09","0.0","","14 oz","14 oz","17379.jpg",,"1"
"10554","Cooking Needs","Rice, Grain, Pasta & Beans","Instant Food","Pepperidge Farm","Pepperidge Farm Herb Seasoned Cubed Stuffing","Pepperidge Farm Herb Seasoned Cubed Stuffing","3.09","0.0","","12 oz","12 oz","17404.jpg",,"4"
"10555","Cooking Needs","Rice, Grain, Pasta & Beans","Instant Food","Rice-a-Roni","Rice a Roni Spanish Rice","Rice a Roni Spanish Rice","1.29","0.0","","6.8 oz","6.8 oz","17413.jpg",,"4"
"10556","Cooking Needs","Rice, Grain, Pasta & Beans","Instant Food","Uncle Ben's","Uncle Ben's Flavored Grains Long Grain & Wild Original Recipe","Uncle Ben's Flavored Grains Long Grain & Wild Original Recipe","2.19","0.0","","6 oz","6 oz","5722.jpg",,"4"
"10557","Cooking Needs","Rice, Grain, Pasta & Beans","Instant Food","Uncle Ben's","Uncle Ben's Original Ready Rice","Uncle Ben's Original Ready Rice","2.09","0.0","","8.8 oz","8.8 oz","5728.jpg",,"4"
"10558","Cooking Needs","Rice, Grain, Pasta & Beans","Instant Food","Uncle Ben's","Uncle Ben'S READY RICE Basmati","Uncle Ben'S READY RICE Basmati","2.09","0.0","","8.5 oz","8.5 oz","5732.jpg",,"4"
"10559","Cooking Needs","Rice, Grain, Pasta & Beans","Instant Food","Uncle Ben's","Uncle Ben'S READY RICE Jasmine","Uncle Ben'S READY RICE Jasmine","2.09","0.0","","8.5 oz","8.5 oz","5725.jpg",,"4"
"10560","Cooking Needs","Rice, Grain, Pasta & Beans","Instant Food","Uncle Ben's","Uncle Ben'S READY RICE Long Grain & Wild","Uncle Ben'S READY RICE Long Grain & Wild","2.09","0.0","","8.8 oz","8.8 oz","5733.jpg",,"4"
"10561","Cooking Needs","Rice, Grain, Pasta & Beans","Instant Food","Uncle Ben's","Uncle Ben's READY RICE Red Beans & Rice","Uncle Ben's READY RICE Red Beans & Rice","2.09","0.0","","8.5 oz","8.5 oz","5726.jpg",,"4"
"10562","Cooking Needs","Rice, Grain, Pasta & Beans","Instant Food","Uncle Ben's","Uncle Ben'S READY RICE Rice Pilaf","Uncle Ben'S READY RICE Rice Pilaf","2.09","0.0","","8.8 oz","8.8 oz","5724.jpg",,"4"
"10563","Cooking Needs","Rice, Grain, Pasta & Beans","Instant Food","Uncle Ben's","Uncle Ben'S READY RICE Roasted Chicken","Uncle Ben'S READY RICE Roasted Chicken","2.09","0.0","","8.8 oz","8.8 oz","5729.jpg",,"4"
"10564","Cooking Needs","Rice, Grain, Pasta & Beans","Instant Food","Uncle Ben's","Uncle Ben'S READY RICE Spanish Style","Uncle Ben'S READY RICE Spanish Style","2.09","0.0","","8.8 oz","8.8 oz","5727.jpg",,"4"
"10565","Cooking Needs","Rice, Grain, Pasta & Beans","Instant Food","Uncle Ben's","Uncle Ben'S READY WHOLE GRAIN MEDLEY Brown & Wild","Uncle Ben'S READY WHOLE GRAIN MEDLEY Brown & Wild","1.89","0.0","","8.5 oz","8.5 oz","5730.jpg",,"4"
"10566","Cooking Needs","Rice, Grain, Pasta & Beans","Instant Food","Uncle Ben's","Uncle Ben'S Whole Grain Brown Instant Rice","Uncle Ben'S Whole Grain Brown Instant Rice","2.69","0.0","","14 oz","14 oz","5735.jpg",,"4"
"10567","Cooking Needs","Rice, Grain, Pasta & Beans","Instant Food","Uncle Ben's","Uncle Ben's Whole Grain Brown Rice","Uncle Ben's Whole Grain Brown Rice","2.09","0.0","","1 lb","1 lb","5723.jpg",,"4"
"10568","Cooking Needs","Rice, Grain, Pasta & Beans","Instant Food","Wick Fowler's","Wick Fowler's Texas Style 2 Alarm Chili Kit","Wick Fowler's Texas Style 2 Alarm Chili Kit","3.09","0.0","","3.63 oz","3.63 oz","17425.jpg",,"4"
"10569","Cooking Needs","Rice, Grain, Pasta & Beans","Instant Food","Zatarain's","Zatarain's Dirty Rice Dinner Mix","Zatarain's Dirty Rice Dinner Mix","2.09","0.0","","8 oz","8 oz","5788.jpg",,"4"
"10570","Cooking Needs","Rice, Grain, Pasta & Beans","Instant Food","Zatarain's","Zatarain's Jambalaya Rice Mix","Zatarain's Jambalaya Rice Mix","2.09","0.0","","8 oz","8 oz","5785.jpg",,"4"
"10571","Cooking Needs","Rice, Grain, Pasta & Beans","Instant Food","Zatarain's","Zatarain's Reduced Sodium Dirty Rice","Zatarain's Reduced Sodium Dirty Rice","2.09","0.0","","8 oz","8 oz","5787.jpg",,"4"
"10572","Cooking Needs","Rice, Grain, Pasta & Beans","Instant Food","Zatarain's","Zatarain's Spanish Rice","Zatarain's Spanish Rice","1.29","0.0","","6.9 oz","6.9 oz","5786.jpg",,"4"
"10573","Cooking Needs","Rice, Grain, Pasta & Beans","Instant Food","Zatarain's","Zatarain's Zatarains Black Beans & Rice Rice Dinner Mix","Zatarain's Zatarains Black Beans & Rice Rice Dinner Mix","2.09","0.0","","7 oz","7 oz","5784.jpg",,"4"
"10574","Cooking Needs","Rice, Grain, Pasta & Beans","Pasta Sauce","Barilla","Barilla Classic Marinara Tomato Pasta Sauce","Barilla Classic Marinara Tomato Pasta Sauce","1.89","0.0","","24 oz","24 oz","17352.jpg",,"4"
"10575","Cooking Needs","Rice, Grain, Pasta & Beans","Pasta Sauce","Barilla","Barilla Roasted Garlic Tomato Pasta Sauce","Barilla Roasted Garlic Tomato Pasta Sauce","2.49","0.0","","24 oz","24 oz","17357.jpg",,"4"
"10576","Cooking Needs","Rice, Grain, Pasta & Beans","Pasta Sauce","Barilla","Barilla Rustic Basil Pesto Sauce and Spread","Barilla Rustic Basil Pesto Sauce and Spread","3.09","0.0","","6 oz","6 oz","17367.jpg",,"4"
"10577","Cooking Needs","Rice, Grain, Pasta & Beans","Pasta Sauce","Barilla","Barilla Sauces Traditional Basil Pesto","Barilla Sauces Traditional Basil Pesto","3.09","0.0","","6.3 oz","6.3 oz","17364.jpg",,"4"
"10578","Cooking Needs","Rice, Grain, Pasta & Beans","Pasta Sauce","Barilla","Barilla Tomato & Basil Pasta Sauce","Barilla Tomato & Basil Pasta Sauce","2.49","0.0","","24 oz","24 oz","17355.jpg",,"4"
"10579","Cooking Needs","Rice, Grain, Pasta & Beans","Pasta Sauce","Bertolli","Bertolli Alfredo Sauce","Bertolli Alfredo Sauce","4.89","0.0","","15 oz","15 oz","5700.jpg",,"4"
"10580","Cooking Needs","Rice, Grain, Pasta & Beans","Pasta Sauce","Bertolli","Bertolli Olive Oil & Garlic Sauce","Bertolli Olive Oil & Garlic Sauce","3.13","0.0","","24 oz","24 oz","5702.jpg",,"4"
"10581","Cooking Needs","Rice, Grain, Pasta & Beans","Pasta Sauce","Bertolli","Bertolli Tomato & Basil Sauce","Bertolli Tomato & Basil Sauce","3.13","0.0","","24 oz","24 oz","5701.jpg",,"4"
"10582","Cooking Needs","Rice, Grain, Pasta & Beans","Pasta Sauce","Bove's","Bove's All Natural Pasta Sauce Vodka","Bove's All Natural Pasta Sauce Vodka","4.98","0.0","","24 oz","24 oz","17369.jpg",,"4"
"10583","Cooking Needs","Rice, Grain, Pasta & Beans","Pasta Sauce","Bove's","Bove's Of Vermont Bove's Basil Pasta Sauce","Bove's Of Vermont Bove's Basil Pasta Sauce","4.98","0.0","","24 oz","24 oz","17360.jpg",,"4"
"10584","Cooking Needs","Rice, Grain, Pasta & Beans","Pasta Sauce","Bove's","Bove's Pasta Sauce Marinara","Bove's Pasta Sauce Marinara","4.98","0.0","","24 oz","24 oz","17356.jpg",,"4"
"10585","Cooking Needs","Rice, Grain, Pasta & Beans","Pasta Sauce","Buitoni","Buitoni Marinara Sauce","Buitoni Marinara Sauce","4.89","0.0","","15 oz","15 oz","5641.jpg",,"4"
"10586","Cooking Needs","Rice, Grain, Pasta & Beans","Pasta Sauce","Casa Visco","Casa Visco Italian Style Spaghetti Sauce","Casa Visco Italian Style Spaghetti Sauce","4.69","0.0","","32 oz","32 oz","17359.jpg",,"4"
"10587","Cooking Needs","Rice, Grain, Pasta & Beans","Pasta Sauce","Classico","Classico Light Creamy Alfredo Pasta Sauce","Classico Light Creamy Alfredo Pasta Sauce","3.09","0.0","","15 oz","15 oz","5667.jpg",,"4"
"10588","Cooking Needs","Rice, Grain, Pasta & Beans","Pasta Sauce","Classico","Classico Tomato and Basil Pasta Sauce","Classico Tomato and Basil Pasta Sauce","3.74","0.0","","24 oz","24 oz","5666.jpg",,"4"
"10589","Cooking Needs","Rice, Grain, Pasta & Beans","Pasta Sauce","Classico","Classico Traditional Basil Pesto Sauce & Spread","Classico Traditional Basil Pesto Sauce & Spread","3.69","0.0","","8.1 oz","8.1 oz","5671.jpg",,"4"
"10590","Cooking Needs","Rice, Grain, Pasta & Beans","Pasta Sauce","Classico","Classico Traditional Sweet Basil Pasta Sauce","Classico Traditional Sweet Basil Pasta Sauce","3.13","0.0","","24 oz","24 oz","5669.jpg",,"4"
"10591","Cooking Needs","Rice, Grain, Pasta & Beans","Pasta Sauce","Contadina","Contadina Pizza Squeeze OrIginal Pizza Sauce","Contadina Pizza Squeeze OrIginal Pizza Sauce","1.89","0.0","","1 ct","1 ct","17371.jpg",,"4"
"10592","Cooking Needs","Rice, Grain, Pasta & Beans","Pasta Sauce","Del Monte","Del Monte Traditional Pasta Sauce","Del Monte Traditional Pasta Sauce","1.59","0.0","","24 oz","24 oz","17368.jpg",,"4"
"10593","Cooking Needs","Rice, Grain, Pasta & Beans","Pasta Sauce","Dove","Turtle Dove Pesto, Cilantro Garlic Pepper","Turtle Dove Pesto, Cilantro Garlic Pepper","4.89","0.0","","8.5 oz","8.5 oz","17372.jpg",,"4"
"10594","Cooking Needs","Rice, Grain, Pasta & Beans","Pasta Sauce","Emeril's","Emeril's Four Cheese Alfredo Sauce","Emeril's Four Cheese Alfredo Sauce","4.89","0.0","","16 oz","16 oz","5688.jpg",,"4"
"10595","Cooking Needs","Rice, Grain, Pasta & Beans","Pasta Sauce","Emeril's","Emeril's Home Style Marinara Pasta Sauce","Emeril's Home Style Marinara Pasta Sauce","4.98","0.0","","25 oz","25 oz","5685.jpg",,"4"
"10596","Cooking Needs","Rice, Grain, Pasta & Beans","Pasta Sauce","Emeril's","Emeril's Kicked Up Tomato Pasta Sauce","Emeril's Kicked Up Tomato Pasta Sauce","4.98","0.0","","25 oz","25 oz","5691.jpg",,"4"
"10597","Cooking Needs","Rice, Grain, Pasta & Beans","Pasta Sauce","Emeril's","Emeril's Roasted Gaaahlic Pasta Sauce","Emeril's Roasted Gaaahlic Pasta Sauce","4.89","0.0","","25 oz","25 oz","5686.jpg",,"4"
"10598","Cooking Needs","Rice, Grain, Pasta & Beans","Pasta Sauce","Emeril's","Emeril's Roasted Garlic Alfredo Sauce","Emeril's Roasted Garlic Alfredo Sauce","4.98","0.0","","16 oz","16 oz","5690.jpg",,"4"
"10599","Cooking Needs","Rice, Grain, Pasta & Beans","Pasta Sauce","Emeril's","Emeril's Tomato & Basil Pasta Sauce","Emeril's Tomato & Basil Pasta Sauce","4.89","0.0","","25 oz","25 oz","5689.jpg",,"4"
"10600","Cooking Needs","Rice, Grain, Pasta & Beans","Pasta Sauce","Emeril's","Emeril's Vodka Sauce Pasta Sauce","Emeril's Vodka Sauce Pasta Sauce","4.98","0.0","","25 oz","25 oz","5687.jpg",,"4"
"10601","Cooking Needs","Rice, Grain, Pasta & Beans","Pasta Sauce","McCormick","McCormick Hot Shot Extra Bold Pepper Blend","McCormick Hot Shot Extra Bold Pepper Blend","0.89","0.0","","2.62 oz","2.62 oz","No Image.jpg",,"4"
"10602","Cooking Needs","Rice, Grain, Pasta & Beans","Pasta Sauce","Francesco Rinaldi","Francesco Rinaldi Pasta Sauce Fortified Tomato & Basil","Francesco Rinaldi Pasta Sauce Fortified Tomato & Basil","1.89","0.0","","24 oz","24 oz","5708.jpg",,"4"
"10603","Cooking Needs","Rice, Grain, Pasta & Beans","Pasta Sauce","Francesco Rinaldi","Francesco Rinaldi Pasta Sauce Marinara","Francesco Rinaldi Pasta Sauce Marinara","1.29","0.0","","24 oz","24 oz","5703.jpg",,"4"
"10604","Cooking Needs","Rice, Grain, Pasta & Beans","Pasta Sauce","Francesco Rinaldi","Francesco Rinaldi Pasta Sauce Meat Flavored","Francesco Rinaldi Pasta Sauce Meat Flavored","1.29","0.0","","23.5 oz","23.5 oz","5705.jpg",,"4"
"10605","Cooking Needs","Rice, Grain, Pasta & Beans","Pasta Sauce","Francesco Rinaldi","Francesco Rinaldi Pasta Sauce Original Recipe","Francesco Rinaldi Pasta Sauce Original Recipe","1.89","0.0","","24 oz","24 oz","5707.jpg",,"4"
"10606","Cooking Needs","Rice, Grain, Pasta & Beans","Pasta Sauce","Francesco Rinaldi","Francesco Rinaldi Pasta Sauce Tomato Garlic & Onion","Francesco Rinaldi Pasta Sauce Tomato Garlic & Onion","1.89","0.0","","1 ct","1 ct","5704.jpg",,"4"
"10607","Cooking Needs","Rice, Grain, Pasta & Beans","Pasta Sauce","Francesco Rinaldi","Francesco Rinaldi Three Cheese Hearty Pasta Sauce","Francesco Rinaldi Three Cheese Hearty Pasta Sauce","1.89","0.0","","24 oz","24 oz","5706.jpg",,"4"
"10608","Cooking Needs","Rice, Grain, Pasta & Beans","Pasta Sauce","French's","French's Dijon Mustard Squeeze Bottle","French's Dijon Mustard Squeeze Bottle","2.49","0.0","","12 oz","12 oz","17354.jpg",,"2"
"10609","Cooking Needs","Rice, Grain, Pasta & Beans","Pasta Sauce","Prego","Prego Pasta Sauce, Italian Tomato Sauce with Fresh Mushrooms","Prego Pasta Sauce, Italian Tomato Sauce with Fresh Mushrooms","2.49","0.0","","24 oz","24 oz","5663.jpg",,"4"
"10610","Cooking Needs","Rice, Grain, Pasta & Beans","Pasta Sauce","Hunt's","Hunt's Garlic And Herb Spaghetti Sauce","Hunt's Garlic And Herb Spaghetti Sauce","1.29","0.0","","24 oz","24 oz","17361.jpg",,"4"
"10611","Cooking Needs","Rice, Grain, Pasta & Beans","Pasta Sauce","Hunt's","Hunt's No Added Sugar Spaghetti Sauce","Hunt's No Added Sugar Spaghetti Sauce","3.09","0.0","","24 oz","24 oz","17366.jpg",,"4"
"10612","Cooking Needs","Rice, Grain, Pasta & Beans","Pasta Sauce","Hunt's","Hunt's Traditional Spaghetti Sauce","Hunt's Traditional Spaghetti Sauce","1.49","0.0","","24 oz","24 oz","17365.jpg",,"4"
"10613","Cooking Needs","Rice, Grain, Pasta & Beans","Pasta Sauce","Market Basket","Market Basket Pasta Sauce Flavored With Meat","Market Basket Pasta Sauce Flavored With Meat","1.69","0.0","","24 oz","24 oz","Market Basket.jpg",,"4"
"10614","Cooking Needs","Rice, Grain, Pasta & Beans","Pasta Sauce","Market Basket","Market Basket Pizza Sauce","Market Basket Pizza Sauce","1.29","0.0","","15 oz","15 oz","Market Basket.jpg",,"4"
"10615","Cooking Needs","Rice, Grain, Pasta & Beans","Pasta Sauce","Market Basket","Market Basket Pizza Sauce","Market Basket Pizza Sauce","1.29","0.0","","16 oz","16 oz","Market Basket.jpg",,"4"
"10616","Cooking Needs","Rice, Grain, Pasta & Beans","Pasta Sauce","Market Basket","Market Basket Premium Four Cheese Pasta Sauce","Market Basket Premium Four Cheese Pasta Sauce","2.39","0.0","","24 oz","24 oz","Market Basket.jpg",,"4"
"10617","Cooking Needs","Rice, Grain, Pasta & Beans","Pasta Sauce","Market Basket","Market Basket Premium Marinara Sauce","Market Basket Premium Marinara Sauce","2.39","0.0","","24 oz","24 oz","Market Basket.jpg",,"4"
"10618","Cooking Needs","Rice, Grain, Pasta & Beans","Pasta Sauce","Market Basket","Market Basket Premium Roasted Garlic Pasta Sauce","Market Basket Premium Roasted Garlic Pasta Sauce","2.39","0.0","","24 oz","24 oz","Market Basket.jpg",,"4"
"10619","Cooking Needs","Rice, Grain, Pasta & Beans","Pasta Sauce","Market Basket","Market Basket Premium Tomato And Basil Pasta Sauce","Market Basket Premium Tomato And Basil Pasta Sauce","3.09","0.0","","24 oz","24 oz","Market Basket.jpg",,"4"
"10620","Cooking Needs","Rice, Grain, Pasta & Beans","Pasta Sauce","Market Basket","Market Basket Whole Cranberry Sauce","Market Basket Whole Cranberry Sauce","1.29","0.0","","14 oz","14 oz","Market Basket.jpg",,"4"
"10621","Cooking Needs","Rice, Grain, Pasta & Beans","Pasta Sauce","Market Basket","Tomato Basil Pasta Sauce","Tomato Basil Pasta Sauce","1.69","0.0","","24 oz","24 oz","Market Basket.jpg",,"4"
"10622","Cooking Needs","Rice, Grain, Pasta & Beans","Pasta Sauce","Mezzetta","Mezzetta Basil Pesto","Mezzetta Basil Pesto","4.89","0.0","","6.25 oz","6.25 oz","17363.jpg",,"4"
"10623","Cooking Needs","Rice, Grain, Pasta & Beans","Pasta Sauce","Mezzetta","Mezzetta Sauce Marinara","Mezzetta Sauce Marinara","4.89","0.0","","24.5 oz","24.5 oz","17362.jpg",,"4"
"10624","Cooking Needs","Rice, Grain, Pasta & Beans","Pasta Sauce","Newman's Own","Newman's Own Organics Tomato & Basil Pasta Sauce","Newman's Own Organics Tomato & Basil Pasta Sauce","3.49","0.0","","23.5 oz","23.5 oz","5676.jpg",,"4"
"10625","Cooking Needs","Rice, Grain, Pasta & Beans","Pasta Sauce","Newman's Own","Newman's Own Pasta Sauce Alfredo","Newman's Own Pasta Sauce Alfredo","3.09","0.0","","15 oz","15 oz","5673.jpg",,"4"
"10626","Cooking Needs","Rice, Grain, Pasta & Beans","Pasta Sauce","Newman's Own","Newman's Own Pasta Sauce Marinara","Newman's Own Pasta Sauce Marinara","3.49","0.0","","23.5 oz","23.5 oz","5677.jpg",,"4"
"10627","Cooking Needs","Rice, Grain, Pasta & Beans","Pasta Sauce","Newman's Own","Newman's Own Pasta Sauce Roasted Garlic","Newman's Own Pasta Sauce Roasted Garlic","3.09","0.0","","24 oz","24 oz","5674.jpg",,"4"
"10628","Cooking Needs","Rice, Grain, Pasta & Beans","Pasta Sauce","Newman's Own","Newman's Own Pasta Sauce Sockarooni","Newman's Own Pasta Sauce Sockarooni","3.09","0.0","","24 oz","24 oz","5678.jpg",,"4"
"10629","Cooking Needs","Rice, Grain, Pasta & Beans","Pasta Sauce","Newman's Own","Newman's Own Pasta Sauce Tomato & Basil Bombolina","Newman's Own Pasta Sauce Tomato & Basil Bombolina","3.69","0.0","","24 oz","24 oz","5675.jpg",,"4"
"10630","Cooking Needs","Rice, Grain, Pasta & Beans","Pasta Sauce","Pastene","Pastene Italian Style White Clam Sauce","Pastene Italian Style White Clam Sauce","3.49","0.0","","15 oz","15 oz","5695.jpg",,"4"
"10631","Cooking Needs","Rice, Grain, Pasta & Beans","Pasta Sauce","Pastene","Pastene Italian Tomatoes","Pastene Italian Tomatoes","1.69","0.0","","14 oz","14 oz","5693.jpg",,"4"
"10632","Cooking Needs","Rice, Grain, Pasta & Beans","Pasta Sauce","Pastene","Pastene Pasta Sauce Seasoned Starter Sauce Kitchen Ready'","Pastene Pasta Sauce Seasoned Starter Sauce Kitchen Ready'","4.59","0.0","","28 oz","28 oz","5694.jpg",,"4"
"10633","Cooking Needs","Rice, Grain, Pasta & Beans","Pasta Sauce","Pastene","Pastene Pesto Basil Sauce","Pastene Pesto Basil Sauce","3.69","0.0","","4.76 fl oz","4.76 fl oz","5696.jpg",,"4"
"10634","Cooking Needs","Rice, Grain, Pasta & Beans","Pasta Sauce","Pastene","Pastene Sun Dried Tomato Pesto","Pastene Sun Dried Tomato Pesto","6.09","0.0","","6.5 oz","6.5 oz","5697.jpg",,"4"
"10635","Cooking Needs","Rice, Grain, Pasta & Beans","Pasta Sauce","Pastene","Pastene The Chateau Restaurant Marinara Sauce","Pastene The Chateau Restaurant Marinara Sauce","5.61","0.0","","24 oz","24 oz","5692.jpg",,"4"
"10636","Cooking Needs","Rice, Grain, Pasta & Beans","Pasta Sauce","Pastene","Pastene The Chateau Restaurant Tomato Sauce","Pastene The Chateau Restaurant Tomato Sauce","5.61","0.0","","24 oz","24 oz","17353.jpg",,"4"
"10637","Cooking Needs","Rice, Grain, Pasta & Beans","Pasta Sauce","Prego","Prego  Lower Sodium Traditional Italian Sauce","Prego  Lower Sodium Traditional Italian Sauce","2.5","0.0","","23.5 oz","23.5 oz","5659.jpg",,"4"
"10638","Cooking Needs","Rice, Grain, Pasta & Beans","Pasta Sauce","Prego","Prego Alfredo Sauce, Roasted Garlic Parmesan","Prego Alfredo Sauce, Roasted Garlic Parmesan","2.49","0.0","","14.5 oz","14.5 oz","5656.jpg",,"4"
"10639","Cooking Needs","Rice, Grain, Pasta & Beans","Pasta Sauce","Prego","Prego Pasta Sauce, Italian Tomato Sauce flavored with Meat","Prego Pasta Sauce, Italian Tomato Sauce flavored with Meat","2.49","0.0","","24 oz","24 oz","5658.jpg",,"4"
"10640","Cooking Needs","Rice, Grain, Pasta & Beans","Pasta Sauce","Prego","Prego Pasta Sauce, Italian Tomato Sauce with Meat","Prego Pasta Sauce, Italian Tomato Sauce with Meat","4.73","0.0","","45 oz","45 oz","5661.jpg",,"4"
"10641","Cooking Needs","Rice, Grain, Pasta & Beans","Pasta Sauce","Prego","Prego Pasta Sauce, Tomato Sauce with Italian Sausage & Garlic","Prego Pasta Sauce, Tomato Sauce with Italian Sausage & Garlic","2.5","0.0","","23.5 oz","23.5 oz","5665.jpg",,"4"
"10642","Cooking Needs","Rice, Grain, Pasta & Beans","Pasta Sauce","Prego","Prego Pasta Sauce, Traditional Italian Tomato Sauce","Prego Pasta Sauce, Traditional Italian Tomato Sauce","2.49","0.0","","24 oz","24 oz","5657.jpg",,"4"
"10643","Cooking Needs","Rice, Grain, Pasta & Beans","Pasta Sauce","Prego","Prego Pasta Sauce Traditional Italian Tomato Sauce","Prego Pasta Sauce Traditional Italian Tomato Sauce","4.73","0.0","","45 oz","45 oz","5662.jpg",,"4"
"10644","Cooking Needs","Rice, Grain, Pasta & Beans","Pasta Sauce","Prego","Prego Three Cheese Italian Sauce","Prego Three Cheese Italian Sauce","2.5","0.0","","24 oz","24 oz","5660.jpg",,"4"
"10645","Cooking Needs","Rice, Grain, Pasta & Beans","Pasta Sauce","Ragu","Ragu Chunky Sauce Garden Combination","Ragu Chunky Sauce Garden Combination","2.49","0.0","","24 oz","24 oz","5648.jpg",,"4"
"10646","Cooking Needs","Rice, Grain, Pasta & Beans","Pasta Sauce","Ragu","Ragu Chunky Sauce Tomato, Garlic & Onion","Ragu Chunky Sauce Tomato, Garlic & Onion","3.74","0.0","","45 oz","45 oz","5650.jpg",,"4"
"10647","Cooking Needs","Rice, Grain, Pasta & Beans","Pasta Sauce","Ragu","Ragu Chunky Tomato, Garlic & Onion Sauce","Ragu Chunky Tomato, Garlic & Onion Sauce","2.49","0.0","","24 oz","24 oz","5651.jpg",,"4"
"10648","Cooking Needs","Rice, Grain, Pasta & Beans","Pasta Sauce","Ragu","Ragu Classic Alfredo Sauce","Ragu Classic Alfredo Sauce","2.49","0.0","","16 oz","16 oz","5645.jpg",,"4"
"10649","Cooking Needs","Rice, Grain, Pasta & Beans","Pasta Sauce","Ragu","Ragu Old World Style Sauce flavored with Meat","Ragu Old World Style Sauce flavored with Meat","2.49","0.0","","23.9 oz","23.9 oz","5649.jpg",,"4"
"10650","Cooking Needs","Rice, Grain, Pasta & Beans","Pasta Sauce","Ragu","Ragu Old World Style Sauce Traditional with olive oil","Ragu Old World Style Sauce Traditional with olive oil","3.74","0.0","","45 oz","45 oz","5646.jpg",,"4"
"10651","Cooking Needs","Rice, Grain, Pasta & Beans","Pasta Sauce","Ragu","Ragu Old World Style Sauce Traditional with olive oil","Ragu Old World Style Sauce Traditional with olive oil","4.99","0.0","","66 oz","66 oz","5655.jpg",,"4"
"10652","Cooking Needs","Rice, Grain, Pasta & Beans","Pasta Sauce","Ragu","Ragu Old World Style Traditional Sauce with olive oil","Ragu Old World Style Traditional Sauce with olive oil","2.49","0.0","","24 oz","24 oz","5647.jpg",,"4"
"10653","Cooking Needs","Rice, Grain, Pasta & Beans","Pasta Sauce","Ragu","Ragu Pizza Sauce Homemade Style","Ragu Pizza Sauce Homemade Style","2.09","0.0","","14 oz","14 oz","5652.jpg",,"4"
"10654","Cooking Needs","Rice, Grain, Pasta & Beans","Pasta Sauce","Rao's Homemade","Rao's Homemade Homemade Arrabbiata Sauce Spicy","Rao's Homemade Homemade Arrabbiata Sauce Spicy","9.98","0.0","","24 oz","24 oz","5680.jpg",,"4"
"10655","Cooking Needs","Rice, Grain, Pasta & Beans","Pasta Sauce","Rao's Homemade","Rao's Homemade Marinara Sauce","Rao's Homemade Marinara Sauce","9.98","0.0","","24 oz","24 oz","5679.jpg",,"4"
"10656","Cooking Needs","Rice, Grain, Pasta & Beans","Pasta Sauce","Rao's Homemade","Rao's Homemade Marinara Sauce","Rao's Homemade Marinara Sauce","9.98","0.0","","32 oz","32 oz","5681.jpg",,"4"
"10657","Cooking Needs","Rice, Grain, Pasta & Beans","Pasta Sauce","Rao's Homemade","Rao's Homemade Pizza Sauce","Rao's Homemade Pizza Sauce","4.89","0.0","","13 oz","13 oz","5682.jpg",,"4"
"10658","Cooking Needs","Rice, Grain, Pasta & Beans","Pasta Sauce","Rao's Homemade","Rao's Homemade Roasted Garlic Sauce","Rao's Homemade Roasted Garlic Sauce","9.98","0.0","","24 oz","24 oz","5683.jpg",,"4"
"10659","Cooking Needs","Rice, Grain, Pasta & Beans","Pasta Sauce","Rao's Homemade","Rao's Homemade Tomato Basil Sauce","Rao's Homemade Tomato Basil Sauce","9.98","0.0","","24 oz","24 oz","5684.jpg",,"4"
"10660","Cooking Needs","Rice, Grain, Pasta & Beans","Pasta Sauce","Spice World","Spice World Pesto Original Italian","Spice World Pesto Original Italian","3.69","0.0","","6.7 oz","6.7 oz","17370.jpg",,"4"
"10661","Cooking Needs","Rice, Grain, Pasta & Beans","Pasta Sauce","Strega ","Strega Marinara Sauce","Strega Marinara Sauce","4.89","0.0","","26 oz","26 oz","No Image.jpg",,"4"
"10662","Cooking Needs","Canned Food","Canned & Jarred Vegetables","Market Basket","Market Basket Tomato Puree","Market Basket Tomato Puree","1.89","0.0","","29 oz","29 oz","Market Basket.jpg",,"4"
"12662","Breakfast & Dairy","Breads & Rolls","Bread","Arnold","Arnold Multigrain Sandwich Thins","Arnold Multigrain Sandwich Thins","5.29","0.0","","12 oz","12 oz","16986.jpg",,"18"
"12663","Breakfast & Dairy","Breads & Rolls","Bread","Brownberry/Arnold/Oroweat","Brownberry/Arnold/Oroweat Country Oat Bran Bread","Brownberry/Arnold/Oroweat Country Oat Bran Bread","4.89","0.0","","24 oz","24 oz","4750.jpg",,"18"
"12664","Breakfast & Dairy","Breads & Rolls","Bread","Brownberry/Arnold/Oroweat","Brownberry/Arnold/Oroweat Country White Bread","Brownberry/Arnold/Oroweat Country White Bread","4.89","0.0","","24 oz","24 oz","4747.jpg",,"18"
"12665","Breakfast & Dairy","Breads & Rolls","Bread","Brownberry/Arnold/Oroweat","Brownberry/Arnold/Oroweat Stone Ground 100% Whole Wheat Bread","Brownberry/Arnold/Oroweat Stone Ground 100% Whole Wheat Bread","3.09","0.0","","16 oz","16 oz","4752.jpg",,"18"
"12666","Breakfast & Dairy","Breads & Rolls","Bread","Brownberry/Arnold/Oroweat","Brownberry/Arnold/Oroweat Whole Grains 100% Whole Wheat Bread","Brownberry/Arnold/Oroweat Whole Grains 100% Whole Wheat Bread","3.69","0.0","","24 oz","24 oz","4744.jpg",,"18"
"12667","Breakfast & Dairy","Breads & Rolls","Bread","Brownberry/Arnold/Oroweat","Brownberry/Arnold/Oroweat Whole Grains Double Protein Bread","Brownberry/Arnold/Oroweat Whole Grains Double Protein Bread","5.49","0.0","","24 oz","24 oz","4751.jpg",,"18"
"12668","Breakfast & Dairy","Breads & Rolls","Bread","Brownberry/Arnold/Oroweat","Brownberry/Arnold/Oroweat Whole Grains Health Nut Bread","Brownberry/Arnold/Oroweat Whole Grains Health Nut Bread","4.99","0.0","","24 oz","24 oz","4745.jpg",,"18"
"12669","Breakfast & Dairy","Breads & Rolls","Bread","Brownberry/Arnold/Oroweat","Brownberry/Arnold/Oroweat Whole Grains Healthy Multi Grain Bread","Brownberry/Arnold/Oroweat Whole Grains Healthy Multi Grain Bread","5.49","0.0","","24 oz","24 oz","4748.jpg",,"18"
"12670","Breakfast & Dairy","Breads & Rolls","Bread","Brownberry/Arnold/Oroweat","Brownberry/Arnold/Oroweat Whole Grains Oatnut Bread","Brownberry/Arnold/Oroweat Whole Grains Oatnut Bread","5.49","0.0","","24 oz","24 oz","4746.jpg",,"18"
"12671","Breakfast & Dairy","Breads & Rolls","Bread","Canyon Bakehouse","Canyon Bakehouse Gluten Free 7 Grain Bread","Canyon Bakehouse Gluten Free 7 Grain Bread","4.89","0.0","","18 oz","18 oz","16988.jpg",,"19"
"12672","Breakfast & Dairy","Breads & Rolls","Bread","Canyon Bakehouse","Canyon Bakehouse Gluten Free Sliced Mountain White Bread","Canyon Bakehouse Gluten Free Sliced Mountain White Bread","4.89","0.0","","18 oz","18 oz","17014.jpg",,"18"
"12673","Breakfast & Dairy","Breads & Rolls","Bread","Chabaso ","Chabaso Cranberry Pecan Bread","Chabaso Cranberry Pecan Bread","6.49","0.0","","1 count","1 count","No Image.jpg",,"18"
"12674","Breakfast & Dairy","Breads & Rolls","Bread","Cuisine de France","Cuisine de France Parisian French Bread","Cuisine de France Parisian French Bread","1.59","0.0","","17 oz","17 oz","16972.jpg",,"18"
"12675","Breakfast & Dairy","Breads & Rolls","Bread","Dave's Killer Bread","Dave's Killer Bread 21 Whole Grains and Seeds Organic Bread","Dave's Killer Bread 21 Whole Grains and Seeds Organic Bread","7.48","0.0","","27 oz","27 oz","16969.jpg",,"18"
"12676","Breakfast & Dairy","Breads & Rolls","Bread","Dave's Killer Bread","Dave's Killer Bread Organic Bread 21 Whole Grains And Seeds","Dave's Killer Bread Organic Bread 21 Whole Grains And Seeds","6.12","0.0","","20.5 oz","20.5 oz","16971.jpg",,"18"
"12677","Breakfast & Dairy","Breads & Rolls","Bread","Dave's Killer Bread","Dave's Killer Bread Organic Good Seed","Dave's Killer Bread Organic Good Seed","7.48","0.0","","27 oz","27 oz","16970.jpg",,"18"
"12678","Breakfast & Dairy","Breads & Rolls","Bread","Fantini","Fantini Enriched Italian Scali Bread with Sesame","Fantini Enriched Italian Scali Bread with Sesame","3.13","0.0","","16 oz","16 oz","16973.jpg",,"18"
"12679","Breakfast & Dairy","Breads & Rolls","Bread","Fiber One","Fiber One 100 Calorie Bread White","Fiber One 100 Calorie Bread White","3.09","0.0","","16 oz","16 oz","4771.jpg",,"18"
"12680","Breakfast & Dairy","Breads & Rolls","Bread","Fiber One","Fiber One 100% Whole Wheat Multi Grain Bread","Fiber One 100% Whole Wheat Multi Grain Bread","3.69","0.0","","16 oz","16 oz","No Image.jpg",,"18"
"12681","Breakfast & Dairy","Breads & Rolls","Bread","Fiber One","Fiber One 9 Grain Bread","Fiber One 9 Grain Bread","4.89","0.0","","24 oz","24 oz","No Image.jpg",,"18"
"12682","Breakfast & Dairy","Breads & Rolls","Bread","Fiber One","Fiber One 90 Calorie Bread 100% Whole Wheat","Fiber One 90 Calorie Bread 100% Whole Wheat","3.69","0.0","","16 oz","16 oz","4768.jpg",,"18"
"12683","Breakfast & Dairy","Breads & Rolls","Bread","Fiber One","Fiber One Bread Country White","Fiber One Bread Country White","3.09","0.0","","24 oz","24 oz","4770.jpg",,"18"
"12684","Breakfast & Dairy","Breads & Rolls","Bread","Fiber One","Fiber One Bread Multigrain","Fiber One Bread Multigrain","3.09","0.0","","16 oz","16 oz","4769.jpg",,"18"
"12685","Breakfast & Dairy","Breads & Rolls","Bread","Food For Life","Food for Life 7 Sprouted Grains Bread","Food for Life 7 Sprouted Grains Bread","5.99","0.0","","24 oz","24 oz","4777.jpg",,"18"
"12686","Breakfast & Dairy","Breads & Rolls","Bread","Food For Life","Food for Life Ezekiel 4:9 100% Sprouted Whole Grain Bread Cinnamon Raisin","Food for Life Ezekiel 4:9 100% Sprouted Whole Grain Bread Cinnamon Raisin","6.99","0.0","","24 oz","24 oz","4773.jpg",,"18"
"12687","Breakfast & Dairy","Breads & Rolls","Bread","Food For Life","Food for Life Ezekiel 4:9 Bread Organic Sprouted Whole Grain","Food for Life Ezekiel 4:9 Bread Organic Sprouted Whole Grain","5.99","0.0","","24 oz","24 oz","4772.jpg",,"19"
"12688","Breakfast & Dairy","Breads & Rolls","Bread","Food For Life","Food for Life Ezekiel 4:9 Bread Sprouted Grain Sesame","Food for Life Ezekiel 4:9 Bread Sprouted Grain Sesame","5.99","0.0","","24 oz","24 oz","4774.jpg",,"18"
"12689","Breakfast & Dairy","Breads & Rolls","Bread","Food For Life","Food for Life Food 4 Life Bread","Food for Life Food 4 Life Bread","5.99","0.0","","24 oz","24 oz","4775.jpg",,"18"
"12690","Breakfast & Dairy","Breads & Rolls","Bread","Food For Life","Food for Life Low Sodium Bread Sprouted Grain","Food for Life Low Sodium Bread Sprouted Grain","5.99","0.0","","24 oz","24 oz","4776.jpg",,"18"
"12691","Breakfast & Dairy","Breads & Rolls","Bread","Freihofer's","Freihofer 100% Whole Wheat Bread","Freihofer 100% Whole Wheat Bread","3.69","0.0","","24 oz","24 oz","16981.jpg",,"18"
"12692","Breakfast & Dairy","Breads & Rolls","Bread","Furlani","Furlani Texas Garlic Toast","Furlani Texas Garlic Toast","2.09","0.0","","11.25 oz","11.25 oz","No Image.jpg",,"18"
"12693","Breakfast & Dairy","Breads & Rolls","Bread","Grand Central Bakery","Grand Central Bakery Sliced Scali","Grand Central Bakery Sliced Scali","3.49","0.0","","1 lb","1 lb","No Image.jpg",,"18"
"12694","Breakfast & Dairy","Breads & Rolls","Bread","Home Pride","Home Pride Wheat Bread Butter Top","Home Pride Wheat Bread Butter Top","3.09","0.0","","20 oz","20 oz","16977.jpg",,"18"
"12695","Breakfast & Dairy","Breads & Rolls","Bread","J. J. Nissen","J. J. Nissen Canadian White Bread","J. J. Nissen Canadian White Bread","4.89","0.0","","22 oz","22 oz","16974.jpg",,"18"
"12696","Breakfast & Dairy","Breads & Rolls","Bread","J. J. Nissen","J. J. Nissen New England Frankfurt Rolls","J. J. Nissen New England Frankfurt Rolls","3.69","0.0","","12 oz","12 oz","16944.jpg",,"18"
"12697","Breakfast & Dairy","Breads & Rolls","Bread","Jessica's Brick Oven Bakery","Jessica's Brick Oven Cinnamon Raisin Swirl Bread","Jessica's Brick Oven Cinnamon Raisin Swirl Bread","4.69","0.0","","24 oz","24 oz","No Image.jpg",,"18"
"12698","Breakfast & Dairy","Breads & Rolls","Bread","Jessica's Brick Oven Bakery","Jessica's Brick Oven Honey Sunflower Tuscan","Jessica's Brick Oven Honey Sunflower Tuscan","3.29","0.0","","1.25 lb","1.25 lb","No Image.jpg",,"18"
"12699","Breakfast & Dairy","Breads & Rolls","Bread","Joseph's","Joseph's 100% Stone Ground Whole Wheat Bread","Joseph's 100% Stone Ground Whole Wheat Bread","3.09","0.0","","11 oz","11 oz","16994.jpg",,"7"
"12700","Breakfast & Dairy","Breads & Rolls","Bread","Joseph's","Joseph's Thin Sandwich Rolls Flax Oat Bean & Whole Wheat","Joseph's Thin Sandwich Rolls Flax Oat Bean & Whole Wheat","3.09","0.0","","12 oz","12 oz","No Image.jpg",,"18"
"12701","Breakfast & Dairy","Breads & Rolls","Bread","Kasanof's","Kasanof's All Natural Deli Rolls 6 CT","Kasanof's All Natural Deli Rolls 6 CT","3.09","0.0","","6 count","6 count","17007.jpg",,"18"
"12702","Breakfast & Dairy","Breads & Rolls","Bread","Kasanof's","Kasanof's Bread Rye Marble","Kasanof's Bread Rye Marble","4.39","0.0","","16 oz","16 oz","17016.jpg",,"18"
"12703","Breakfast & Dairy","Breads & Rolls","Bread","Market Basket","Ciabatta","Ciabatta","4.39","0.0","","15 oz","15 oz","Market Basket.jpg",,"18"
"12704","Breakfast & Dairy","Breads & Rolls","Bread","Market Basket","French Baguette","French Baguette","2.49","0.0","","11 oz","11 oz","16993.jpg",,"18"
"12705","Breakfast & Dairy","Breads & Rolls","Bread","Market Basket","Large Croissants","Large Croissants","4.39","0.0","","5 count","5 count","Market Basket.jpg",,"18"
"12706","Breakfast & Dairy","Breads & Rolls","Bread","Market Basket","Light Bread","Light Bread","1.89","0.0","","16 oz","16 oz","Market Basket.jpg",,"18"
"12707","Breakfast & Dairy","Breads & Rolls","Bread","Market Basket","Market Basket 12 Grain Bread","Market Basket 12 Grain Bread","2.49","0.0","","24 oz","24 oz","4726.jpg",,"18"
"12708","Breakfast & Dairy","Breads & Rolls","Bread","Market Basket","Market Basket Authentic Cornbread","Market Basket Authentic Cornbread","2.49","0.0","","15 oz","15 oz","Market Basket.jpg",,"18"
"12709","Breakfast & Dairy","Breads & Rolls","Bread","Market Basket","Market Basket Canadian White Bread","Market Basket Canadian White Bread","2.39","0.0","","22 oz","22 oz","Market Basket.jpg",,"18"
"12710","Breakfast & Dairy","Breads & Rolls","Bread","Market Basket","Market Basket Cinnamon Swirl Bread","Market Basket Cinnamon Swirl Bread","3.09","0.0","","16 oz","16 oz","Market Basket.jpg",,"18"
"12711","Breakfast & Dairy","Breads & Rolls","Bread","Market Basket","Market Basket Cinnamon Swirl Raisin Bread","Market Basket Cinnamon Swirl Raisin Bread","3.09","0.0","","16 oz","16 oz","Market Basket.jpg",,"18"
"12712","Breakfast & Dairy","Breads & Rolls","Bread","Market Basket","Market Basket Corn Bread Mini Loaves","Market Basket Corn Bread Mini Loaves","3.69","0.0","","1.5 lb","1.5 lb","Market Basket.jpg",,"22"
"12713","Breakfast & Dairy","Breads & Rolls","Bread","Market Basket","Market Basket French Bread","Market Basket French Bread","2.49","0.0","","16 oz","16 oz","Market Basket.jpg",,"18"
"12714","Breakfast & Dairy","Breads & Rolls","Bread","Market Basket","Market Basket French Bread","Market Basket French Bread","2.79","0.0","","12 oz","12 oz","Market Basket.jpg",,"18"
"12715","Breakfast & Dairy","Breads & Rolls","Bread","Market Basket","Market Basket Giant White Bread","Market Basket Giant White Bread","1.61","0.0","","22 oz","22 oz","Market Basket.jpg",,"18"
"12716","Breakfast & Dairy","Breads & Rolls","Bread","Market Basket","Market Basket Hearty Nut Bread","Market Basket Hearty Nut Bread","2.69","0.0","","16 oz","16 oz","4729.jpg",,"18"
"12717","Breakfast & Dairy","Breads & Rolls","Bread","Market Basket","Market Basket Italian Enriched Bread","Market Basket Italian Enriched Bread","3.19","0.0","","16 oz","16 oz","Market Basket.jpg",,"18"
"12718","Breakfast & Dairy","Breads & Rolls","Bread","Market Basket","Market Basket King White Bread","Market Basket King White Bread","1.49","0.0","","18 oz","18 oz","Market Basket.jpg",,"18"
"12719","Breakfast & Dairy","Breads & Rolls","Bread","Market Basket","Market Basket Oat Nut Bread","Market Basket Oat Nut Bread","2.49","0.0","","24 oz","24 oz","4727.jpg",,"18"
"12720","Breakfast & Dairy","Breads & Rolls","Bread","Market Basket","Market Basket Oatmeal Bread","Market Basket Oatmeal Bread","1.89","0.0","","16 oz","16 oz","Market Basket.jpg",,"18"
"12721","Breakfast & Dairy","Breads & Rolls","Bread","Market Basket","Market Basket Panko Bread Crumbs","Market Basket Panko Bread Crumbs","1.89","0.0","","8 oz","8 oz","Market Basket.jpg",,"1"
"12722","Breakfast & Dairy","Breads & Rolls","Bread","Market Basket","Market Basket Raisin Bread","Market Basket Raisin Bread","2.39","0.0","","16 oz","16 oz","Market Basket.jpg",,"18"
"12723","Breakfast & Dairy","Breads & Rolls","Bread","Market Basket","Market Basket Scala Bread","Market Basket Scala Bread","3.69","0.0","","1 lb","1 lb","Market Basket.jpg",,"18"
"12724","Breakfast & Dairy","Breads & Rolls","Bread","Market Basket","Market Basket Sliced Banana Nut Bread","Market Basket Sliced Banana Nut Bread","5.49","0.0","","18 oz","18 oz","Market Basket.jpg",,"18"
"12725","Breakfast & Dairy","Breads & Rolls","Bread","Market Basket","Market Basket Sliced Cranberry Nut Bread","Market Basket Sliced Cranberry Nut Bread","4.89","0.0","","18 oz","18 oz","Market Basket.jpg",,"18"
"12726","Breakfast & Dairy","Breads & Rolls","Bread","Market Basket","Market Basket Texas Toast Enriched Bread","Market Basket Texas Toast Enriched Bread","2.49","0.0","","20 oz","20 oz","Market Basket.jpg",,"18"
"12727","Breakfast & Dairy","Breads & Rolls","Bread","Market Basket","Market Basket Thin Style Pita Bread","Market Basket Thin Style Pita Bread","1.89","0.0","","10 oz","10 oz","Market Basket.jpg",,"18"
"12728","Breakfast & Dairy","Breads & Rolls","Bread","Market Basket","Market Basket Twin Pack White Sandwich Bread","Market Basket Twin Pack White Sandwich Bread","2.79","0.0","","40 Oz","40 Oz","Market Basket.jpg",,"18"
"12729","Breakfast & Dairy","Breads & Rolls","Bread","Market Basket","Market Basket Whole Wheat Bread","Market Basket Whole Wheat Bread","1.99","0.0","","16 oz","16 oz","4725.jpg",,"18"
"12730","Breakfast & Dairy","Breads & Rolls","Bread","Market Basket","Market Basket Whole Wheat Bread","Market Basket Whole Wheat Bread","1.89","0.0","","10 oz","10 oz","Market Basket.jpg",,"18"
"12731","Breakfast & Dairy","Breads & Rolls","Bread","Market Basket","Market Basket Whole Wheat Bread","Market Basket Whole Wheat Bread","2.39","0.0","","16 oz","16 oz","Market Basket.jpg",,"18"
"12732","Breakfast & Dairy","Breads & Rolls","Bread","Market Basket","Market Basket Whole Wheat Sandwich Bread","Market Basket Whole Wheat Sandwich Bread","2.19","0.0","","24 oz","24 oz","Market Basket.jpg",,"18"
"12733","Breakfast & Dairy","Breads & Rolls","Bread","Market Basket","Olive Loaf","Olive Loaf","6.09","0.0","","1 lb","1 lb","Market Basket.jpg",,"18"
"12734","Breakfast & Dairy","Breads & Rolls","Bread","Market Basket","Roasted Garlic Ciabatta Bread","Roasted Garlic Ciabatta Bread","4.39","0.0","","15 oz","15 oz","Market Basket.jpg",,"18"
"12735","Breakfast & Dairy","Breads & Rolls","Bread","Market Basket","Sourdough Loaf","Sourdough Loaf","3.69","0.0","","15 oz","15 oz","Market Basket.jpg",,"18"
"12736","Breakfast & Dairy","Breads & Rolls","Bread","Market Basket","White Sandwich Bread","White Sandwich Bread","1.49","0.0","","20 oz","20 oz","Market Basket.jpg",,"18"
"12737","Breakfast & Dairy","Breads & Rolls","Bread","Martin's","Martin's Cinnamon Raisin Swirl Bread","Martin's Cinnamon Raisin Swirl Bread","4.59","0.0","","16 oz","16 oz","17021.jpg",,"18"
"12738","Breakfast & Dairy","Breads & Rolls","Bread","Martin's","Martin's Martins Potato Bread","Martin's Martins Potato Bread","4.39","0.0","","20 oz","20 oz","16995.jpg",,"18"
"12739","Breakfast & Dairy","Breads & Rolls","Bread","Nature's Own","Nature's Own 100% Whole Grain Bread","Nature's Own 100% Whole Grain Bread","3.09","0.0","","20 oz","20 oz","18086.jpg",,"18"
"12740","Breakfast & Dairy","Breads & Rolls","Bread","Nature's Own","Nature's Own 100% Whole Wheat 100% Whole Grain Bread","Nature's Own 100% Whole Wheat 100% Whole Grain Bread","4.89","0.0","","2 x 16 oz","2 x 16 oz","4781.jpg",,"18"
"12741","Breakfast & Dairy","Breads & Rolls","Bread","Nature's Own","Nature's Own Butterbread Bread","Nature's Own Butterbread Bread","3.09","0.0","","20 oz","20 oz","18085.jpg",,"18"
"12742","Breakfast & Dairy","Breads & Rolls","Bread","Nature's Own","Nature's Own Honey Oat Bread","Nature's Own Honey Oat Bread","3.09","0.0","","20 oz","20 oz","4782.jpg",,"18"
"12743","Breakfast & Dairy","Breads & Rolls","Bread","Nature's Own","Nature's Own Honey Wheat Club Pack Enriched Bread","Nature's Own Honey Wheat Club Pack Enriched Bread","3.69","0.0","","20 oz","20 oz","4778.jpg",,"18"
"12744","Breakfast & Dairy","Breads & Rolls","Bread","Nature's Own","Nature's Own Whitewheat Healthy White Enriched Bread","Nature's Own Whitewheat Healthy White Enriched Bread","3.09","0.0","","20 oz","20 oz","17022.jpg",,"18"
"12745","Breakfast & Dairy","Breads & Rolls","Bread","Panera Bread","Panera Bread at Home Bread Whole Grain Multi Grain","Panera Bread at Home Bread Whole Grain Multi Grain","3.69","0.0","","24 oz","24 oz","16976.jpg",,"18"
"12746","Breakfast & Dairy","Breads & Rolls","Bread","Panera Bread","Panera Bread Bread, Honey Wheat, Bag","Panera Bread Bread, Honey Wheat, Bag","2.79","0.0","","20 oz","20 oz","16987.jpg",,"18"
"12747","Breakfast & Dairy","Breads & Rolls","Bread","Pepperidge Farm","Pepperidge Farm Italian White Seedless Bread","Pepperidge Farm Italian White Seedless Bread","3.29","0.0","","20 oz","20 oz","16978.jpg",,"18"
"12748","Breakfast & Dairy","Breads & Rolls","Bread","Pepperidge Farm","Pepperidge Farm Raisin Cinnamon Breakfast Bread","Pepperidge Farm Raisin Cinnamon Breakfast Bread","4.29","0.0","","16 oz","16 oz","16975.jpg",,"18"
"12749","Breakfast & Dairy","Breads & Rolls","Bread","Pepperidge Farm","Pepperidge Farm Whole Wheat Bread","Pepperidge Farm Whole Wheat Bread","5.29","0.0","","24 oz","24 oz","No Image.jpg",,"18"
"12750","Breakfast & Dairy","Breads & Rolls","Bread","Pepperidge Farm","Pepperidge Farm Farmhouse Farmhouse Oatmeal Bread","Pepperidge Farm Farmhouse Farmhouse Oatmeal Bread","4.89","0.0","","24 oz","24 oz","4784.jpg",,"18"
"12751","Breakfast & Dairy","Breads & Rolls","Bread","Pepperidge Farm","Pepperidge Farm Farmhouse Pepperidge Farm Farmhouse 100% Whole Wheat Bread","Pepperidge Farm Farmhouse Pepperidge Farm Farmhouse 100% Whole Wheat Bread","4.89","0.0","","24 oz","24 oz","4786.jpg",,"18"
"12752","Breakfast & Dairy","Breads & Rolls","Bread","Pepperidge Farm","Pepperidge Farm Farmhouse Pepperidge Farm Farmhouse 12 Grain Bread","Pepperidge Farm Farmhouse Pepperidge Farm Farmhouse 12 Grain Bread","4.89","0.0","","24 oz","24 oz","4788.jpg",,"18"
"12753","Breakfast & Dairy","Breads & Rolls","Bread","Pepperidge Farm","Pepperidge Farm Farmhouse Pepperidge Farm Farmhouse Hearty White Bread","Pepperidge Farm Farmhouse Pepperidge Farm Farmhouse Hearty White Bread","4.89","0.0","","24 oz","24 oz","4783.jpg",,"18"
"12754","Breakfast & Dairy","Breads & Rolls","Bread","Pepperidge Farm","Pepperidge Farm Farmhouse Pepperidge Farm Farmhouse Potato Bread","Pepperidge Farm Farmhouse Pepperidge Farm Farmhouse Potato Bread","3.69","0.0","","22 oz","22 oz","4785.jpg",,"18"
"12755","Breakfast & Dairy","Breads & Rolls","Bread","Pepperidge Farm","Pepperidge Farm Farmhouse Pepperidge Farm Farmhouse Sourdough Bread","Pepperidge Farm Farmhouse Pepperidge Farm Farmhouse Sourdough Bread","4.89","0.0","","24 oz","24 oz","17004.jpg",,"18"
"12756","Breakfast & Dairy","Breads & Rolls","Bread","Pepperidge Farm","Pepperidge Farm Italian with Sesame Seeds Bread","Pepperidge Farm Italian with Sesame Seeds Bread","3.09","0.0","","20 oz","20 oz","16985.jpg",,"18"
"12757","Breakfast & Dairy","Breads & Rolls","Bread","Pepperidge Farm","Pepperidge Farm Jewish Pumpernickel Dark Pump Bread","Pepperidge Farm Jewish Pumpernickel Dark Pump Bread","4.89","0.0","","16 oz","16 oz","16990.jpg",,"18"
"12758","Breakfast & Dairy","Breads & Rolls","Bread","Pepperidge Farm","Pepperidge Farm Jewish Rye & Pumpernickel Deli Swirl Bread","Pepperidge Farm Jewish Rye & Pumpernickel Deli Swirl Bread","4.69","0.0","","16 oz","16 oz","16991.jpg",,"18"
"12759","Breakfast & Dairy","Breads & Rolls","Bread","Pepperidge Farm","Pepperidge Farm Jewish Rye Jewish Rye Seedless Bread","Pepperidge Farm Jewish Rye Jewish Rye Seedless Bread","4.89","0.0","","16 oz","16 oz","16996.jpg",,"18"
"12760","Breakfast & Dairy","Breads & Rolls","Bread","Pepperidge Farm","Pepperidge Farm Light Style 100% Whole Wheat Bread","Pepperidge Farm Light Style 100% Whole Wheat Bread","5.29","0.0","","16 oz","16 oz","17018.jpg",,"18"
"12761","Breakfast & Dairy","Breads & Rolls","Bread","Pepperidge Farm","Pepperidge Farm Light Style 7 Grain Bread","Pepperidge Farm Light Style 7 Grain Bread","4.89","0.0","","16 oz","16 oz","17011.jpg",,"18"
"12762","Breakfast & Dairy","Breads & Rolls","Bread","Pepperidge Farm","Pepperidge Farm Light Style Light Style 100% Whole Wheat Bread","Pepperidge Farm Light Style Light Style 100% Whole Wheat Bread","4.89","0.0","","16 oz","16 oz","17009.jpg",,"18"
"12763","Breakfast & Dairy","Breads & Rolls","Bread","Pepperidge Farm","Pepperidge Farm Light Style Oatmeal Bread","Pepperidge Farm Light Style Oatmeal Bread","5.29","0.0","","16 oz","16 oz","17003.jpg",,"18"
"12764","Breakfast & Dairy","Breads & Rolls","Bread","Pepperidge Farm","Pepperidge Farm Stone Ground 100% Whole Wheat Bread","Pepperidge Farm Stone Ground 100% Whole Wheat Bread","4.69","0.0","","16 oz","16 oz","17024.jpg",,"18"
"12765","Breakfast & Dairy","Breads & Rolls","Bread","Pepperidge Farm","Pepperidge Farm Swirl Swirl Cinnamon Bread","Pepperidge Farm Swirl Swirl Cinnamon Bread","4.89","0.0","","16 oz","16 oz","16980.jpg",,"18"
"12766","Breakfast & Dairy","Breads & Rolls","Bread","Pepperidge Farm","Pepperidge Farm White Calcium Enriched Sandwich Bread","Pepperidge Farm White Calcium Enriched Sandwich Bread","4.69","0.0","","16 oz","16 oz","17000.jpg",,"18"
"12767","Breakfast & Dairy","Breads & Rolls","Bread","Pepperidge Farm","Pepperidge Farm Whole Grain 100% Whole Wheat Bread","Pepperidge Farm Whole Grain 100% Whole Wheat Bread","5.29","0.0","","24 oz","24 oz","16997.jpg",,"18"
"12768","Breakfast & Dairy","Breads & Rolls","Bread","Pepperidge Farm","Pepperidge Farm Whole Grain 15 Grain Bread","Pepperidge Farm Whole Grain 15 Grain Bread","5.29","0.0","","24 oz","24 oz","16998.jpg",,"18"
"12769","Breakfast & Dairy","Breads & Rolls","Bread","Pepperidge Farm","Pepperidge Farm Whole Grain Honey Wheat Bread","Pepperidge Farm Whole Grain Honey Wheat Bread","4.69","0.0","","24 oz","24 oz","17023.jpg",,"18"
"12770","Breakfast & Dairy","Breads & Rolls","Bread","Pepperidge Farm","Pepperidge Farm Whole Grain Oatmeal Bread","Pepperidge Farm Whole Grain Oatmeal Bread","3.69","0.0","","24 oz","24 oz","16983.jpg",,"18"
"12771","Breakfast & Dairy","Breads & Rolls","Bread","Sara Lee","Sara Lee 100% Whole Wheat Bread","Sara Lee 100% Whole Wheat Bread","3.09","0.0","","20 oz","20 oz","4764.jpg",,"18"
"12772","Breakfast & Dairy","Breads & Rolls","Bread","Sara Lee","Sara Lee 100% Whole Wheat Bread","Sara Lee 100% Whole Wheat Bread","3.09","0.0","","16 oz","16 oz","4767.jpg",,"18"
"12773","Breakfast & Dairy","Breads & Rolls","Bread","Sara Lee","Sara Lee Artesano Bakery Bread","Sara Lee Artesano Bakery Bread","3.69","0.0","","20 oz","20 oz","4763.jpg",,"18"
"12774","Breakfast & Dairy","Breads & Rolls","Bread","Sara Lee","Sara Lee Butter Bread","Sara Lee Butter Bread","3.09","0.0","","20 oz","20 oz","4761.jpg",,"18"
"12775","Breakfast & Dairy","Breads & Rolls","Bread","Sara Lee","Sara Lee Delightful Healthy Multi Grain Bread","Sara Lee Delightful Healthy Multi Grain Bread","4.99","0.0","","20 oz","20 oz","4760.jpg",,"18"
"12776","Breakfast & Dairy","Breads & Rolls","Bread","Sara Lee","Sara Lee Honey Wheat Bread","Sara Lee Honey Wheat Bread","3.09","0.0","","20 oz","20 oz","4762.jpg",,"18"
"12777","Breakfast & Dairy","Breads & Rolls","Bread","Sara Lee","Sara Lee Soft & Smooth 100% Whole Wheat Bread","Sara Lee Soft & Smooth 100% Whole Wheat Bread","3.09","0.0","","20 oz","20 oz","4766.jpg",,"18"
"12778","Breakfast & Dairy","Breads & Rolls","Bread","Sara Lee","Sara Lee Soft & Smooth Whole Grain White Bread","Sara Lee Soft & Smooth Whole Grain White Bread","3.09","0.0","","20 oz","20 oz","4765.jpg",,"18"
"12779","Breakfast & Dairy","Breads & Rolls","Bread","Schar Gluten Free","Dr. Schar Gluten Free Artisan Baker Multigrain Bread","Dr. Schar Gluten Free Artisan Baker Multigrain Bread","6.09","0.0","","14.1 oz","14.1 oz","17002.jpg",,"18"
"12780","Breakfast & Dairy","Breads & Rolls","Bread","Schar Gluten Free","Dr. Schar Gluten Free Artisan Baker White Bread","Dr. Schar Gluten Free Artisan Baker White Bread","7.59","0.0","","14.1 oz","14.1 oz","17013.jpg",,"18"
"12781","Breakfast & Dairy","Breads & Rolls","Bread","Stonefire","Stonefire Flatbread Artisan Stone Oven Baked","Stonefire Flatbread Artisan Stone Oven Baked","4.29","0.0","","2 x 14.1 oz","2 x 14.1 oz","17006.jpg",,"7"
"12782","Breakfast & Dairy","Breads & Rolls","Bread","Stonefire","Stonefire Organic Naan Original 2 PK","Stonefire Organic Naan Original 2 PK","4.29","0.0","","8.8 oz","8.8 oz","16982.jpg",,"18"
"12783","Breakfast & Dairy","Breads & Rolls","Bread","Thomas","Thomas Cinnamon Raisin Swirl Bread made with Real Indonesian Cinnamon","Thomas Cinnamon Raisin Swirl Bread made with Real Indonesian Cinnamon","4.98","0.0","","16 oz","16 oz","16992.jpg",,"18"
"12784","Breakfast & Dairy","Breads & Rolls","Bread","Three Bakers","Three Bakers Whole Grain Bread 7 Ancient Grains","Three Bakers Whole Grain Bread 7 Ancient Grains","7.99","0.0","","17 oz","17 oz","17025.jpg",,"18"
"12785","Breakfast & Dairy","Breads & Rolls","Bread","Udi's","Udi's Gluten Free Ancient Grain Bread","Udi's Gluten Free Ancient Grain Bread","4.89","0.0","","14.3 oz","14.3 oz","17010.jpg",,"19"
"12786","Breakfast & Dairy","Breads & Rolls","Bread","Udi's","Udi's Gluten Free Sandwich Bread White","Udi's Gluten Free Sandwich Bread White","4.89","0.0","","12 oz","12 oz","16989.jpg",,"19"
"12787","Breakfast & Dairy","Breads & Rolls","Bread","Udis","Udis Bread, Cinnamon Raisin","Udis Bread, Cinnamon Raisin","4.89","0.0","","12 oz","12 oz","17012.jpg",,"18"
"12788","Breakfast & Dairy","Breads & Rolls","Bread","Vermont Bread","Vermont Bread Bread Soft 10 Grain","Vermont Bread Bread Soft 10 Grain","3.74","0.0","","24 oz","24 oz","4790.jpg",,"18"
"12789","Breakfast & Dairy","Breads & Rolls","Bread","Vermont Bread","Vermont Bread Cinnamon Raisin","Vermont Bread Cinnamon Raisin","3.74","0.0","","20 oz","20 oz","4792.jpg",,"18"
"12790","Breakfast & Dairy","Breads & Rolls","Bread","Vermont Bread","Vermont Bread Organic Soft White Bread","Vermont Bread Organic Soft White Bread","4.99","0.0","","24 oz","24 oz","4789.jpg",,"18"
"12791","Breakfast & Dairy","Breads & Rolls","Bread","Vermont Bread","Vermont Bread Organic Soft Honey Cracked Wheat Bread","Vermont Bread Organic Soft Honey Cracked Wheat Bread","4.99","0.0","","24 oz","24 oz","No Image.jpg",,"18"
"12792","Breakfast & Dairy","Breads & Rolls","Bread","Vermont Bread","Vermont Bread Soft White","Vermont Bread Soft White","3.74","0.0","","24 oz","24 oz","4791.jpg",,"18"
"12793","Breakfast & Dairy","Breads & Rolls","Bread","Vermont Bread","Vermont Bread Soft Whole Wheat","Vermont Bread Soft Whole Wheat","3.74","0.0","","24 oz","24 oz","4793.jpg",,"18"
"12794","Breakfast & Dairy","Breads & Rolls","Bread","When Pigs Fly","When Pigs Fly 100% Whole Wheat Bread","When Pigs Fly 100% Whole Wheat Bread","6.09","0.0","","24 oz","24 oz","No Image.jpg",,"18"
"12795","Breakfast & Dairy","Breads & Rolls","Bread","When Pigs Fly","When Pigs Fly Bread Oat & Honey","When Pigs Fly Bread Oat & Honey","3.69","0.0","","20 oz","20 oz","4734.jpg",,"18"
"12796","Breakfast & Dairy","Breads & Rolls","Bread","When Pigs Fly","When Pigs Fly Bread, Six Grain & Pumpkin Seed","When Pigs Fly Bread, Six Grain & Pumpkin Seed","5.79","0.0","","20 oz","20 oz","4739.jpg",,"18"
"12797","Breakfast & Dairy","Breads & Rolls","Bread","When Pigs Fly","When Pigs Fly Bread, Sourdough","When Pigs Fly Bread, Sourdough","5.79","0.0","","20 oz","20 oz","4732.jpg",,"18"
"12798","Breakfast & Dairy","Breads & Rolls","Bread","When Pigs Fly","When Pigs Fly Cinnamon Raisin Bread","When Pigs Fly Cinnamon Raisin Bread","5.79","0.0","","20 oz","20 oz","4733.jpg",,"18"
"12799","Breakfast & Dairy","Breads & Rolls","Bread","When Pigs Fly","When Pigs Fly Harvest Bread","When Pigs Fly Harvest Bread","5.79","0.0","","20 oz","20 oz","4743.jpg",,"18"
"12800","Breakfast & Dairy","Breads & Rolls","Bread","When Pigs Fly","When Pigs Fly Honey Wheat Soft Sourdough Bread","When Pigs Fly Honey Wheat Soft Sourdough Bread","5.79","0.0","","20 oz","20 oz","4740.jpg",,"18"
"12801","Breakfast & Dairy","Breads & Rolls","Bread","When Pigs Fly","When Pigs Fly Low Carb Whole Wheat Bread","When Pigs Fly Low Carb Whole Wheat Bread","5.79","0.0","","20 oz","20 oz","4737.jpg",,"18"
"12802","Breakfast & Dairy","Breads & Rolls","Bread","When Pigs Fly","When Pigs Fly Multi Grain Anadama Bread","When Pigs Fly Multi Grain Anadama Bread","5.79","0.0","","20 oz","20 oz","4742.jpg",,"18"
"12803","Breakfast & Dairy","Breads & Rolls","Bread","When Pigs Fly","When Pigs Fly Sourdough Soft","When Pigs Fly Sourdough Soft","5.79","0.0","","20 oz","20 oz","4736.jpg",,"18"
"12804","Breakfast & Dairy","Breads & Rolls","Bread","When Pigs Fly","When Pigs Fly Whole Wheat Six Grain & Pumpkin Seed Bread","When Pigs Fly Whole Wheat Six Grain & Pumpkin Seed Bread","6.09","0.0","","24 oz","24 oz","4741.jpg",,"18"
"12805","Breakfast & Dairy","Breads & Rolls","Bread","Wine Country Kitchens","Wine Country Kitchens All Natural Whole Grain 100% Whole Grain Wheat Bread","Wine Country Kitchens All Natural Whole Grain 100% Whole Grain Wheat Bread","3.69","0.0","","24 oz","24 oz","4759.jpg",,"18"
"12806","Breakfast & Dairy","Breads & Rolls","Bread","Wine Country Kitchens","Wine Country Kitchens All Natural Whole Grain 12 Grain Bread","Wine Country Kitchens All Natural Whole Grain 12 Grain Bread","5.49","0.0","","24 oz","24 oz","4758.jpg",,"18"
"12807","Breakfast & Dairy","Breads & Rolls","Bread","Wine Country Kitchens","Wine Country Kitchens Giant White Bread","Wine Country Kitchens Giant White Bread","2.49","0.0","","22 oz","22 oz","4756.jpg",,"18"
"12808","Breakfast & Dairy","Breads & Rolls","Bread","Wine Country Kitchens","Wine Country Kitchens Hearty Canadian White Bread","Wine Country Kitchens Hearty Canadian White Bread","3.09","0.0","","22 oz","22 oz","4753.jpg",,"18"
"12809","Breakfast & Dairy","Breads & Rolls","Bread","Wine Country Kitchens","Wine Country Kitchens Premium Split Top Wheat Bread","Wine Country Kitchens Premium Split Top Wheat Bread","3.74","0.0","","20 oz","20 oz","4754.jpg",,"18"
"12810","Breakfast & Dairy","Breads & Rolls","Bread","Wine Country Kitchens","Wine Country Kitchens Texas Toast","Wine Country Kitchens Texas Toast","4.98","0.0","","20 oz","20 oz","4755.jpg",,"18"
"12811","Breakfast & Dairy","Breads & Rolls","Bread","Wonder Bread","Wonder Bread Small Classic White Calcium Fortified Enriched Bread","Wonder Bread Small Classic White Calcium Fortified Enriched Bread","2.49","0.0","","16 oz","16 oz","16979.jpg",,"18"
"12812","Breakfast & Dairy","Breads & Rolls","Bread","Wonder Bread","Wonder Bread White Bread","Wonder Bread White Bread","4.89","0.0","","20 oz","20 oz","17001.jpg",,"18"
"12813","Breakfast & Dairy","Breads & Rolls","Bread","York","When Pigs Fly Bread, New York Rye","When Pigs Fly Bread, New York Rye","5.79","0.0","","20 oz","20 oz","4735.jpg",,"18"
"12814","Breakfast & Dairy","Breads & Rolls","Bread","Zeppy's","Zeppy's Bagels Blueberry 6 CT","Zeppy's Bagels Blueberry 6 CT","2.49","0.0","","6 x 20 oz","6 x 20 oz","17008.jpg",,"18"
"12815","Breakfast & Dairy","Breads & Rolls","Breakfast Bakery","Cuisine de France","Cuisine de France Demi Parisian Bread","Cuisine de France Demi Parisian Bread","1.29","0.0","","7.4 oz","7.4 oz","4890.jpg",,"18"
"12816","Breakfast & Dairy","Breads & Rolls","Breakfast Bakery","Dave's Killer Bread","Dave's Killer Bread Epic Everything Organic Bagels","Dave's Killer Bread Epic Everything Organic Bagels","6.61","0.0","","5 x 16.7 oz","5 x 16.7 oz","17050.jpg",,"18"
"12817","Breakfast & Dairy","Breads & Rolls","Breakfast Bakery","Fiber One","Fiber One English Muffins, Multigrain, Bag","Fiber One English Muffins, Multigrain, Bag","3.09","0.0","","6 x 2 count","6 x 2 count","17052.jpg",,"18"
"12818","Breakfast & Dairy","Breads & Rolls","Breakfast Bakery","Hostess","Hostess Mini Muffins, Blueberry","Hostess Mini Muffins, Blueberry","3.09","0.0","","20 count","20 count","17057.jpg",,"18"
"12819","Breakfast & Dairy","Breads & Rolls","Breakfast Bakery","Koffee Kup Bakery","Koffee Kup Bakery Koffee Kup Maple Donuts","Koffee Kup Bakery Koffee Kup Maple Donuts","3.09","0.0","","15 oz","15 oz","17054.jpg",,"18"
"12820","Breakfast & Dairy","Breads & Rolls","Breakfast Bakery","La Bree's Bakery","La Bree's Bakery Maine Wild Blueberry Mini Muffins","La Bree's Bakery Maine Wild Blueberry Mini Muffins","3.49","0.0","","10 oz","10 oz","4882.jpg",,"18"
"12821","Breakfast & Dairy","Breads & Rolls","Breakfast Bakery","LaBree's Bakery","La Brees Bakery Muffins, Mini, Corn","La Brees Bakery Muffins, Mini, Corn","3.99","0.0","","12 count","12 count","17051.jpg",,"18"
"12822","Breakfast & Dairy","Breads & Rolls","Breakfast Bakery","Little Debbie","Little Debbie Mini Muffins Blueberry","Little Debbie Mini Muffins Blueberry","3.09","0.0","","5 x 4 count","5 x 4 count","17058.jpg",,"18"
"12823","Breakfast & Dairy","Breads & Rolls","Breakfast Bakery","Market Basket","Market Basket Bagel Slims Plain","Market Basket Bagel Slims Plain","2.49","0.0","","13 oz","13 oz","Market Basket.jpg",,"0"
"12824","Breakfast & Dairy","Breads & Rolls","Breakfast Bakery","Market Basket","Market Basket Blueberry Muffin","Market Basket Blueberry Muffin","3.49","0.0","","20 oz","20 oz","Market Basket.jpg",,"0"
"12825","Breakfast & Dairy","Breads & Rolls","Breakfast Bakery","Market Basket","Market Basket Blueberry Muffin","Market Basket Blueberry Muffin","2.19","0.0","","10 oz","10 oz","Market Basket.jpg",,"0"
"12826","Breakfast & Dairy","Breads & Rolls","Breakfast Bakery","Market Basket","Market Basket Chocolate Chip Muffin","Market Basket Chocolate Chip Muffin","4.09","0.0","","20 oz","20 oz","Market Basket.jpg",,"0"
"12827","Breakfast & Dairy","Breads & Rolls","Breakfast Bakery","Market Basket","Market Basket Sesame Bagels","Market Basket Sesame Bagels","2.49","0.0","","22 oz","22 oz","Market Basket.jpg",,"17"
"12828","Breakfast & Dairy","Breads & Rolls","Breakfast Bakery","Market Basket","Market Basket Coffee Cake Muffin","Market Basket Coffee Cake Muffin","2.19","0.0","","10 oz","10 oz","Market Basket.jpg",,"21"
"12829","Breakfast & Dairy","Breads & Rolls","Breakfast Bakery","Market Basket","Market Basket Coffee Cake Muffin","Market Basket Coffee Cake Muffin","3.49","0.0","","20 oz","20 oz","Market Basket.jpg",,"0"
"12830","Breakfast & Dairy","Breads & Rolls","Breakfast Bakery","Market Basket","Market Basket English Muffins Premium","Market Basket English Muffins Premium","1.59","0.0","","12 oz","12 oz","Market Basket.jpg",,"18"
"12831","Breakfast & Dairy","Breads & Rolls","Breakfast Bakery","Market Basket","Market Basket Everything Bagel Slims","Market Basket Everything Bagel Slims","2.49","0.0","","13 oz","13 oz","Market Basket.jpg",,"17"
"12832","Breakfast & Dairy","Breads & Rolls","Breakfast Bakery","Market Basket","Market Basket Veggie Medley Bagels","Market Basket Veggie Medley Bagels","2.49","0.0","","22 oz","22 oz","Market Basket.jpg",,"0"
"12833","Breakfast & Dairy","Breads & Rolls","Breakfast Bakery","Market Basket","Market Basket Kosher Pareve French Toast Bread","Market Basket Kosher Pareve French Toast Bread","2.49","0.0","","16 oz","16 oz","Market Basket.jpg",,"0"
"12834","Breakfast & Dairy","Breads & Rolls","Breakfast Bakery","Market Basket","Market Basket Light English Muffins","Market Basket Light English Muffins","1.59","0.0","","12 oz","12 oz","Market Basket.jpg",,"18"
"12835","Breakfast & Dairy","Breads & Rolls","Breakfast Bakery","Market Basket","Market Basket Mini Cinnamon Raisin Bagels","Market Basket Mini Cinnamon Raisin Bagels","2.49","0.0","","17 oz","17 oz","Market Basket.jpg",,"17"
"12836","Breakfast & Dairy","Breads & Rolls","Breakfast Bakery","Market Basket","Market Basket Mini Croissants","Market Basket Mini Croissants","4.39","0.0","","13.23 oz","13.23 oz","Market Basket.jpg",,"0"
"12837","Breakfast & Dairy","Breads & Rolls","Breakfast Bakery","Market Basket","Market Basket Multigrain English Muffins","Market Basket Multigrain English Muffins","1.59","0.0","","12 oz","12 oz","Market Basket.jpg",,"0"
"12838","Breakfast & Dairy","Breads & Rolls","Breakfast Bakery","Market Basket","Market Basket Onion Bagels","Market Basket Onion Bagels","2.49","0.0","","22 oz","22 oz","Market Basket.jpg",,"17"
"12839","Breakfast & Dairy","Breads & Rolls","Breakfast Bakery","Market Basket","Market Basket Original English Muffins","Market Basket Original English Muffins","1.99","0.0","","12 oz","12 oz","Market Basket.jpg",,"18"
"12840","Breakfast & Dairy","Breads & Rolls","Breakfast Bakery","Market Basket","Market Basket Plain Mini Bagels","Market Basket Plain Mini Bagels","3.09","0.0","","17 oz","17 oz","Market Basket.jpg",,"18"
"12841","Breakfast & Dairy","Breads & Rolls","Breakfast Bakery","Market Basket","Market Basket Pre Sliced Blueberry Bagels","Market Basket Pre Sliced Blueberry Bagels","2.49","0.0","","22 oz","22 oz","Market Basket.jpg",,"17"
"12842","Breakfast & Dairy","Breads & Rolls","Breakfast Bakery","Market Basket","Market Basket Pre Sliced Cinnamon Raisin Bagels","Market Basket Pre Sliced Cinnamon Raisin Bagels","2.49","0.0","","22 oz","22 oz","Market Basket.jpg",,"17"
"12843","Breakfast & Dairy","Breads & Rolls","Breakfast Bakery","Market Basket","Market Basket Pre Sliced Multigrain Bagels","Market Basket Pre Sliced Multigrain Bagels","2.49","0.0","","22 oz","22 oz","Market Basket.jpg",,"17"
"12844","Breakfast & Dairy","Breads & Rolls","Breakfast Bakery","Market Basket","Market Basket Pre Sliced Plain Bagels","Market Basket Pre Sliced Plain Bagels","2.49","0.0","","22 oz","22 oz","Market Basket.jpg",,"17"
"12845","Breakfast & Dairy","Breads & Rolls","Breakfast Bakery","Market Basket","Market Basket Raisin Bran Muffin","Market Basket Raisin Bran Muffin","2.19","0.0","","10 oz","10 oz","Market Basket.jpg",,"0"
"12846","Breakfast & Dairy","Breads & Rolls","Breakfast Bakery","Market Basket","Market Basket Raisin English Muffins","Market Basket Raisin English Muffins","1.59","0.0","","12 oz","12 oz","Market Basket.jpg",,"0"
"12847","Breakfast & Dairy","Breads & Rolls","Breakfast Bakery","Market Basket","Market Basket Raspberry Cheese Sweet Rolls (4 Raspberry 4 Cheese )","Market Basket Raspberry Cheese Sweet Rolls (4 Raspberry 4 Cheese )","3.69","0.0","","22 oz","22 oz","Market Basket.jpg",,"0"
"12848","Breakfast & Dairy","Breads & Rolls","Breakfast Bakery","Market Basket","Market Basket Whole Wheat Bagel Slims","Market Basket Whole Wheat Bagel Slims","2.49","0.0","","13 oz","13 oz","Market Basket.jpg",,"0"
"12849","Breakfast & Dairy","Breads & Rolls","Breakfast Bakery","Market Basket","Market Basket Quiche","Market Basket Quiche","8.59","0.0","","24 oz","24 oz","Market Basket.jpg",,"0"
"12850","Breakfast & Dairy","Breads & Rolls","Breakfast Bakery","Market Basket","Market Basket Signature Gourmet Mini Croissants","Market Basket Signature Gourmet Mini Croissants","4.39","0.0","","8 oz","8 oz","Market Basket.jpg",,"0"
"12851","Breakfast & Dairy","Breads & Rolls","Breakfast Bakery","Muffin Town","Muffin Town Blueberry Mini Muffins","Muffin Town Blueberry Mini Muffins","3.19","0.0","","12 oz","12 oz","17053.jpg",,"18"
"12852","Breakfast & Dairy","Breads & Rolls","Breakfast Bakery","Nabisco","Nabisco Belvita Bites Chocolate Mini Breakfast Biscuits","Nabisco Belvita Bites Chocolate Mini Breakfast Biscuits","3.69","0.0","","5 count","5 count","17056.jpg",,"6"
"12853","Breakfast & Dairy","Breads & Rolls","Breakfast Bakery","Oven Delights","Oven Delights Butter Croissant","Oven Delights Butter Croissant","1.29","0.0","","3 oz","3 oz","17059.jpg",,"18"
"12854","Breakfast & Dairy","Breads & Rolls","Breakfast Bakery","Pepperidge Farm","Pepperidge Farm Cinnamon Raisin Bagels","Pepperidge Farm Cinnamon Raisin Bagels","5.49","0.0","","6 count","6 count","4885.jpg",,"18"
"12855","Breakfast & Dairy","Breads & Rolls","Breakfast Bakery","Pepperidge Farm","Pepperidge Farm Mini Plain Bagels","Pepperidge Farm Mini Plain Bagels","5.49","0.0","","12 x 17 oz","12 x 17 oz","4886.jpg",,"18"
"12856","Breakfast & Dairy","Breads & Rolls","Breakfast Bakery","Ruby Bay","Ruby Bay Quality Nova Bagel Cuts","Ruby Bay Quality Nova Bagel Cuts","12.19","0.0","","12 oz","12 oz","No Image.jpg",,"18"
"12857","Breakfast & Dairy","Breads & Rolls","Breakfast Bakery","Thomas","Thomas 100% Whole Wheat English Muffin","Thomas 100% Whole Wheat English Muffin","5.49","0.0","","6 count","6 count","4866.jpg",,"18"
"12858","Breakfast & Dairy","Breads & Rolls","Breakfast Bakery","Thomas","Thomas 100% Whole Wheat Soft & Chewy Pre Sliced Bagels","Thomas 100% Whole Wheat Soft & Chewy Pre Sliced Bagels","5.86","0.0","","6 count","6 count","4870.jpg",,"18"
"12859","Breakfast & Dairy","Breads & Rolls","Breakfast Bakery","Thomas","Thomas Blueberry English Muffins","Thomas Blueberry English Muffins","5.49","0.0","","6 count","6 count","4868.jpg",,"18"
"12860","Breakfast & Dairy","Breads & Rolls","Breakfast Bakery","Thomas","Thomas Blueberry Soft & Chewy Pre Sliced Bagels","Thomas Blueberry Soft & Chewy Pre Sliced Bagels","5.86","0.0","","6 count","6 count","4861.jpg",,"18"
"12861","Breakfast & Dairy","Breads & Rolls","Breakfast Bakery","Thomas","Thomas Cinnamon Raisin English Muffins","Thomas Cinnamon Raisin English Muffins","5.29","0.0","","6 count","6 count","4855.jpg",,"18"
"12862","Breakfast & Dairy","Breads & Rolls","Breakfast Bakery","Thomas","Thomas Cinnamon Raisin Mini Bagels","Thomas Cinnamon Raisin Mini Bagels","4.89","0.0","","10 x 15 oz","10 x 15 oz","4864.jpg",,"18"
"12863","Breakfast & Dairy","Breads & Rolls","Breakfast Bakery","Thomas","Thomas Cinnamon Raisin Soft & Chewy Pre Sliced Bagels","Thomas Cinnamon Raisin Soft & Chewy Pre Sliced Bagels","5.86","0.0","","20 oz","20 oz","4859.jpg",,"18"
"12864","Breakfast & Dairy","Breads & Rolls","Breakfast Bakery","Thomas","Thomas English Muffins Whole Grain Multi Grain","Thomas English Muffins Whole Grain Multi Grain","2.49","0.0","","12 oz","12 oz","4857.jpg",,"18"
"12865","Breakfast & Dairy","Breads & Rolls","Breakfast Bakery","Thomas","Thomas Everything Bagel Thins","Thomas Everything Bagel Thins","4.89","0.0","","8 x 13 oz","8 x 13 oz","4860.jpg",,"18"
"12866","Breakfast & Dairy","Breads & Rolls","Breakfast Bakery","Thomas","Thomas Everything Soft & Chewy Pre Sliced Bagels","Thomas Everything Soft & Chewy Pre Sliced Bagels","5.79","0.0","","20 oz","20 oz","4853.jpg",,"18"
"12867","Breakfast & Dairy","Breads & Rolls","Breakfast Bakery","Thomas","Thomas Honey Wheat English Muffin","Thomas Honey Wheat English Muffin","5.49","0.0","","12 oz","12 oz","4871.jpg",,"18"
"12868","Breakfast & Dairy","Breads & Rolls","Breakfast Bakery","Thomas","Thomas King Size English Muffins","Thomas King Size English Muffins","5.39","0.0","","12 oz","12 oz","4856.jpg",,"18"
"12869","Breakfast & Dairy","Breads & Rolls","Breakfast Bakery","Thomas","Thomas Onion Soft & Chewy Pre Sliced Bagels","Thomas Onion Soft & Chewy Pre Sliced Bagels","5.86","0.0","","20 oz","20 oz","4867.jpg",,"18"
"12870","Breakfast & Dairy","Breads & Rolls","Breakfast Bakery","Thomas","Thomas Plain Bagel Thins","Thomas Plain Bagel Thins","3.69","0.0","","8 count","8 count","4854.jpg",,"18"
"12871","Breakfast & Dairy","Breads & Rolls","Breakfast Bakery","Thomas","Thomas Plain Mini Bagels","Thomas Plain Mini Bagels","4.89","0.0","","10 count","10 count","4858.jpg",,"18"
"12872","Breakfast & Dairy","Breads & Rolls","Breakfast Bakery","Thomas","Thomas Plain Soft & Chewy Pre Sliced Bagels","Thomas Plain Soft & Chewy Pre Sliced Bagels","5.86","0.0","","6 count","6 count","4851.jpg",,"18"
"12873","Breakfast & Dairy","Breads & Rolls","Breakfast Bakery","Thomas","Thomas Toast R Cakes Corn Muffins","Thomas Toast R Cakes Corn Muffins","5.29","0.0","","6 x 1.1 oz","6 x 1.1 oz","4863.jpg",,"18"
"12874","Breakfast & Dairy","Breads & Rolls","Breakfast Bakery","Thomas","Thomas Whole Grain English Muffins","Thomas Whole Grain English Muffins","5.61","0.0","","12 oz","12 oz","4852.jpg",,"18"
"12875","Breakfast & Dairy","Breads & Rolls","Breakfast Bakery","Thomas","Thomas Whole Grain Mini Bagel","Thomas Whole Grain Mini Bagel","4.89","0.0","","15 oz","15 oz","4862.jpg",,"18"
"12876","Breakfast & Dairy","Breads & Rolls","Breakfast Bakery","Thomas","Thomas Whole Grain Soft & Chewy Pre Sliced Bagels","Thomas Whole Grain Soft & Chewy Pre Sliced Bagels","5.49","0.0","","20 oz","20 oz","4869.jpg",,"18"
"12877","Breakfast & Dairy","Breads & Rolls","Breakfast Bakery","Udi's","Udi's Gluten Free Muffins Blueberry","Udi's Gluten Free Muffins Blueberry","4.89","0.0","","4 count","4 count","4887.jpg",,"18"
"12878","Breakfast & Dairy","Breads & Rolls","Breakfast Bakery","Udi's","Udi's Gluten Free Plain Bagels","Udi's Gluten Free Plain Bagels","7.39","0.0","","5 count","5 count","4888.jpg",,"19"
"12879","Breakfast & Dairy","Breads & Rolls","Breakfast Bakery","Vermont Bread","Vermont Bread English Muffins 100% Whole Wheat","Vermont Bread English Muffins 100% Whole Wheat","3.69","0.0","","6 x 12 oz","6 x 12 oz","4878.jpg",,"18"
"12880","Breakfast & Dairy","Breads & Rolls","Breakfast Bakery","Vermont Bread","Vermont Bread English Muffins Golden White","Vermont Bread English Muffins Golden White","3.09","0.0","","6 x 12 oz","6 x 12 oz","4879.jpg",,"18"
"12881","Breakfast & Dairy","Breads & Rolls","Breakfast Bakery","Vermont Bread","Vermont Bread Organic Honey White English Muffins 6 CT","Vermont Bread Organic Honey White English Muffins 6 CT","3.69","0.0","","12 oz","12 oz","4881.jpg",,"18"
"12882","Breakfast & Dairy","Breads & Rolls","Breakfast Bakery","York","Ray's New York Bagels Plain Bagels","Ray's New York Bagels Plain Bagels","3.59","0.0","","6 x 4 oz","6 x 4 oz","17055.jpg",,"18"
"12883","Breakfast & Dairy","Breads & Rolls","Breakfast Bakery","York","Zeppy's Bagels New York Style Sesame Seed","Zeppy's Bagels New York Style Sesame Seed","3.29","0.0","","22 oz","22 oz","4876.jpg",,"18"
"12884","Breakfast & Dairy","Breads & Rolls","Breakfast Bakery","York","Zeppy's New York Style Bagels Plain","Zeppy's New York Style Bagels Plain","3.29","0.0","","22 oz","22 oz","4875.jpg",,"18"
"12885","Breakfast & Dairy","Breads & Rolls","Breakfast Bakery","Zeppy's","Zeppy's Bagels Cinnamon Raisin 6 CT","Zeppy's Bagels Cinnamon Raisin 6 CT","3.29","0.0","","20 oz","20 oz","4873.jpg",,"18"
"12886","Breakfast & Dairy","Breads & Rolls","Breakfast Bakery","Zeppy's","Zeppy's Bagels Onion 6 CT","Zeppy's Bagels Onion 6 CT","3.29","0.0","","20 oz","20 oz","4874.jpg",,"18"
"12887","Breakfast & Dairy","Breads & Rolls","Breakfast Bakery","Zeppy's","Zeppy's Bagels The Works 6 CT","Zeppy's Bagels The Works 6 CT","3.29","0.0","","20 oz","20 oz","4872.jpg",,"18"
"12888","Breakfast & Dairy","Breads & Rolls","Buns & Rolls","Barowsky's","Barowsky's Soft Bulkies Enriched Rolls","Barowsky's Soft Bulkies Enriched Rolls","2.19","0.0","","12 oz","12 oz","4847.jpg",,"22"
"12889","Breakfast & Dairy","Breads & Rolls","Buns & Rolls","Brownberry/Arnold/Oroweat","Brownberry/Arnold/Oroweat New England Hot Dog Rolls","Brownberry/Arnold/Oroweat New England Hot Dog Rolls","4.59","0.0","","12 oz","12 oz","4838.jpg",,"18"
"12890","Breakfast & Dairy","Breads & Rolls","Buns & Rolls","Brownberry/Arnold/Oroweat","Brownberry/Arnold/Oroweat Sandwich Thins Rolls Multi Grain 8 CT","Brownberry/Arnold/Oroweat Sandwich Thins Rolls Multi Grain 8 CT","6.09","0.0","","12 oz","12 oz","4837.jpg",,"18"
"12891","Breakfast & Dairy","Breads & Rolls","Buns & Rolls","Brownberry/Arnold/Oroweat","Brownberry/Arnold/Oroweat Select Classic Hamburger Rolls","Brownberry/Arnold/Oroweat Select Classic Hamburger Rolls","4.59","0.0","","8 count","8 count","4836.jpg",,"18"
"12892","Breakfast & Dairy","Breads & Rolls","Buns & Rolls","Brownberry/Arnold/Oroweat","Arnold Sesame Seeded Sandwich Buns","Arnold Sesame Seeded Sandwich Buns","4.73","0.0","","8 x 4 oz","8 x 4 oz","4835.jpg",,"18"
"12893","Breakfast & Dairy","Breads & Rolls","Buns & Rolls","Fantini","Fantini Bakery Ciabatta Rolls","Fantini Bakery Ciabatta Rolls","2.49","0.0","","4 count","4 count","No Image.jpg",,"18"
"12894","Breakfast & Dairy","Breads & Rolls","Buns & Rolls","Fantini","Fantini Deli Bulkie Rolls","Fantini Deli Bulkie Rolls","1.88","0.0","","6 x 13 oz","6 x 13 oz","4839.jpg",,"22"
"12895","Breakfast & Dairy","Breads & Rolls","Buns & Rolls","Fantini","Fantini Deli Onion Rolls","Fantini Deli Onion Rolls","2.39","0.0","","4 count","4 count","No Image.jpg",,"18"
"12896","Breakfast & Dairy","Breads & Rolls","Buns & Rolls","Fantini","Fantini Split Top Rolls","Fantini Split Top Rolls","2.39","0.0","","6 x 1 oz","6 x 1 oz","4840.jpg",,"22"
"12897","Breakfast & Dairy","Breads & Rolls","Buns & Rolls","Fiber One","Fiber One English Muffins","Fiber One English Muffins","3.09","0.0","","6 x 2 oz","6 x 2 oz","4849.jpg",,"18"
"12898","Breakfast & Dairy","Breads & Rolls","Buns & Rolls","Fiber One","Fiber One English Muffins, Wheat Multigrain, Bag","Fiber One English Muffins, Wheat Multigrain, Bag","3.09","0.0","","6 x 2 oz","6 x 2 oz","4850.jpg",,"18"
"12899","Breakfast & Dairy","Breads & Rolls","Buns & Rolls","Grand Central Bakery","Grand Central Bakery 8"" Central French Roll","Grand Central Bakery 8"" Central French Roll","3.49","0.0","","16 oz","16 oz","No Image.jpg",,"18"
"12900","Breakfast & Dairy","Breads & Rolls","Buns & Rolls","Grand Central Bakery","Grand Central Bakery Rolls","Grand Central Bakery Rolls","3.49","0.0","","16 oz","16 oz","No Image.jpg",,"18"
"12901","Breakfast & Dairy","Breads & Rolls","Buns & Rolls","Kasanof's","Kasanof's Onion Rolls 6 CT","Kasanof's Onion Rolls 6 CT","4.79","0.0","","14 oz","14 oz","17039.jpg",,"22"
"12902","Breakfast & Dairy","Breads & Rolls","Buns & Rolls","King's Hawaiian","King's Hawaiian Sweet Rolls, Original","King's Hawaiian Sweet Rolls, Original","3.69","0.0","","12 x 1 oz","12 x 1 oz","17037.jpg",,"22"
"12903","Breakfast & Dairy","Breads & Rolls","Buns & Rolls","Koffee Kup","Koffee Kup Kaiser Rolls","Koffee Kup Kaiser Rolls","3.09","0.0","","13 oz","13 oz","17045.jpg",,"18"
"12904","Breakfast & Dairy","Breads & Rolls","Buns & Rolls","Koffee Kup","Koffee Kup Potato Rolls","Koffee Kup Potato Rolls","2.49","0.0","","15 oz","15 oz","17044.jpg",,"18"
"12905","Breakfast & Dairy","Breads & Rolls","Buns & Rolls","Koffee Kup Bakery","Koffee Kup Bakery Grinder Rolls","Koffee Kup Bakery Grinder Rolls","2.49","0.0","","20.4 oz","20.4 oz","4824.jpg",,"18"
"12906","Breakfast & Dairy","Breads & Rolls","Buns & Rolls","Koffee Kup Bakery","Koffee Kup Bakery Hamburger Buns","Koffee Kup Bakery Hamburger Buns","3.69","0.0","","8 x 16 oz","8 x 16 oz","4826.jpg",,"18"
"12907","Breakfast & Dairy","Breads & Rolls","Buns & Rolls","Koffee Kup Bakery","Koffee Kup Bakery Hamburger Buns Seeded Potato","Koffee Kup Bakery Hamburger Buns Seeded Potato","3.09","0.0","","8 x 16 oz","8 x 16 oz","4828.jpg",,"18"
"12908","Breakfast & Dairy","Breads & Rolls","Buns & Rolls","Koffee Kup Bakery","Koffee Kup Bakery Hoagie Rolls Wheat","Koffee Kup Bakery Hoagie Rolls Wheat","4.79","0.0","","15 oz","15 oz","4829.jpg",,"18"
"12909","Breakfast & Dairy","Breads & Rolls","Buns & Rolls","Koffee Kup Bakery","Koffee Kup Bakery Hot Dog Buns","Koffee Kup Bakery Hot Dog Buns","2.79","0.0","","8 x 14 oz","8 x 14 oz","4827.jpg",,"18"
"12910","Breakfast & Dairy","Breads & Rolls","Buns & Rolls","Koffee Kup Bakery","Koffee Kup Bakery Sandwich Rolls","Koffee Kup Bakery Sandwich Rolls","4.86","0.0","","15 oz","15 oz","4825.jpg",,"18"
"12911","Breakfast & Dairy","Breads & Rolls","Buns & Rolls","Market Basket","Euro Classic Imports Chocolate Croissant","Euro Classic Imports Chocolate Croissant","4.89","0.0","","9.52 oz","9.52 oz","17048.jpg",,"18"
"12912","Breakfast & Dairy","Breads & Rolls","Buns & Rolls","Market Basket","Hot Dog Buns","Hot Dog Buns","1.49","0.0","","8 count","8 count","17038.jpg",,"18"
"12913","Breakfast & Dairy","Breads & Rolls","Buns & Rolls","Market Basket","Market Basket 8 Premium Hamburger Rolls","Market Basket 8 Premium Hamburger Rolls","2.49","0.0","","18 oz","18 oz","Market Basket.jpg",,"18"
"12914","Breakfast & Dairy","Breads & Rolls","Buns & Rolls","Market Basket","Market Basket Dinner Rollls","Market Basket Dinner Rollls","2.39","0.0","","18 oz","18 oz","Market Basket.jpg",,"18"
"12915","Breakfast & Dairy","Breads & Rolls","Buns & Rolls","Market Basket","Market Basket Homestyle Dinner Rolls","Market Basket Homestyle Dinner Rolls","2.49","0.0","","12 oz","12 oz","Market Basket.jpg",,"18"
"12916","Breakfast & Dairy","Breads & Rolls","Buns & Rolls","Market Basket","Market Basket Hot Dog Buns","Market Basket Hot Dog Buns","2.19","0.0","","18 oz","18 oz","Market Basket.jpg",,"18"
"12917","Breakfast & Dairy","Breads & Rolls","Buns & Rolls","Market Basket","Market Basket Italian Enriched Dinner Rolls","Market Basket Italian Enriched Dinner Rolls","2.19","0.0","","18 oz","18 oz","Market Basket.jpg",,"18"
"12918","Breakfast & Dairy","Breads & Rolls","Buns & Rolls","Market Basket","Market Basket Plain Sub Rolls","Market Basket Plain Sub Rolls","2.49","0.0","","19.2 oz","19.2 oz","Market Basket.jpg",,"18"
"12919","Breakfast & Dairy","Breads & Rolls","Buns & Rolls","Market Basket","Market Basket Seeded Hamburger Buns","Market Basket Seeded Hamburger Buns","1.49","0.0","","11.5 oz","11.5 oz","Market Basket.jpg",,"18"
"12920","Breakfast & Dairy","Breads & Rolls","Buns & Rolls","Market Basket","Market Basket Sliced Hamburger Buns","Market Basket Sliced Hamburger Buns","1.49","0.0","","11.5 oz","11.5 oz","Market Basket.jpg",,"18"
"12921","Breakfast & Dairy","Breads & Rolls","Buns & Rolls","Market Basket","Market Basket Sliced Hamburger Buns","Market Basket Sliced Hamburger Buns","2.19","0.0","","21.5 oz","21.5 oz","Market Basket.jpg",,"18"
"12922","Breakfast & Dairy","Breads & Rolls","Buns & Rolls","Market Basket","Market Basket Wheat Rolls","Market Basket Wheat Rolls","3.69","0.0","","24 oz","24 oz","Market Basket.jpg",,"18"
"12923","Breakfast & Dairy","Breads & Rolls","Buns & Rolls","Market Basket","Onion Burger Bulkie Rolls","Onion Burger Bulkie Rolls","2.19","0.0","","6 count","6 count","Market Basket.jpg",,"18"
"12924","Breakfast & Dairy","Breads & Rolls","Buns & Rolls","Market Basket","Seeded Hamburger Rolls Sliced","Seeded Hamburger Rolls Sliced","1.29","0.0","","12 oz","12 oz","Market Basket.jpg",,"18"
"12925","Breakfast & Dairy","Breads & Rolls","Buns & Rolls","Market Basket","VH Dairy Cinnamon Rolls","VH Dairy Cinnamon Rolls","4.69","0.0","","12 oz","12 oz","Market Basket.jpg",,"18"
"12926","Breakfast & Dairy","Breads & Rolls","Buns & Rolls","Martin's","Martin's Martins Potato Rolls, Enriched, Long, Bag","Martin's Martins Potato Rolls, Enriched, Long, Bag","4.59","0.0","","8 x 15 oz","8 x 15 oz","4831.jpg",,"18"
"12927","Breakfast & Dairy","Breads & Rolls","Buns & Rolls","Martin's","Martin's Martins Potato Rolls, Enriched, Sliced Slider, Bag","Martin's Martins Potato Rolls, Enriched, Sliced Slider, Bag","4.79","0.0","","12 x 15 oz","12 x 15 oz","4832.jpg",,"18"
"12928","Breakfast & Dairy","Breads & Rolls","Buns & Rolls","Martin's","Martin's Martins Potato Rolls, Party, Enriched, Bag","Martin's Martins Potato Rolls, Party, Enriched, Bag","4.79","0.0","","24 count","24 count","4834.jpg",,"18"
"12929","Breakfast & Dairy","Breads & Rolls","Buns & Rolls","Martin's","Martin's Martins Rolls, Enriched, Big Marty's, Large, Bag","Martin's Martins Rolls, Enriched, Big Marty's, Large, Bag","6.09","0.0","","8 x 1 oz","8 x 1 oz","4833.jpg",,"18"
"12930","Breakfast & Dairy","Breads & Rolls","Buns & Rolls","Martin's","Martin's Potato Sandwich Rolls","Martin's Potato Sandwich Rolls","4.59","0.0","","8 count","8 count","4830.jpg",,"18"
"12931","Breakfast & Dairy","Breads & Rolls","Buns & Rolls","Muffin Town","Muffintown 12Pk Mini Muffin Chocolate Chip","Muffintown 12Pk Mini Muffin Chocolate Chip","3.49","0.0","","12 oz","12 oz","No Image.jpg",,"18"
"12932","Breakfast & Dairy","Breads & Rolls","Buns & Rolls","Nature's Own","Nature's Own Whole Wheat Hamburger Buns","Nature's Own Whole Wheat Hamburger Buns","3.09","0.0","","8 count","8 count","17042.jpg",,"18"
"12933","Breakfast & Dairy","Breads & Rolls","Buns & Rolls","Nature's Own","Nature's Own Whole Wheat Hot Dog Buns","Nature's Own Whole Wheat Hot Dog Buns","4.19","0.0","","8 count","8 count","17049.jpg",,"18"
"12934","Breakfast & Dairy","Breads & Rolls","Buns & Rolls","Pepperidge Farm","Pepperidge Farm Bakery Classics, Side Sliced Hot Dog Buns","Pepperidge Farm Bakery Classics, Side Sliced Hot Dog Buns","2.49","0.0","","8 count","8 count","4841.jpg",,"18"
"12935","Breakfast & Dairy","Breads & Rolls","Buns & Rolls","Pepperidge Farm","Pepperidge Farm Soft White Hamburger Buns","Pepperidge Farm Soft White Hamburger Buns","4.89","0.0","","14.5 oz","14.5 oz","4842.jpg",,"18"
"12936","Breakfast & Dairy","Breads & Rolls","Buns & Rolls","Pepperidge Farm","Pepperidge Farm Bakery Classics Golden Potato Hamburger Buns","Pepperidge Farm Bakery Classics Golden Potato Hamburger Buns","4.29","0.0","","15 oz","15 oz","4843.jpg",,"18"
"12937","Breakfast & Dairy","Breads & Rolls","Buns & Rolls","Pepperidge Farm","Pepperidge Farm Bakery Classics Side Sliced Golden Potato Hot Dog Buns","Pepperidge Farm Bakery Classics Side Sliced Golden Potato Hot Dog Buns","4.29","0.0","","14 oz","14 oz","4846.jpg",,"18"
"12938","Breakfast & Dairy","Breads & Rolls","Buns & Rolls","Pepperidge Farm","Pepperidge Farm Bakery Classics Top Sliced Sweet Hawaiian Hot Dog Buns","Pepperidge Farm Bakery Classics Top Sliced Sweet Hawaiian Hot Dog Buns","3.09","0.0","","14 oz","14 oz","4844.jpg",,"18"
"12939","Breakfast & Dairy","Breads & Rolls","Buns & Rolls","Pepperidge Farm","Pepperidge Farm Bakery Classics Top Sliced White Hot Dog Buns","Pepperidge Farm Bakery Classics Top Sliced White Hot Dog Buns","4.29","0.0","","14 oz","14 oz","4845.jpg",,"18"
"12940","Breakfast & Dairy","Breads & Rolls","Buns & Rolls","Pepperidge Farm","Pepperidge Farm Farmhouse Pepperidge Farm Farmhouse Hearty White Hamburger Buns","Pepperidge Farm Farmhouse Pepperidge Farm Farmhouse Hearty White Hamburger Buns","4.89","0.0","","8 x 20 oz","8 x 20 oz","17041.jpg",,"18"
"12941","Breakfast & Dairy","Breads & Rolls","Buns & Rolls","Pepperidge Farm","Pepperidge Farm Jewish Rye Soft Rye Bread","Pepperidge Farm Jewish Rye Soft Rye Bread","4.69","0.0","","16 oz","16 oz","17046.jpg",,"18"
"12942","Breakfast & Dairy","Breads & Rolls","Buns & Rolls","Wonder Bread","Wonder Bread Frankfurter Enriched Buns","Wonder Bread Frankfurter Enriched Buns","2.49","0.0","","11.5 oz","11.5 oz","17040.jpg",,"18"
"12943","Breakfast & Dairy","Breads & Rolls","Buns & Rolls","Wonder Bread","Wonder Bread Hamburger Buns Classic","Wonder Bread Hamburger Buns Classic","2.49","0.0","","8 x 15 oz","8 x 15 oz","17036.jpg",,"18"
"12944","Breakfast & Dairy","Breads & Rolls","Tortillas & Flat Bread","Boboli","Boboli 12"" Original Pizza Crust","Boboli 12"" Original Pizza Crust","5.89","0.0","","14 oz","14 oz","4808.jpg",,"4"
"12945","Breakfast & Dairy","Breads & Rolls","Tortillas & Flat Bread","Boboli","Boboli 8 Inch Twin Pack Pizza Crust","Boboli 8 Inch Twin Pack Pizza Crust","5.89","0.0","","2 x 5 oz","2 x 5 oz","4809.jpg",,"4"
"12946","Breakfast & Dairy","Breads & Rolls","Tortillas & Flat Bread","Boghosian","Boghosian Valley Bread Lavash","Boghosian Valley Bread Lavash","2.19","0.0","","12 oz","12 oz","4811.jpg",,"18"
"12947","Breakfast & Dairy","Breads & Rolls","Tortillas & Flat Bread","Boghosian","Boghosian Valley Bread Tomato & Basil Lavash","Boghosian Valley Bread Tomato & Basil Lavash","3.09","0.0","","12 oz","12 oz","4812.jpg",,"18"
"12948","Breakfast & Dairy","Breads & Rolls","Tortillas & Flat Bread","Boghosian","Boghosian Whole Wheat Lavash Valley Bread","Boghosian Whole Wheat Lavash Valley Bread","2.19","0.0","","12 oz","12 oz","4813.jpg",,"7"
"12949","Breakfast & Dairy","Breads & Rolls","Tortillas & Flat Bread","Brownberry/Arnold/Oroweat","Brownberry/Arnold/Oroweat 100% Whole Wheat Pita Pocket Thins","Brownberry/Arnold/Oroweat 100% Whole Wheat Pita Pocket Thins","3.09","0.0","","11.8 oz","11.8 oz","4815.jpg",,"18"
"12950","Breakfast & Dairy","Breads & Rolls","Tortillas & Flat Bread","Brownberry/Arnold/Oroweat","Brownberry/Arnold/Oroweat Sandwich Thins 100% Whole Wheat Rolls","Brownberry/Arnold/Oroweat Sandwich Thins 100% Whole Wheat Rolls","5.19","0.0","","12 oz","12 oz","4814.jpg",,"18"
"12951","Breakfast & Dairy","Breads & Rolls","Tortillas & Flat Bread","Brownberry/Arnold/Oroweat","Brownberry/Arnold/Oroweat Whole Grains Sandwich Rolls 100% Whole Wheat 8 CT","Brownberry/Arnold/Oroweat Whole Grains Sandwich Rolls 100% Whole Wheat 8 CT","5.19","0.0","","16 oz","16 oz","4816.jpg",,"18"
"12952","Breakfast & Dairy","Breads & Rolls","Tortillas & Flat Bread","Cedar","Cedar Wraps Spinach","Cedar Wraps Spinach","2.19","0.0","","10 oz","10 oz","4817.jpg",,"18"
"12953","Breakfast & Dairy","Breads & Rolls","Tortillas & Flat Bread","Cedar","Cedar Wraps Sundried Tomato & Basil","Cedar Wraps Sundried Tomato & Basil","2.19","0.0","","10 oz","10 oz","4819.jpg",,"7"
"12954","Breakfast & Dairy","Breads & Rolls","Tortillas & Flat Bread","Cedar","Cedar Wraps Whole Wheat","Cedar Wraps Whole Wheat","2.79","0.0","","10 oz","10 oz","4818.jpg",,"18"
"12955","Breakfast & Dairy","Breads & Rolls","Tortillas & Flat Bread","CHI-CHI'S","Chi chi's Chips & Tortillas Flour & Corn Enchilada Style Tortillas","Chi chi's Chips & Tortillas Flour & Corn Enchilada Style Tortillas","2.49","0.0","","16 oz","16 oz","17029.jpg",,"18"
"12956","Breakfast & Dairy","Breads & Rolls","Tortillas & Flat Bread","CHI-CHI'S","Chi chi's Chips & Tortillas Whole Wheat Fajita Style Tortillas","Chi chi's Chips & Tortillas Whole Wheat Fajita Style Tortillas","2.49","0.0","","8 count","8 count","17028.jpg",,"7"
"12957","Breakfast & Dairy","Breads & Rolls","Tortillas & Flat Bread","CHI-CHI'S","Chi Chi's Flour Burrito Style Tortillas","Chi Chi's Flour Burrito Style Tortillas","2.49","0.0","","17 oz","17 oz","4822.jpg",,"7"
"12958","Breakfast & Dairy","Breads & Rolls","Tortillas & Flat Bread","CHI-CHI'S","Chi Chi's Flour Fajita Style Tortillas","Chi Chi's Flour Fajita Style Tortillas","2.49","0.0","","10 x 17.5 oz","10 x 17.5 oz","4823.jpg",,"7"
"12959","Breakfast & Dairy","Breads & Rolls","Tortillas & Flat Bread","Cinco De Mayo","Cinco De Mayo Corn Tortillas","Cinco De Mayo Corn Tortillas","1.49","0.0","","2 lb","2 lb","No Image.jpg",,"18"
"12960","Breakfast & Dairy","Breads & Rolls","Tortillas & Flat Bread","Joseph's","Joseph's Enriched Pita Bread","Joseph's Enriched Pita Bread","2.19","0.0","","8 oz","8 oz","4799.jpg",,"7"
"12961","Breakfast & Dairy","Breads & Rolls","Tortillas & Flat Bread","Joseph's","Joseph's Flatbread Honey Wheat","Joseph's Flatbread Honey Wheat","3.09","0.0","","5 count","5 count","4800.jpg",,"18"
"12962","Breakfast & Dairy","Breads & Rolls","Tortillas & Flat Bread","Joseph's","Joseph's Flatbread Multi Grain","Joseph's Flatbread Multi Grain","3.09","0.0","","5 x 10 oz","5 x 10 oz","4798.jpg",,"18"
"12963","Breakfast & Dairy","Breads & Rolls","Tortillas & Flat Bread","Joseph's","Joseph's Flax Oat Bran & Whole Wheat Pita Bread","Joseph's Flax Oat Bran & Whole Wheat Pita Bread","3.09","0.0","","6 x 8 oz","6 x 8 oz","4795.jpg",,"7"
"12964","Breakfast & Dairy","Breads & Rolls","Tortillas & Flat Bread","Joseph's","Joseph's Flax, Oat Bran & Whole Wheat Flour Tortillas","Joseph's Flax, Oat Bran & Whole Wheat Flour Tortillas","3.09","0.0","","6 x 9 oz","6 x 9 oz","4796.jpg",,"7"
"12965","Breakfast & Dairy","Breads & Rolls","Tortillas & Flat Bread","Joseph's","Joseph's Multi Grain Premium Wraps 10""","Joseph's Multi Grain Premium Wraps 10""","1.89","0.0","","16 oz","16 oz","No Image.jpg",,"18"
"12966","Breakfast & Dairy","Breads & Rolls","Tortillas & Flat Bread","Joseph's","Joseph's Pita Bread","Joseph's Pita Bread","3.09","0.0","","11 oz","11 oz","4794.jpg",,"7"
"12967","Breakfast & Dairy","Breads & Rolls","Tortillas & Flat Bread","Joseph's","Joseph's Pita Bread Flax Oat Bran & Whole Wheat","Joseph's Pita Bread Flax Oat Bran & Whole Wheat","3.69","0.0","","8 oz","8 oz","4797.jpg",,"7"
"12968","Breakfast & Dairy","Breads & Rolls","Tortillas & Flat Bread","Joseph's","Joseph's Premium Wraps Traditional 10""","Joseph's Premium Wraps Traditional 10""","1.89","0.0","","16 oz","16 oz","No Image.jpg",,"7"
"12969","Breakfast & Dairy","Breads & Rolls","Tortillas & Flat Bread","Joseph's","Joseph's Tomato & Basil Flatbread","Joseph's Tomato & Basil Flatbread","3.09","0.0","","10 oz","10 oz","4802.jpg",,"18"
"12970","Breakfast & Dairy","Breads & Rolls","Tortillas & Flat Bread","Market Basket","Market Basket 8"" Soft Taco Corn Tortillas","Market Basket 8"" Soft Taco Corn Tortillas","2.09","0.0","","16 oz","16 oz","Market Basket.jpg",,"7"
"12971","Breakfast & Dairy","Breads & Rolls","Tortillas & Flat Bread","Market Basket","Market Basket Flour Tortillas Burrito Size 10""","Market Basket Flour Tortillas Burrito Size 10""","2.49","0.0","","19 oz","19 oz","Market Basket.jpg",,"7"
"12972","Breakfast & Dairy","Breads & Rolls","Tortillas & Flat Bread","Market Basket","Market Basket Flour Tortillas Fajita Size 6""","Market Basket Flour Tortillas Fajita Size 6""","1.59","0.0","","9 oz","9 oz","Market Basket.jpg",,"7"
"12973","Breakfast & Dairy","Breads & Rolls","Tortillas & Flat Bread","Market Basket","Market Basket Flour Tortillas Soft Taco Size 8""","Market Basket Flour Tortillas Soft Taco Size 8""","2.09","0.0","","16 oz","16 oz","Market Basket.jpg",,"7"
"12974","Breakfast & Dairy","Breads & Rolls","Tortillas & Flat Bread","Market Basket","Market Basket Mexican Corn Tortilla","Market Basket Mexican Corn Tortilla","2.09","0.0","","1 lb","1 lb","Market Basket.jpg",,"18"
"12975","Breakfast & Dairy","Breads & Rolls","Tortillas & Flat Bread","Market Basket","Market Basket Whole Wheat Tortillas Soft Taco Size 8""","Market Basket Whole Wheat Tortillas Soft Taco Size 8""","2.09","0.0","","16 oz","16 oz","Market Basket.jpg",,"7"
"12976","Breakfast & Dairy","Breads & Rolls","Tortillas & Flat Bread","Mission","Mission Restaurant Style Whole Wheat Soft Taco Flour Tortillas","Mission Restaurant Style Whole Wheat Soft Taco Flour Tortillas","1.89","0.0","","16 oz","16 oz","17026.jpg",,"7"
"12977","Breakfast & Dairy","Breads & Rolls","Tortillas & Flat Bread","Pepito","Pepito Burrito Flour Tortillas","Pepito Burrito Flour Tortillas","1.89","0.0","","16 oz","16 oz","4805.jpg",,"7"
"12978","Breakfast & Dairy","Breads & Rolls","Tortillas & Flat Bread","Pepito","Pepito Corn Tortillas","Pepito Corn Tortillas","1.49","0.0","","22.5 oz","22.5 oz","4804.jpg",,"7"
"12979","Breakfast & Dairy","Breads & Rolls","Tortillas & Flat Bread","Pepito","Pepito Soft Taco Tortillas","Pepito Soft Taco Tortillas","1.89","0.0","","12 oz","12 oz","No Image.jpg",,"7"
"12980","Breakfast & Dairy","Breads & Rolls","Tortillas & Flat Bread","Pringles","Pringles Potato Crisps Chips Sour Cream & Onion Flavored","Pringles Potato Crisps Chips Sour Cream & Onion Flavored","0.69","0.0","","1.41 oz","1.41 oz","17033.jpg",,"0"
"12981","Breakfast & Dairy","Breads & Rolls","Tortillas & Flat Bread","Rustic Crust","Rustic Crust Crispy Italian Thin Pizza Crust","Rustic Crust Crispy Italian Thin Pizza Crust","3.09","0.0","","12 inch","12 inch","4820.jpg",,"4"
"12982","Breakfast & Dairy","Breads & Rolls","Tortillas & Flat Bread","Rustic Crust","Rustic Crust Old World Flatbreads Italian Herb Pizza Crust 2 CT","Rustic Crust Old World Flatbreads Italian Herb Pizza Crust 2 CT","3.69","0.0","","9 oz","9 oz","17035.jpg",,"18"
"12983","Breakfast & Dairy","Breads & Rolls","Tortillas & Flat Bread","Rustic Crust","Rustic Crust Old World Flatbreads Tuscan Six Grain Pizza Crust","Rustic Crust Old World Flatbreads Tuscan Six Grain Pizza Crust","3.69","0.0","","13 oz","13 oz","4821.jpg",,"18"
"12984","Breakfast & Dairy","Breads & Rolls","Tortillas & Flat Bread","Stonefire","Stonefire Authentic Flatbreads Naan Roasted Garlic","Stonefire Authentic Flatbreads Naan Roasted Garlic","3.29","0.0","","2 x 8.8 oz","2 x 8.8 oz","17030.jpg",,"7"
"12985","Breakfast & Dairy","Breads & Rolls","Tortillas & Flat Bread","Stonefire","Stonefire Authentic Flatbreads Naan Whole Grain 2 PK","Stonefire Authentic Flatbreads Naan Whole Grain 2 PK","3.29","0.0","","8.8 oz","8.8 oz","17031.jpg",,"7"
"12986","Breakfast & Dairy","Breads & Rolls","Tortillas & Flat Bread","Stonefire","Stonefire Authentic Flatbreads Original Tandoor Baked Naan","Stonefire Authentic Flatbreads Original Tandoor Baked Naan","3.29","0.0","","2 x 8.8 oz","2 x 8.8 oz","17027.jpg",,"7"
"12987","Breakfast & Dairy","Breakfast & Cereal","Cereal","Alpen","Alpen No Sugar Added Swiss Style Muesli Cereal","Alpen No Sugar Added Swiss Style Muesli Cereal","4.89","0.0","","14 oz","14 oz","17605.jpg",,"5"
"12988","Breakfast & Dairy","Breakfast & Cereal","Cereal","Alpen","Alpen Original Swiss Style Muesli Cereal","Alpen Original Swiss Style Muesli Cereal","6.59","0.0","","14 oz","14 oz","17548.jpg",,"5"
"12989","Breakfast & Dairy","Breakfast & Cereal","Cereal","Barbara's","Barbara's Cinnamon Cereal","Barbara's Cinnamon Cereal","3.69","0.0","","10 oz","10 oz","17599.jpg",,"5"
"12990","Breakfast & Dairy","Breakfast & Cereal","Cereal","Barbara's","Barbara's Puffins Cereal Peanut Butter","Barbara's Puffins Cereal Peanut Butter","2.49","0.0","","11 oz","11 oz","17568.jpg",,"5"
"12991","Breakfast & Dairy","Breakfast & Cereal","Cereal","Bob's Red Mill","Bob's Red Mill Gluten Free Oat Bran High Fiber Cereal","Bob's Red Mill Gluten Free Oat Bran High Fiber Cereal","3.69","0.0","","18 oz","18 oz","17559.jpg",,"5"
"12992","Breakfast & Dairy","Breakfast & Cereal","Cereal","Bob's Red Mill","Bob's Red Mill Whole Grain 10 Grain Hot Cereal","Bob's Red Mill Whole Grain 10 Grain Hot Cereal","3.09","0.0","","25 oz","25 oz","17546.jpg",,"5"
"12993","Breakfast & Dairy","Breakfast & Cereal","Cereal","Bobs Red Mill","Bobs Red Mill Hot Cereal, 7 Grain, Bag","Bobs Red Mill Hot Cereal, 7 Grain, Bag","3.09","0.0","","16 oz","16 oz","17545.jpg",,"5"
"12994","Breakfast & Dairy","Breakfast & Cereal","Cereal","Bran Flakes","Bran Flakes Whole Grain Wheat Cereal","Bran Flakes Whole Grain Wheat Cereal","3.69","0.0","","16 oz","16 oz","17543.jpg",,"5"
"12995","Breakfast & Dairy","Breakfast & Cereal","Cereal","Cap'N Crunch","Cap'N Crunch Peanut Butter Crunch Sweetened Corn & Oat Cereal","Cap'N Crunch Peanut Butter Crunch Sweetened Corn & Oat Cereal","3.99","0.0","","13 oz","13 oz","17601.jpg",,"5"
"12996","Breakfast & Dairy","Breakfast & Cereal","Cereal","Cap'N Crunch","Cap'N Crunch S Crunch Berries Sweetened Corn & Oat Cereal","Cap'N Crunch S Crunch Berries Sweetened Corn & Oat Cereal","3.09","0.0","","13 oz","13 oz","17547.jpg",,"5"
"12997","Breakfast & Dairy","Breakfast & Cereal","Cereal","Cap'N Crunch","Cap'N Crunch Sweetened Corn & Oat Cereal","Cap'N Crunch Sweetened Corn & Oat Cereal","3.09","0.0","","14 oz","14 oz","17578.jpg",,"5"
"12998","Breakfast & Dairy","Breakfast & Cereal","Cereal","Cheerios","Cheerios Apple Cinnamon Cereal","Cheerios Apple Cinnamon Cereal","4.29","0.0","","12.9 oz","12.9 oz","6029.jpg",,"5"
"12999","Breakfast & Dairy","Breakfast & Cereal","Cereal","Cheerios","Cheerios Cereal with Whole Grain Oats, Gluten Free","Cheerios Cereal with Whole Grain Oats, Gluten Free","3.49","0.0","","8.9 oz","8.9 oz","6024.jpg",,"5"
"13000","Breakfast & Dairy","Breakfast & Cereal","Cereal","Cheerios","Cheerios Cereal with Whole Grain Oats, Gluten Free","Cheerios Cereal with Whole Grain Oats, Gluten Free","4.59","0.0","","18 oz","18 oz","6027.jpg",,"5"
"13001","Breakfast & Dairy","Breakfast & Cereal","Cereal","Cheerios","Cheerios Fruity Gluten Free Breakfast Cereal","Cheerios Fruity Gluten Free Breakfast Cereal","4.29","0.0","","12 oz","12 oz","6035.jpg",,"5"
"13002","Breakfast & Dairy","Breakfast & Cereal","Cereal","Cheerios","Cheerios Gluten Free, Cereal with Whole Grain Oats","Cheerios Gluten Free, Cereal with Whole Grain Oats","7.39","0.0","","20.35 oz","20.35 oz","6032.jpg",,"5"
"13003","Breakfast & Dairy","Breakfast & Cereal","Cereal","Cheerios","Cheerios Honey Nut , Cereal with Oats, Gluten Free","Cheerios Honey Nut , Cereal with Oats, Gluten Free","4.59","0.0","","15.4 oz","15.4 oz","6031.jpg",,"5"
"13004","Breakfast & Dairy","Breakfast & Cereal","Cereal","Cheerios","Cheerios Honey Nut , Gluten Free, Cereal with Oats","Cheerios Honey Nut , Gluten Free, Cereal with Oats","4.89","0.0","","21.6 oz","21.6 oz","6025.jpg",,"5"
"13005","Breakfast & Dairy","Breakfast & Cereal","Cereal","Cheerios","Cheerios Honey Nut , Gluten Free, Cereal with Oats","Cheerios Honey Nut , Gluten Free, Cereal with Oats","4.89","0.0","","17 oz","17 oz","6028.jpg",,"5"
"13006","Breakfast & Dairy","Breakfast & Cereal","Cereal","Cheerios","Cheerios Honey Nut Gluten Free Cereal","Cheerios Honey Nut Gluten Free Cereal","3.09","0.0","","12.25 oz","12.25 oz","6023.jpg",,"5"
"13007","Breakfast & Dairy","Breakfast & Cereal","Cereal","Cheerios","Cheerios Honey Nut Medley Crunch, Cereal","Cheerios Honey Nut Medley Crunch, Cereal","4.29","0.0","","13.1 oz","13.1 oz","6030.jpg",,"5"
"13008","Breakfast & Dairy","Breakfast & Cereal","Cereal","Cheerios","Cheerios Multi Grain , Multigrain Cereal, Gluten Free","Cheerios Multi Grain , Multigrain Cereal, Gluten Free","4.89","0.0","","18 oz","18 oz","6026.jpg",,"5"
"13009","Breakfast & Dairy","Breakfast & Cereal","Cereal","Cheerios","Cheerios Multi Grain , Multigrain Cereal, Gluten Free","Cheerios Multi Grain , Multigrain Cereal, Gluten Free","4.29","0.0","","12 oz","12 oz","6033.jpg",,"5"
"13010","Breakfast & Dairy","Breakfast & Cereal","Cereal","Cheerios","Cheerios Multi Grain , Multigrain Cereal, Gluten Free","Cheerios Multi Grain , Multigrain Cereal, Gluten Free","4.69","0.0","","9 oz","9 oz","6034.jpg",,"5"
"13011","Breakfast & Dairy","Breakfast & Cereal","Cereal","Cheerios","General Mills Frosted Cheerios Gluten Free Breakfast Cereal","General Mills Frosted Cheerios Gluten Free Breakfast Cereal","4.29","0.0","","12 oz","12 oz","6091.jpg",,"5"
"13012","Breakfast & Dairy","Breakfast & Cereal","Cereal","Chex","Chex Chocolate Cereal, Gluten Free","Chex Chocolate Cereal, Gluten Free","4.29","0.0","","12.8 oz","12.8 oz","6064.jpg",,"5"
"13013","Breakfast & Dairy","Breakfast & Cereal","Cereal","Chex","Chex Corn Cereal, Gluten Free","Chex Corn Cereal, Gluten Free","4.29","0.0","","12 oz","12 oz","6063.jpg",,"5"
"13014","Breakfast & Dairy","Breakfast & Cereal","Cereal","Chex","Chex General Mills Chocolate Chex Gluten Free Rice Cereal","Chex General Mills Chocolate Chex Gluten Free Rice Cereal","4.29","0.0","","12.8 oz","12.8 oz","6066.jpg",,"5"
"13015","Breakfast & Dairy","Breakfast & Cereal","Cereal","Chex","Chex General Mills Gluten Free Cinnamon Cereal","Chex General Mills Gluten Free Cinnamon Cereal","4.29","0.0","","13.5 oz","13.5 oz","4424.jpg",,"5"
"13016","Breakfast & Dairy","Breakfast & Cereal","Cereal","Chex","Chex Honey Nut Cereal, Gluten Free","Chex Honey Nut Cereal, Gluten Free","3.69","0.0","","12.5 oz","12.5 oz","6060.jpg",,"5"
"13017","Breakfast & Dairy","Breakfast & Cereal","Cereal","Chex","Chex Rice Cereal, Gluten Free","Chex Rice Cereal, Gluten Free","3.69","0.0","","12 oz","12 oz","6061.jpg",,"5"
"13018","Breakfast & Dairy","Breakfast & Cereal","Cereal","Chex","Chex Wheat Cereal, Whole Grain","Chex Wheat Cereal, Whole Grain","4.29","0.0","","14 oz","14 oz","6065.jpg",,"5"
"13019","Breakfast & Dairy","Breakfast & Cereal","Cereal","Cinnamon Toast Crunch","Cinnamon Toast Crunch Cereal","Cinnamon Toast Crunch Cereal","4.39","0.0","","12.2 oz","12.2 oz","17579.jpg",,"5"
"13020","Breakfast & Dairy","Breakfast & Cereal","Cereal","Cocoa Pebbles","Cocoa Pebbles Cereal","Cocoa Pebbles Cereal","3.09","0.0","","11 oz","11 oz","17581.jpg",,"5"
"13021","Breakfast & Dairy","Breakfast & Cereal","Cereal","Cookie Crisp","Cookie Crisp Cereal, Chocolate Chip Cookie Flavored","Cookie Crisp Cereal, Chocolate Chip Cookie Flavored","3.69","0.0","","11.25 oz","11.25 oz","17603.jpg",,"5"
"13022","Breakfast & Dairy","Breakfast & Cereal","Cereal","Essentials Everyday","Apple Crunchies Sweetened Multi grain Cereal","Apple Crunchies Sweetened Multi grain Cereal","2.49","0.0","","12.2 oz","12.2 oz","No Image.jpg",,"5"
"13023","Breakfast & Dairy","Breakfast & Cereal","Cereal","Fiber One","Fiber One Cereal, Honey Clusters, with Whole Grain and Real Honey","Fiber One Cereal, Honey Clusters, with Whole Grain and Real Honey","4.89","0.0","","14.25 oz","14.25 oz","17624.jpg",,"5"
"13024","Breakfast & Dairy","Breakfast & Cereal","Cereal","Fiber One","Fiber One Cereal, Original Bran, Whole Grain","Fiber One Cereal, Original Bran, Whole Grain","4.89","0.0","","16.2 oz","16.2 oz","17620.jpg",,"5"
"13025","Breakfast & Dairy","Breakfast & Cereal","Cereal","General Mills","General Mills Basic 4, Fruit and Nuts, Multigrain Cereal","General Mills Basic 4, Fruit and Nuts, Multigrain Cereal","4.89","0.0","","16 oz","16 oz","6092.jpg",,"5"
"13026","Breakfast & Dairy","Breakfast & Cereal","Cereal","General Mills","General Mills Cinnamon Toast Crunch Cereal","General Mills Cinnamon Toast Crunch Cereal","4.89","0.0","","20.25 oz","20.25 oz","6090.jpg",,"5"
"13027","Breakfast & Dairy","Breakfast & Cereal","Cereal","General Mills","General Mills Cinnamon Toast Crunch, Cereal with Whole Grain","General Mills Cinnamon Toast Crunch, Cereal with Whole Grain","4.89","0.0","","19.3 oz","19.3 oz","6087.jpg",,"5"
"13028","Breakfast & Dairy","Breakfast & Cereal","Cereal","General Mills","General Mills Cinnamon Toast Crunch, Cereal, with Whole Grain","General Mills Cinnamon Toast Crunch, Cereal, with Whole Grain","4.89","0.0","","16.2 oz","16.2 oz","6093.jpg",,"5"
"13029","Breakfast & Dairy","Breakfast & Cereal","Cereal","General Mills","General Mills French Toast Crunch Cereal","General Mills French Toast Crunch Cereal","4.29","0.0","","11.6 oz","11.6 oz","6089.jpg",,"5"
"13030","Breakfast & Dairy","Breakfast & Cereal","Cereal","Golden Grahams","Golden Grahams Cereal, Graham Cracker Taste, with Whole Grain","Golden Grahams Cereal, Graham Cracker Taste, with Whole Grain","3.69","0.0","","12 oz","12 oz","17573.jpg",,"5"
"13031","Breakfast & Dairy","Breakfast & Cereal","Cereal","Hannaford","Hannaford Apple Dapples Cereal","Hannaford Apple Dapples Cereal","3.69","0.0","","1.5 oz","1.5 oz","No Image.jpg",,"5"
"13032","Breakfast & Dairy","Breakfast & Cereal","Cereal","Honey Bunches","Honey Bunches Of Oats Crispy with Almonds Cereal","Honey Bunches Of Oats Crispy with Almonds Cereal","4.89","0.0","","27 oz","27 oz","17566.jpg",,"5"
"13033","Breakfast & Dairy","Breakfast & Cereal","Cereal","Honey Bunches","Honey Bunches Of Oats Crunchy Honey Roasted Cereal","Honey Bunches Of Oats Crunchy Honey Roasted Cereal","4.89","0.0","","27 oz","27 oz","17549.jpg",,"5"
"13034","Breakfast & Dairy","Breakfast & Cereal","Cereal","Honey Bunches","Honey Bunches Of Oats Honey Bunches of Oats Cinnamon Bunches Cereal","Honey Bunches Of Oats Honey Bunches of Oats Cinnamon Bunches Cereal","3.69","0.0","","14.5 oz","14.5 oz","17557.jpg",,"5"
"13035","Breakfast & Dairy","Breakfast & Cereal","Cereal","Honey Bunches","Honey Bunches Of Oats Honey Bunches of Oats with Real Strawberries Cereal","Honey Bunches Of Oats Honey Bunches of Oats with Real Strawberries Cereal","3.69","0.0","","13 oz","13 oz","17556.jpg",,"5"
"13036","Breakfast & Dairy","Breakfast & Cereal","Cereal","Honey Bunches","Honey Bunches Of Oats Honey Roasted Cereal","Honey Bunches Of Oats Honey Roasted Cereal","3.69","0.0","","14.5 oz","14.5 oz","17544.jpg",,"5"
"13037","Breakfast & Dairy","Breakfast & Cereal","Cereal","Kashi","Kashi Cereal Autumn Wheat","Kashi Cereal Autumn Wheat","3.69","0.0","","16.3 oz","16.3 oz","6098.jpg",,"5"
"13038","Breakfast & Dairy","Breakfast & Cereal","Cereal","Kashi","Kashi Cereal Blueberry Clusters","Kashi Cereal Blueberry Clusters","3.69","0.0","","13.4 oz","13.4 oz","6097.jpg",,"5"
"13039","Breakfast & Dairy","Breakfast & Cereal","Cereal","Kashi","Kashi Cereal Cinnamon Harvest","Kashi Cereal Cinnamon Harvest","3.69","0.0","","16.3 oz","16.3 oz","6094.jpg",,"5"
"13040","Breakfast & Dairy","Breakfast & Cereal","Cereal","Kashi","Kashi Cereal Honey Toasted Oat","Kashi Cereal Honey Toasted Oat","3.69","0.0","","12 oz","12 oz","6096.jpg",,"5"
"13041","Breakfast & Dairy","Breakfast & Cereal","Cereal","Kashi","Kashi Cereal Island Vanilla","Kashi Cereal Island Vanilla","3.09","0.0","","16.3 oz","16.3 oz","6095.jpg",,"5"
"13042","Breakfast & Dairy","Breakfast & Cereal","Cereal","Kashi","Kashi Cereal Warm Cinnamon Oat","Kashi Cereal Warm Cinnamon Oat","4.09","0.0","","12 oz","12 oz","6099.jpg",,"5"
"13043","Breakfast & Dairy","Breakfast & Cereal","Cereal","Kashi","Kashi GOLEAN Breakfast Cereal Cinnamon Crisp","Kashi GOLEAN Breakfast Cereal Cinnamon Crisp","3.69","0.0","","14 oz","14 oz","17615.jpg",,"5"
"13044","Breakfast & Dairy","Breakfast & Cereal","Cereal","Kashi","Kashi GOLEAN Breakfast Cereal Honey Almond Flax Crunch","Kashi GOLEAN Breakfast Cereal Honey Almond Flax Crunch","4.09","0.0","","14 oz","14 oz","17574.jpg",,"5"
"13045","Breakfast & Dairy","Breakfast & Cereal","Cereal","Kashi","Kashi GOLEAN Breakfast Cereal Original","Kashi GOLEAN Breakfast Cereal Original","3.69","0.0","","13.1 oz","13.1 oz","17618.jpg",,"5"
"13046","Breakfast & Dairy","Breakfast & Cereal","Cereal","Kashi","Kashi GOLEAN Breakfast Cereal Original","Kashi GOLEAN Breakfast Cereal Original","3.69","0.0","","13.8 oz","13.8 oz","17622.jpg",,"5"
"13047","Breakfast & Dairy","Breakfast & Cereal","Cereal","Kashi","Kashi GOLEAN Breakfast Cereal Peanut Butter Crunch","Kashi GOLEAN Breakfast Cereal Peanut Butter Crunch","3.69","0.0","","13.2 oz","13.2 oz","17596.jpg",,"5"
"13048","Breakfast & Dairy","Breakfast & Cereal","Cereal","Kashi","Kashi GOLEAN Breakfast Cereal Toasted Berry Crisp","Kashi GOLEAN Breakfast Cereal Toasted Berry Crisp","3.69","0.0","","14 oz","14 oz","17619.jpg",,"5"
"13049","Breakfast & Dairy","Breakfast & Cereal","Cereal","Kellogg's","Kellogg's All Bran Breakfast Cereal Original","Kellogg's All Bran Breakfast Cereal Original","4.86","0.0","","18.6 oz","18.6 oz","17627.jpg",,"5"
"13050","Breakfast & Dairy","Breakfast & Cereal","Cereal","Kellogg's","Kellogg's Apple Jacks Breakfast Cereal Original","Kellogg's Apple Jacks Breakfast Cereal Original","3.75","0.0","","10.1 oz","10.1 oz","17583.jpg",,"5"
"13051","Breakfast & Dairy","Breakfast & Cereal","Cereal","Kellogg's","Kellogg's Apple Jacks Original","Kellogg's Apple Jacks Original","4.99","0.0","","21.7 oz","21.7 oz","17590.jpg",,"5"
"13052","Breakfast & Dairy","Breakfast & Cereal","Cereal","Kellogg's","Kellogg's Breakfast Cereal Assorted Variety Pack","Kellogg's Breakfast Cereal Assorted Variety Pack","3.13","0.0","","10 x 10.94 oz","10 x 10.94 oz","6070.jpg",,"5"
"13053","Breakfast & Dairy","Breakfast & Cereal","Cereal","Kellogg's","Kellogg's Breakfast Cereal Cracklin' Oat Bran Original","Kellogg's Breakfast Cereal Cracklin' Oat Bran Original","4.86","0.0","","16.5 oz","16.5 oz","6072.jpg",,"5"
"13054","Breakfast & Dairy","Breakfast & Cereal","Cereal","Kellogg's","Kellogg's Breakfast Cereal Frosted Flakes Original","Kellogg's Breakfast Cereal Frosted Flakes Original","4.99","0.0","","24 oz","24 oz","6068.jpg",,"5"
"13055","Breakfast & Dairy","Breakfast & Cereal","Cereal","Kellogg's","Kellogg's Breakfast Cereal Frosted Flakes Original","Kellogg's Breakfast Cereal Frosted Flakes Original","3.75","0.0","","13.5 oz","13.5 oz","6071.jpg",,"5"
"13056","Breakfast & Dairy","Breakfast & Cereal","Cereal","Kellogg's","Kellogg's Breakfast Cereal Frosted Flakes Original","Kellogg's Breakfast Cereal Frosted Flakes Original","4.38","0.0","","19 oz","19 oz","6073.jpg",,"5"
"13057","Breakfast & Dairy","Breakfast & Cereal","Cereal","Kellogg's","Kellogg's Breakfast Cereal Frosted Mini Wheats Original","Kellogg's Breakfast Cereal Frosted Mini Wheats Original","3.75","0.0","","18 oz","18 oz","6067.jpg",,"5"
"13058","Breakfast & Dairy","Breakfast & Cereal","Cereal","Kellogg's","Kellogg's Breakfast Cereal Frosted Mini Wheats Original","Kellogg's Breakfast Cereal Frosted Mini Wheats Original","3.75","0.0","","15.2 oz","15.2 oz","6074.jpg",,"5"
"13059","Breakfast & Dairy","Breakfast & Cereal","Cereal","Kellogg's","Kellogg's Breakfast Cereal Frosted Mini Wheats Strawberry","Kellogg's Breakfast Cereal Frosted Mini Wheats Strawberry","3.75","0.0","","15.5 oz","15.5 oz","6069.jpg",,"5"
"13060","Breakfast & Dairy","Breakfast & Cereal","Cereal","Kellogg's","Kellogg's Breakfast Cereal Mueslix Original","Kellogg's Breakfast Cereal Mueslix Original","4.86","0.0","","16.2 oz","16.2 oz","6075.jpg",,"5"
"13061","Breakfast & Dairy","Breakfast & Cereal","Cereal","Kellogg's","Kellogg's Cocoa Krispies Cereal","Kellogg's Cocoa Krispies Cereal","3.69","0.0","","15.5 oz","15.5 oz","6083.jpg",,"5"
"13062","Breakfast & Dairy","Breakfast & Cereal","Cereal","Kellogg's","Kellogg's Corn Flakes Breakfast Cereal Original","Kellogg's Corn Flakes Breakfast Cereal Original","4.29","0.0","","18 oz","18 oz","17595.jpg",,"5"
"13063","Breakfast & Dairy","Breakfast & Cereal","Cereal","Kellogg's","Kellogg's Corn Flakes Breakfast Cereal Original","Kellogg's Corn Flakes Breakfast Cereal Original","4.09","0.0","","12 oz","12 oz","17616.jpg",,"5"
"13064","Breakfast & Dairy","Breakfast & Cereal","Cereal","Kellogg's","Kellogg's Corn Pops Breakfast Cereal Original","Kellogg's Corn Pops Breakfast Cereal Original","3.75","0.0","","10 oz","10 oz","17602.jpg",,"5"
"13065","Breakfast & Dairy","Breakfast & Cereal","Cereal","Kellogg's","Kellogg's Crispix Breakfast Cereal Original","Kellogg's Crispix Breakfast Cereal Original","3.75","0.0","","12 oz","12 oz","17576.jpg",,"5"
"13066","Breakfast & Dairy","Breakfast & Cereal","Cereal","Kellogg's","Kellogg's Froot Loops Breakfast Cereal in a Cup Original","Kellogg's Froot Loops Breakfast Cereal in a Cup Original","1.29","0.0","","1.5 oz","1.5 oz","17606.jpg",,"5"
"13067","Breakfast & Dairy","Breakfast & Cereal","Cereal","Kellogg's","Kellogg's Froot Loops Breakfast Cereal Original","Kellogg's Froot Loops Breakfast Cereal Original","4.38","0.0","","14.7 oz","14.7 oz","17570.jpg",,"5"
"13068","Breakfast & Dairy","Breakfast & Cereal","Cereal","Kellogg's","Kellogg's Froot Loops Breakfast Cereal Original","Kellogg's Froot Loops Breakfast Cereal Original","4.89","0.0","","19.4 oz","19.4 oz","17598.jpg",,"5"
"13069","Breakfast & Dairy","Breakfast & Cereal","Cereal","Kellogg's","Kellogg's Froot Loops Original","Kellogg's Froot Loops Original","4.89","0.0","","21.7 oz","21.7 oz","17597.jpg",,"5"
"13070","Breakfast & Dairy","Breakfast & Cereal","Cereal","Kellogg's","Kellogg's Frosted Flakes Cereal","Kellogg's Frosted Flakes Cereal","4.38","0.0","","19.2 oz","19.2 oz","No Image.jpg",,"5"
"13071","Breakfast & Dairy","Breakfast & Cereal","Cereal","Kellogg's","Kellogg's Frosted Mini Wheats Breakfast Cereal Original","Kellogg's Frosted Mini Wheats Breakfast Cereal Original","4.89","0.0","","24 oz","24 oz","17561.jpg",,"5"
"13072","Breakfast & Dairy","Breakfast & Cereal","Cereal","Kellogg's","Kellogg's Krave Breakfast Cereal Chocolate","Kellogg's Krave Breakfast Cereal Chocolate","3.75","0.0","","11.4 oz","11.4 oz","17558.jpg",,"5"
"13073","Breakfast & Dairy","Breakfast & Cereal","Cereal","Kellogg's","Kellogg's Krave Breakfast Cereal Double Chocolate","Kellogg's Krave Breakfast Cereal Double Chocolate","2.5","0.0","","11 oz","11 oz","17582.jpg",,"5"
"13074","Breakfast & Dairy","Breakfast & Cereal","Cereal","Kellogg's","Kellogg's Nutri Grain Soft Baked Breakfast Bars Variety Pack","Kellogg's Nutri Grain Soft Baked Breakfast Bars Variety Pack","4.89","0.0","","8 x 10.4 oz","8 x 10.4 oz","17569.jpg",,"5"
"13075","Breakfast & Dairy","Breakfast & Cereal","Cereal","Kellogg's","Kellogg's Raisin Bran Breakfast Cereal Original","Kellogg's Raisin Bran Breakfast Cereal Original","4.59","0.0","","23.5 oz","23.5 oz","17560.jpg",,"5"
"13076","Breakfast & Dairy","Breakfast & Cereal","Cereal","Kellogg's","Kellogg's Raisin Bran Breakfast Cereal Original","Kellogg's Raisin Bran Breakfast Cereal Original","3.75","0.0","","16.6 oz","16.6 oz","17542.jpg",,"5"
"13077","Breakfast & Dairy","Breakfast & Cereal","Cereal","Kellogg's","Kellogg's Raisin Bran Crunch Breakfast Cereal Original","Kellogg's Raisin Bran Crunch Breakfast Cereal Original","4.89","0.0","","24.8 oz","24.8 oz","17553.jpg",,"5"
"13078","Breakfast & Dairy","Breakfast & Cereal","Cereal","Kellogg's","Kellogg's Raisin Bran Crunch Breakfast Cereal Original","Kellogg's Raisin Bran Crunch Breakfast Cereal Original","4.69","0.0","","18.2 oz","18.2 oz","17600.jpg",,"5"
"13079","Breakfast & Dairy","Breakfast & Cereal","Cereal","Kellogg's","Kellogg's Rice Krispies Breakfast Cereal Original","Kellogg's Rice Krispies Breakfast Cereal Original","4.89","0.0","","18 oz","18 oz","17563.jpg",,"5"
"13080","Breakfast & Dairy","Breakfast & Cereal","Cereal","Kellogg's","Kellogg's Rice Krispies Breakfast Cereal Original","Kellogg's Rice Krispies Breakfast Cereal Original","3.75","0.0","","12 oz","12 oz","17567.jpg",,"5"
"13081","Breakfast & Dairy","Breakfast & Cereal","Cereal","Kellogg's","Kellogg's Smart Start Breakfast Cereal Original Antioxidants","Kellogg's Smart Start Breakfast Cereal Original Antioxidants","4.86","0.0","","18.2 oz","18.2 oz","17593.jpg",,"5"
"13082","Breakfast & Dairy","Breakfast & Cereal","Cereal","Kellogg's","Kellogg's Special K Breakfast Cereal Chocolate and Almond","Kellogg's Special K Breakfast Cereal Chocolate and Almond","3.69","0.0","","12.7 oz","12.7 oz","6048.jpg",,"5"
"13083","Breakfast & Dairy","Breakfast & Cereal","Cereal","Kellogg's","Kellogg's Special K Breakfast Cereal Chocolatey Delight","Kellogg's Special K Breakfast Cereal Chocolatey Delight","3.75","0.0","","13.1 oz","13.1 oz","6039.jpg",,"5"
"13084","Breakfast & Dairy","Breakfast & Cereal","Cereal","Kellogg's","Kellogg's Special K Breakfast Cereal Cinnamon and Pecan","Kellogg's Special K Breakfast Cereal Cinnamon and Pecan","3.75","0.0","","12.1 oz","12.1 oz","6047.jpg",,"5"
"13085","Breakfast & Dairy","Breakfast & Cereal","Cereal","Kellogg's","Kellogg's Special K Breakfast Cereal Fruit and Yogurt","Kellogg's Special K Breakfast Cereal Fruit and Yogurt","3.75","0.0","","13 oz","13 oz","6046.jpg",,"5"
"13086","Breakfast & Dairy","Breakfast & Cereal","Cereal","Kellogg's","Kellogg's Special K Breakfast Cereal Honey Oat","Kellogg's Special K Breakfast Cereal Honey Oat","3.69","0.0","","13.1 oz","13.1 oz","6045.jpg",,"5"
"13087","Breakfast & Dairy","Breakfast & Cereal","Cereal","Kellogg's","Kellogg's Special K Breakfast Cereal Original","Kellogg's Special K Breakfast Cereal Original","4.89","0.0","","18 oz","18 oz","6040.jpg",,"5"
"13088","Breakfast & Dairy","Breakfast & Cereal","Cereal","Kellogg's","Kellogg's Special K Breakfast Cereal Original","Kellogg's Special K Breakfast Cereal Original","3.75","0.0","","12 oz","12 oz","6044.jpg",,"5"
"13089","Breakfast & Dairy","Breakfast & Cereal","Cereal","Kellogg's","Kellogg's Special K Breakfast Cereal Red Berries","Kellogg's Special K Breakfast Cereal Red Berries","5.0","0.0","","16.9 oz","16.9 oz","6037.jpg",,"5"
"13090","Breakfast & Dairy","Breakfast & Cereal","Cereal","Kellogg's","Kellogg's Special K Breakfast Cereal Red Berries","Kellogg's Special K Breakfast Cereal Red Berries","4.29","0.0","","11.2 oz","11.2 oz","6038.jpg",,"5"
"13091","Breakfast & Dairy","Breakfast & Cereal","Cereal","Kellogg's","Kellogg's Special K Breakfast Cereal Vanilla and Almond","Kellogg's Special K Breakfast Cereal Vanilla and Almond","4.89","0.0","","18.8 oz","18.8 oz","6042.jpg",,"5"
"13092","Breakfast & Dairy","Breakfast & Cereal","Cereal","Kellogg's","Kellogg's Special K Breakfast Cereal Vanilla and Almond","Kellogg's Special K Breakfast Cereal Vanilla and Almond","3.69","0.0","","12.4 oz","12.4 oz","6043.jpg",,"5"
"13093","Breakfast & Dairy","Breakfast & Cereal","Cereal","Kellogg's","Kellogg's Special K Fruit & Yogurt Cereal","Kellogg's Special K Fruit & Yogurt Cereal","4.89","0.0","","16.6 oz","16.6 oz","6085.jpg",,"5"
"13094","Breakfast & Dairy","Breakfast & Cereal","Cereal","Kellogg's","Kellogg's Special K Granola Cranberry Cereal","Kellogg's Special K Granola Cranberry Cereal","3.69","0.0","","10.6 oz","10.6 oz","6086.jpg",,"5"
"13095","Breakfast & Dairy","Breakfast & Cereal","Cereal","Kellogg's","Kellogg's Special K Protein Breakfast Cereal Cinnamon Brown Sugar Crunch","Kellogg's Special K Protein Breakfast Cereal Cinnamon Brown Sugar Crunch","3.75","0.0","","13.3 oz","13.3 oz","17594.jpg",,"5"
"13096","Breakfast & Dairy","Breakfast & Cereal","Cereal","Kellogg's","Kellogg's Special K Protein Breakfast Cereal Original Multi Grain Touch of Cinnamon","Kellogg's Special K Protein Breakfast Cereal Original Multi Grain Touch of Cinnamon","3.75","0.0","","13.3 oz","13.3 oz","17562.jpg",,"5"
"13097","Breakfast & Dairy","Breakfast & Cereal","Cereal","Kellogg's","Kellogg's Special K Vanilla Almond Cereal","Kellogg's Special K Vanilla Almond Cereal","4.89","0.0","","16.3 oz","16.3 oz","6084.jpg",,"5"
"13098","Breakfast & Dairy","Breakfast & Cereal","Cereal","KIND","Kind Healthy Grains Cinnamon Oat Granola Bars","Kind Healthy Grains Cinnamon Oat Granola Bars","4.89","0.0","","5 x 1.2 oz","5 x 1.2 oz","17585.jpg",,"5"
"13099","Breakfast & Dairy","Breakfast & Cereal","Cereal","Kix","Kix Cereal","Kix Cereal","4.19","0.0","","12 oz","12 oz","17591.jpg",,"5"
"13100","Breakfast & Dairy","Breakfast & Cereal","Cereal","Lucky Charms","Lucky Charms Gluten Free Breakfast Cereal","Lucky Charms Gluten Free Breakfast Cereal","4.39","0.0","","16 oz","16 oz","17554.jpg",,"5"
"13101","Breakfast & Dairy","Breakfast & Cereal","Cereal","Lucky Charms","Lucky Charms Gluten Free Cereal","Lucky Charms Gluten Free Cereal","4.89","0.0","","11.5 oz","11.5 oz","17625.jpg",,"5"
"13102","Breakfast & Dairy","Breakfast & Cereal","Cereal","Lucky Charms","Lucky Charms Gluten Free Marshmallow Cereal with Unicorns","Lucky Charms Gluten Free Marshmallow Cereal with Unicorns","4.89","0.0","","19.3 oz","19.3 oz","17552.jpg",,"5"
"13103","Breakfast & Dairy","Breakfast & Cereal","Cereal","Lucky Charms","Lucky Charms Marshmallow Cereal with Unicorns, Gluten Free","Lucky Charms Marshmallow Cereal with Unicorns, Gluten Free","4.39","0.0","","14.9 oz","14.9 oz","17555.jpg",,"5"
"13104","Breakfast & Dairy","Breakfast & Cereal","Cereal","Lucky Charms","Lucky Charms Marshmallow Cereal with Unicorns, Gluten Free","Lucky Charms Marshmallow Cereal with Unicorns, Gluten Free","4.89","0.0","","20.5 oz","20.5 oz","17571.jpg",,"5"
"13105","Breakfast & Dairy","Breakfast & Cereal","Cereal","Malt-O-Meal","Malt O Meal Cereal","Malt O Meal Cereal","3.09","0.0","","15.6 oz","15.6 oz","17584.jpg",,"5"
"13106","Breakfast & Dairy","Breakfast & Cereal","Cereal","Malt-O-Meal","Malt O Meal Cereal","Malt O Meal Cereal","3.09","0.0","","17 oz","17 oz","17592.jpg",,"5"
"13107","Breakfast & Dairy","Breakfast & Cereal","Cereal","Malt-O-Meal","Malt O Meal Cereal","Malt O Meal Cereal","3.69","0.0","","24.5 oz","24.5 oz","17609.jpg",,"5"
"13108","Breakfast & Dairy","Breakfast & Cereal","Cereal","Market Basket","Market Basket Apples & Cinnamon","Market Basket Apples & Cinnamon","2.49","0.0","","7.9 oz","7.9 oz","Market Basket.jpg",,"5"
"13109","Breakfast & Dairy","Breakfast & Cereal","Cereal","Market Basket","Market Basket Brand Crispy Rice Cereal","Market Basket Brand Crispy Rice Cereal","4.29","0.0","","18 oz","18 oz","Market Basket.jpg",,"5"
"13110","Breakfast & Dairy","Breakfast & Cereal","Cereal","Market Basket","Market Basket Corn Flakes","Market Basket Corn Flakes","3.09","0.0","","24 oz","24 oz","Market Basket.jpg",,"5"
"13111","Breakfast & Dairy","Breakfast & Cereal","Cereal","Market Basket","Market Basket Crispy Hexx Cereal","Market Basket Crispy Hexx Cereal","3.69","0.0","","12 oz","12 oz","Market Basket.jpg",,"5"
"13112","Breakfast & Dairy","Breakfast & Cereal","Cereal","Market Basket","Market Basket Frosted Flakes","Market Basket Frosted Flakes","3.09","0.0","","15 oz","15 oz","Market Basket.jpg",,"5"
"13113","Breakfast & Dairy","Breakfast & Cereal","Cereal","Market Basket","Market Basket Frosted Flakes Cereal","Market Basket Frosted Flakes Cereal","3.09","0.0","","19 oz","19 oz","Market Basket.jpg",,"5"
"13114","Breakfast & Dairy","Breakfast & Cereal","Cereal","Market Basket","Market Basket Frosted Flakes Cereal","Market Basket Frosted Flakes Cereal","3.69","0.0","","28 oz","28 oz","Market Basket.jpg",,"5"
"13115","Breakfast & Dairy","Breakfast & Cereal","Cereal","Market Basket","Market Basket Healthy Mornings Crispy Rice And With Wheat Flakes With Strawberries","Market Basket Healthy Mornings Crispy Rice And With Wheat Flakes With Strawberries","3.09","0.0","","11 oz","11 oz","Market Basket.jpg",,"5"
"13116","Breakfast & Dairy","Breakfast & Cereal","Cereal","Market Basket","Market Basket Oats And Honey","Market Basket Oats And Honey","3.69","0.0","","14.5 oz","14.5 oz","Market Basket.jpg",,"5"
"13117","Breakfast & Dairy","Breakfast & Cereal","Cereal","Market Basket","Market Basket Quick Oats","Market Basket Quick Oats","1.89","0.0","","18 oz","18 oz","Market Basket.jpg",,"5"
"13118","Breakfast & Dairy","Breakfast & Cereal","Cereal","Market Basket","Oatmeal","Oatmeal","3.09","0.0","","1 lb","1 lb","Market Basket.jpg",,"5"
"13119","Breakfast & Dairy","Breakfast & Cereal","Cereal","Meijer","Apple Cinnamon Toasted Oats","Apple Cinnamon Toasted Oats","24.39","0.0","","1 lb","1 lb","No Image.jpg",,"5"
"13120","Breakfast & Dairy","Breakfast & Cereal","Cereal","Mi Familia","Mi Familia Muesli, Swiss, Original Recipe","Mi Familia Muesli, Swiss, Original Recipe","4.69","0.0","","12 oz","12 oz","17572.jpg",,"5"
"13121","Breakfast & Dairy","Breakfast & Cereal","Cereal","Mi Familia","Mi Familia Swiss Muesli Cereal No Added Sugar","Mi Familia Swiss Muesli Cereal No Added Sugar","4.69","0.0","","12 oz","12 oz","17623.jpg",,"5"
"13122","Breakfast & Dairy","Breakfast & Cereal","Cereal","Naked","Bear Naked Honey Almond","Bear Naked Honey Almond","4.39","0.0","","11.2 oz","11.2 oz","No Image.jpg",,"5"
"13123","Breakfast & Dairy","Breakfast & Cereal","Cereal","Nature's Path","Nature's Path NP EK Gorilla Munch Cereal","Nature's Path NP EK Gorilla Munch Cereal","4.89","0.0","","10 oz","10 oz","17614.jpg",,"5"
"13124","Breakfast & Dairy","Breakfast & Cereal","Cereal","Post ","Post Fruity Pebbles","Post Fruity Pebbles","3.75","0.0","","15 oz","15 oz","6049.jpg",,"5"
"13125","Breakfast & Dairy","Breakfast & Cereal","Cereal","Post ","Post Cereal","Post Cereal","4.89","0.0","","20.5 oz","20.5 oz","6052.jpg",,"5"
"13126","Breakfast & Dairy","Breakfast & Cereal","Cereal","Post ","Post Cereal with Almonds Cereal","Post Cereal with Almonds Cereal","4.29","0.0","","18 oz","18 oz","6050.jpg",,"5"
"13127","Breakfast & Dairy","Breakfast & Cereal","Cereal","Post ","Post Great Grains Cranberry Almond Crunch Cereal","Post Great Grains Cranberry Almond Crunch Cereal","3.75","0.0","","14 oz","14 oz","6055.jpg",,"5"
"13128","Breakfast & Dairy","Breakfast & Cereal","Cereal","Post ","Post Great Grains Crunchy Pecan Cereal","Post Great Grains Crunchy Pecan Cereal","3.75","0.0","","16 oz","16 oz","6058.jpg",,"5"
"13129","Breakfast & Dairy","Breakfast & Cereal","Cereal","Post ","Post Great Grains Raisins, Dates & Pecans Cereal","Post Great Grains Raisins, Dates & Pecans Cereal","3.75","0.0","","16 oz","16 oz","17551.jpg",,"5"
"13130","Breakfast & Dairy","Breakfast & Cereal","Cereal","Post ","Post Honey Bunches Of Oats Honey Roasted","Post Honey Bunches Of Oats Honey Roasted","3.75","0.0","","18 oz","18 oz","No Image.jpg",,"5"
"13131","Breakfast & Dairy","Breakfast & Cereal","Cereal","Post ","Post Original Shredded Wheat Cereal","Post Original Shredded Wheat Cereal","3.75","0.0","","16.4 oz","16.4 oz","6054.jpg",,"5"
"13132","Breakfast & Dairy","Breakfast & Cereal","Cereal","Post ","Post Raisin Bran Cereal","Post Raisin Bran Cereal","3.75","0.0","","20 oz","20 oz","6051.jpg",,"5"
"13133","Breakfast & Dairy","Breakfast & Cereal","Cereal","Post ","Post Shredded Wheat Wheat N Bran Spoon Size Shredded Wheat Cereal","Post Shredded Wheat Wheat N Bran Spoon Size Shredded Wheat Cereal","3.75","0.0","","18 oz","18 oz","17550.jpg",,"5"
"13134","Breakfast & Dairy","Breakfast & Cereal","Cereal","Post ","Post The Original Cereal","Post The Original Cereal","3.69","0.0","","20.5 oz","20.5 oz","6053.jpg",,"5"
"13135","Breakfast & Dairy","Breakfast & Cereal","Cereal","Post ","Post Honey Bunches of Oats With Almonds Cereal","Post Honey Bunches of Oats With Almonds Cereal","3.75","0.0","","14.5 oz","14.5 oz","6057.jpg",,"5"
"13136","Breakfast & Dairy","Breakfast & Cereal","Cereal","Puffs","Cocoa Puffs Chocolate Cereal, with Whole Grains","Cocoa Puffs Chocolate Cereal, with Whole Grains","3.69","0.0","","20.9 oz","20.9 oz","17565.jpg",,"5"
"13137","Breakfast & Dairy","Breakfast & Cereal","Cereal","Puffs","Cocoa Puffs Chocolate Cereal, with Whole Grains","Cocoa Puffs Chocolate Cereal, with Whole Grains","4.39","0.0","","11.8 oz","11.8 oz","17604.jpg",,"5"
"13138","Breakfast & Dairy","Breakfast & Cereal","Cereal","Puffs","Cocoa Puffs Chocolate Cereal, with Whole Grains","Cocoa Puffs Chocolate Cereal, with Whole Grains","4.39","0.0","","16.5 oz","16.5 oz","17612.jpg",,"5"
"13139","Breakfast & Dairy","Breakfast & Cereal","Cereal","Puffs","Nature's Path NP EK Panda Puffs Cereal","Nature's Path NP EK Panda Puffs Cereal","4.89","0.0","","10.6 oz","10.6 oz","17608.jpg",,"5"
"13140","Breakfast & Dairy","Breakfast & Cereal","Cereal","Quaker","Quaker Honey Graham Oh's Cereal","Quaker Honey Graham Oh's Cereal","2.79","0.0","","10.5 oz","10.5 oz","6078.jpg",,"5"
"13141","Breakfast & Dairy","Breakfast & Cereal","Cereal","Quaker","Quaker Life Cinnamon Cereal","Quaker Life Cinnamon Cereal","7.39","0.0","","18 oz","18 oz","6079.jpg",,"5"
"13142","Breakfast & Dairy","Breakfast & Cereal","Cereal","Quaker","Quaker Life Original Multigrain Cereal","Quaker Life Original Multigrain Cereal","3.69","0.0","","18 oz","18 oz","6077.jpg",,"5"
"13143","Breakfast & Dairy","Breakfast & Cereal","Cereal","Quaker","Quaker Oatmeal Squares Brown Sugar","Quaker Oatmeal Squares Brown Sugar","4.59","0.0","","14.5 oz","14.5 oz","6080.jpg",,"5"
"13144","Breakfast & Dairy","Breakfast & Cereal","Cereal","Quaker","Quaker Oatmeal Squares Cinnamon","Quaker Oatmeal Squares Cinnamon","4.59","0.0","","14.5 oz","14.5 oz","6081.jpg",,"5"
"13145","Breakfast & Dairy","Breakfast & Cereal","Cereal","Quaker","Quaker Oatmeal Squares Honey Nut","Quaker Oatmeal Squares Honey Nut","4.59","0.0","","14.5 oz","14.5 oz","6082.jpg",,"5"
"13146","Breakfast & Dairy","Breakfast & Cereal","Cereal","Raisin Nut Bran","Raisin Nut Bran Cereal","Raisin Nut Bran Cereal","4.89","0.0","","17.1 oz","17.1 oz","17577.jpg",,"5"
"13147","Breakfast & Dairy","Breakfast & Cereal","Cereal","Reese's","General Mills Reese's Puffs Cereal, Chocolate Peanut Butter, with Whole Grain","General Mills Reese's Puffs Cereal, Chocolate Peanut Butter, with Whole Grain","4.89","0.0","","22.9 oz","22.9 oz","6088.jpg",,"5"
"13148","Breakfast & Dairy","Breakfast & Cereal","Cereal","Reese's","Reese's Puffs Reese's Peanut Butter Puffs Cereal","Reese's Puffs Reese's Peanut Butter Puffs Cereal","3.09","0.0","","13 oz","13 oz","17588.jpg",,"5"
"13149","Breakfast & Dairy","Breakfast & Cereal","Cereal","Special K","Special K Cereal, Chocolately Delight, Value Size","Special K Cereal, Chocolately Delight, Value Size","4.59","0.0","","16.5 oz","16.5 oz","17611.jpg",,"5"
"13150","Breakfast & Dairy","Breakfast & Cereal","Cereal","Total","Total Whole Grain Cereal","Total Whole Grain Cereal","3.69","0.0","","10.6 oz","10.6 oz","17617.jpg",,"5"
"13151","Breakfast & Dairy","Breakfast & Cereal","Cereal","Wheaties","Wheaties Whole Grain Flakes Cereal","Wheaties Whole Grain Flakes Cereal","4.89","0.0","","15.6 oz","15.6 oz","17586.jpg",,"5"
"13152","Breakfast & Dairy","Breakfast & Cereal","Granola","Cascadian Farm","Cascadian Farm Organic Granola, Oats and Honey Cereal","Cascadian Farm Organic Granola, Oats and Honey Cereal","4.89","0.0","","16 oz","16 oz","6190.jpg",,"5"
"13153","Breakfast & Dairy","Breakfast & Cereal","Granola","KIND","Kind Healthy Grains Granola Oats & Honey Clusters With Toasted Coconut","Kind Healthy Grains Granola Oats & Honey Clusters With Toasted Coconut","6.09","0.0","","11 oz","11 oz","6185.jpg",,"5"
"13154","Breakfast & Dairy","Breakfast & Cereal","Granola","KIND","Kind Healthy Grains Granola Vanilla Blueberry Clusters With Flax Seeds","Kind Healthy Grains Granola Vanilla Blueberry Clusters With Flax Seeds","6.09","0.0","","11 oz","11 oz","6187.jpg",,"5"
"13155","Breakfast & Dairy","Breakfast & Cereal","Granola","KIND","Kind Healthy Grains Whole Grain Clusters Peanut Butter","Kind Healthy Grains Whole Grain Clusters Peanut Butter","6.09","0.0","","11 oz","11 oz","6184.jpg",,"5"
"13156","Breakfast & Dairy","Breakfast & Cereal","Granola","KIND","Kind Maple Quinoa Clusters, with Chia Seeds","Kind Maple Quinoa Clusters, with Chia Seeds","6.09","0.0","","11 oz","11 oz","6186.jpg",,"5"
"13157","Breakfast & Dairy","Breakfast & Cereal","Granola","Market Basket","Market Basket Honey And Oats Granola","Market Basket Honey And Oats Granola","3.69","0.0","","12 oz","12 oz","Market Basket.jpg",,"5"
"13158","Breakfast & Dairy","Breakfast & Cereal","Granola","Market Basket","Market Basket Organic Brown Sugar Oatmeal With Cinnamon","Market Basket Organic Brown Sugar Oatmeal With Cinnamon","3.09","0.0","","13 oz","13 oz","Market Basket.jpg",,"5"
"13159","Breakfast & Dairy","Breakfast & Cereal","Granola","Market Basket","Market Basket Pumpkin Flax Granola","Market Basket Pumpkin Flax Granola","3.69","0.0","","12 oz","12 oz","Market Basket.jpg",,"5"
"13160","Breakfast & Dairy","Breakfast & Cereal","Granola","Market Basket","Market Basket Vanilla Almond Granola","Market Basket Vanilla Almond Granola","3.69","0.0","","12 oz","12 oz","Market Basket.jpg",,"5"
"13161","Breakfast & Dairy","Breakfast & Cereal","Granola","Naked","Bear Naked Chocolate Granola","Bear Naked Chocolate Granola","4.39","0.0","","12 oz","12 oz","6178.jpg",,"5"
"13162","Breakfast & Dairy","Breakfast & Cereal","Granola","Naked","Bear Naked Fit V'nilla Almond Granola","Bear Naked Fit V'nilla Almond Granola","4.74","0.0","","12 oz","12 oz","6175.jpg",,"5"
"13163","Breakfast & Dairy","Breakfast & Cereal","Granola","Naked","Bear Naked Go Bananas Go Nuts Soft Baked Granola","Bear Naked Go Bananas Go Nuts Soft Baked Granola","4.39","0.0","","12 oz","12 oz","6176.jpg",,"5"
"13164","Breakfast & Dairy","Breakfast & Cereal","Granola","Naked","Bear Naked Granola Fruit & Nut","Bear Naked Granola Fruit & Nut","3.69","0.0","","12 oz","12 oz","6174.jpg",,"5"
"13165","Breakfast & Dairy","Breakfast & Cereal","Granola","Naked","Bear Naked Granola, Original Cinnamon","Bear Naked Granola, Original Cinnamon","4.39","0.0","","11.2 oz","11.2 oz","6173.jpg",,"5"
"13166","Breakfast & Dairy","Breakfast & Cereal","Granola","Naked","Bear Naked Vanilla Almond Soft Baked Granola","Bear Naked Vanilla Almond Soft Baked Granola","4.39","0.0","","11.2 oz","11.2 oz","6177.jpg",,"5"
"13167","Breakfast & Dairy","Breakfast & Cereal","Granola","Quaker","Quaker Natural Cereal Oats & Honey Granola","Quaker Natural Cereal Oats & Honey Granola","3.69","0.0","","14 oz","14 oz","17651.jpg",,"5"
"13168","Breakfast & Dairy","Breakfast & Cereal","Granola","Quaker","Quaker Simply Granola Oats/Honey/Almond Cereal","Quaker Simply Granola Oats/Honey/Almond Cereal","6.09","0.0","","28 oz","28 oz","6189.jpg",,"5"
"13169","Breakfast & Dairy","Breakfast & Cereal","Granola","Quaker","Quaker Simply Granola Oats/Honey/Raisins/Almond","Quaker Simply Granola Oats/Honey/Raisins/Almond","6.09","0.0","","28 oz","28 oz","6188.jpg",,"5"
"13170","Breakfast & Dairy","Breakfast & Cereal","Hot Cereal & Pancake Mixes","Aunt Jemima","Aunt Jemima Buttermilk Baking Mix","Aunt Jemima Buttermilk Baking Mix","3.69","0.0","","32 oz","32 oz","6160.jpg",,"3"
"13171","Breakfast & Dairy","Breakfast & Cereal","Hot Cereal & Pancake Mixes","Aunt Jemima","Aunt Jemima Complete Pancake & Waffle Mix ButterMilk","Aunt Jemima Complete Pancake & Waffle Mix ButterMilk","2.99","0.0","","36.7 oz","36.7 oz","6161.jpg",,"3"
"13172","Breakfast & Dairy","Breakfast & Cereal","Hot Cereal & Pancake Mixes","Aunt Jemima","Aunt Jemima Original Pancake & Waffle Mix","Aunt Jemima Original Pancake & Waffle Mix","2.99","0.0","","32 oz","32 oz","6163.jpg",,"3"
"13173","Breakfast & Dairy","Breakfast & Cereal","Hot Cereal & Pancake Mixes","Aunt Jemima","Aunt Jemima Regular Baking Mix","Aunt Jemima Regular Baking Mix","2.99","0.0","","32 oz","32 oz","6162.jpg",,"3"
"13174","Breakfast & Dairy","Breakfast & Cereal","Hot Cereal & Pancake Mixes","Betty Crocker","Betty Crocker Bisquick Baking Mix, Complete Pancake and Waffle Mix, Buttermilk with Whole Grain","Betty Crocker Bisquick Baking Mix, Complete Pancake and Waffle Mix, Buttermilk with Whole Grain","3.69","0.0","","28 oz","28 oz","6172.jpg",,"3"
"13175","Breakfast & Dairy","Breakfast & Cereal","Hot Cereal & Pancake Mixes","Betty Crocker","Betty Crocker Bisquick Heart Smart Pancake and Baking Mix","Betty Crocker Bisquick Heart Smart Pancake and Baking Mix","4.39","0.0","","40 Oz","40 Oz","17631.jpg",,"5"
"13176","Breakfast & Dairy","Breakfast & Cereal","Hot Cereal & Pancake Mixes","Betty Crocker","Betty Crocker Bisquick Pancake and Baking Mix","Betty Crocker Bisquick Pancake and Baking Mix","6.09","0.0","","60 oz","60 oz","6171.jpg",,"3"
"13177","Breakfast & Dairy","Breakfast & Cereal","Hot Cereal & Pancake Mixes","Betty Crocker","Bisquick Betty Crocker Pancake and Baking Mix, Gluten Free","Bisquick Betty Crocker Pancake and Baking Mix, Gluten Free","5.29","0.0","","16 oz","16 oz","6167.jpg",,"5"
"13178","Breakfast & Dairy","Breakfast & Cereal","Hot Cereal & Pancake Mixes","Bob's Red Mill","Bob's Red Mill Buckwheat Pancake & Waffle Whole Grain Mix","Bob's Red Mill Buckwheat Pancake & Waffle Whole Grain Mix","4.89","0.0","","26 oz","26 oz","6131.jpg",,"3"
"13179","Breakfast & Dairy","Breakfast & Cereal","Hot Cereal & Pancake Mixes","Bob's Red Mill","Bob's Red Mill Buttermilk Pancake & Waffle Whole Grain Mix","Bob's Red Mill Buttermilk Pancake & Waffle Whole Grain Mix","4.89","0.0","","26 oz","26 oz","6143.jpg",,"5"
"13180","Breakfast & Dairy","Breakfast & Cereal","Hot Cereal & Pancake Mixes","Bob's Red Mill","Bob's Red Mill Gluten Free Muesli Hot Or Cold Cereal European Style","Bob's Red Mill Gluten Free Muesli Hot Or Cold Cereal European Style","6.09","0.0","","16 oz","16 oz","6141.jpg",,"5"
"13181","Breakfast & Dairy","Breakfast & Cereal","Hot Cereal & Pancake Mixes","Bob's Red Mill","Bob's Red Mill Gluten Free Oatmeal Brown Sugar and Maple with Flax & Chia","Bob's Red Mill Gluten Free Oatmeal Brown Sugar and Maple with Flax & Chia","2.49","0.0","","2.15 oz","2.15 oz","6133.jpg",,"5"
"13182","Breakfast & Dairy","Breakfast & Cereal","Hot Cereal & Pancake Mixes","Bob's Red Mill","Bob's Red Mill Gluten Free Oatmeal Classic with Flax & Chia","Bob's Red Mill Gluten Free Oatmeal Classic with Flax & Chia","2.49","0.0","","1.81 oz","1.81 oz","6134.jpg",,"5"
"13183","Breakfast & Dairy","Breakfast & Cereal","Hot Cereal & Pancake Mixes","Bob's Red Mill","Bob's Red Mill Gluten Free Pancake Mix","Bob's Red Mill Gluten Free Pancake Mix","6.09","0.0","","22 oz","22 oz","6140.jpg",,"3"
"13184","Breakfast & Dairy","Breakfast & Cereal","Hot Cereal & Pancake Mixes","Bob's Red Mill","Bob's Red Mill Gluten Free Steel Cut Oats Whole Grain","Bob's Red Mill Gluten Free Steel Cut Oats Whole Grain","6.69","0.0","","24 oz","24 oz","6139.jpg",,"5"
"13185","Breakfast & Dairy","Breakfast & Cereal","Hot Cereal & Pancake Mixes","Bob's Red Mill","Bob's Red Mill High Fiber Oat Bran Hot Cereal","Bob's Red Mill High Fiber Oat Bran Hot Cereal","3.09","0.0","","18 oz","18 oz","6132.jpg",,"5"
"13186","Breakfast & Dairy","Breakfast & Cereal","Hot Cereal & Pancake Mixes","Bob's Red Mill","Bob's Red Mill Organic Rolled Oats Old Fashioned Whole Grain","Bob's Red Mill Organic Rolled Oats Old Fashioned Whole Grain","3.69","0.0","","16 oz","16 oz","6144.jpg",,"5"
"13187","Breakfast & Dairy","Breakfast & Cereal","Hot Cereal & Pancake Mixes","Bob's Red Mill","Bob's Red Mill Quick Cooking Oats","Bob's Red Mill Quick Cooking Oats","7.39","0.0","","32 oz","32 oz","6136.jpg",,"5"
"13188","Breakfast & Dairy","Breakfast & Cereal","Hot Cereal & Pancake Mixes","Bob's Red Mill","Bob's Red Mill Quick Cooking Steel Cut Oats","Bob's Red Mill Quick Cooking Steel Cut Oats","3.69","0.0","","22 oz","22 oz","6138.jpg",,"5"
"13189","Breakfast & Dairy","Breakfast & Cereal","Hot Cereal & Pancake Mixes","Bob's Red Mill","Bob's Red Mill Steel Cut Oats","Bob's Red Mill Steel Cut Oats","3.69","0.0","","24 oz","24 oz","6137.jpg",,"5"
"13190","Breakfast & Dairy","Breakfast & Cereal","Hot Cereal & Pancake Mixes","Bob's Red Mill","Bob's Red Mill Whole Grain Muesli","Bob's Red Mill Whole Grain Muesli","4.89","0.0","","18 oz","18 oz","6135.jpg",,"5"
"13191","Breakfast & Dairy","Breakfast & Cereal","Hot Cereal & Pancake Mixes","Bobs Red Mill","Bobs Red Mill Rolled Oats, Gluten Free, Organic, Old Fashioned","Bobs Red Mill Rolled Oats, Gluten Free, Organic, Old Fashioned","8.59","0.0","","32 oz","32 oz","17643.jpg",,"5"
"13192","Breakfast & Dairy","Breakfast & Cereal","Hot Cereal & Pancake Mixes","Carnation ","Carnation Classic French Vanilla","Carnation Classic French Vanilla","7.39","0.0","","6 x 8 fl oz","6 x 8 fl oz","17633.jpg",,"5"
"13193","Breakfast & Dairy","Breakfast & Cereal","Hot Cereal & Pancake Mixes","Chex","Chex Gluten Free Variety Pack Maple Brown Sugar/Apple Cinnamon/Original Oatmeal","Chex Gluten Free Variety Pack Maple Brown Sugar/Apple Cinnamon/Original Oatmeal","3.69","0.0","","8.84 oz","8.84 oz","17650.jpg",,"5"
"13194","Breakfast & Dairy","Breakfast & Cereal","Hot Cereal & Pancake Mixes","Cream Of Rice","Cream Of Rice Cereal, Hot, Instant","Cream Of Rice Cereal, Hot, Instant","3.69","0.0","","8 x 1.5 oz","8 x 1.5 oz","17641.jpg",,"5"
"13195","Breakfast & Dairy","Breakfast & Cereal","Hot Cereal & Pancake Mixes","Cream of Wheat","Cream of Wheat Hot Cereal","Cream of Wheat Hot Cereal","3.69","0.0","","28 oz","28 oz","6148.jpg",,"5"
"13196","Breakfast & Dairy","Breakfast & Cereal","Hot Cereal & Pancake Mixes","Cream of Wheat","Cream of Wheat Hot Cereal","Cream of Wheat Hot Cereal","3.69","0.0","","28 oz","28 oz","6149.jpg",,"5"
"13197","Breakfast & Dairy","Breakfast & Cereal","Hot Cereal & Pancake Mixes","Cream of Wheat","Cream of Wheat Instant Hot Cereal Original Flavor","Cream of Wheat Instant Hot Cereal Original Flavor","3.69","0.0","","12 oz","12 oz","6147.jpg",,"5"
"13198","Breakfast & Dairy","Breakfast & Cereal","Hot Cereal & Pancake Mixes","Cream of Wheat","Cream of Wheat Maple Brown Sugar Hot Cereal","Cream of Wheat Maple Brown Sugar Hot Cereal","4.29","0.0","","24 oz","24 oz","6145.jpg",,"5"
"13199","Breakfast & Dairy","Breakfast & Cereal","Hot Cereal & Pancake Mixes","Cream of Wheat","Cream of Wheat Original Hot Cereal","Cream of Wheat Original Hot Cereal","3.29","0.0","","14 oz","14 oz","6146.jpg",,"5"
"13200","Breakfast & Dairy","Breakfast & Cereal","Hot Cereal & Pancake Mixes","Bob's Red Mill","Bob's Red Mill Whole Grain Rolled Oats Extra Thick","Bob's Red Mill Whole Grain Rolled Oats Extra Thick","7.99","0.0","","32 oz","32 oz","6142.jpg",,"5"
"13201","Breakfast & Dairy","Breakfast & Cereal","Hot Cereal & Pancake Mixes","Kellogg's","Kellogg's Special K Cinnamon Raisin Pecan Hot Cereal","Kellogg's Special K Cinnamon Raisin Pecan Hot Cereal","3.09","0.0","","2 x 1.83 oz","2 x 1.83 oz","6169.jpg",,"5"
"13202","Breakfast & Dairy","Breakfast & Cereal","Hot Cereal & Pancake Mixes","Kellogg's","Kellogg's Special K Maple Brown Sugar Crunch Hot Cereal","Kellogg's Special K Maple Brown Sugar Crunch Hot Cereal","1.29","0.0","","1.83 oz","1.83 oz","6168.jpg",,"5"
"13203","Breakfast & Dairy","Breakfast & Cereal","Hot Cereal & Pancake Mixes","Kellogg's","Kellogg's Special K Maple Brown Sugar Crunch Hot Cereal","Kellogg's Special K Maple Brown Sugar Crunch Hot Cereal","3.09","0.0","","2 x 1.83 oz","2 x 1.83 oz","6170.jpg",,"5"
"13204","Breakfast & Dairy","Breakfast & Cereal","Hot Cereal & Pancake Mixes","King Arthur Flour","King Arthur Flour All Purpose Baking Mix Gluten Free","King Arthur Flour All Purpose Baking Mix Gluten Free","7.39","0.0","","24 oz","24 oz","17632.jpg",,"5"
"13205","Breakfast & Dairy","Breakfast & Cereal","Hot Cereal & Pancake Mixes","Krusteaz","Krusteaz Blueberry Complete Pancake Mix","Krusteaz Blueberry Complete Pancake Mix","2.49","0.0","","28 oz","28 oz","17644.jpg",,"5"
"13206","Breakfast & Dairy","Breakfast & Cereal","Hot Cereal & Pancake Mixes","Krusteaz","Krusteaz Light & Fluffy Buttermilk Complete Pancake Mix","Krusteaz Light & Fluffy Buttermilk Complete Pancake Mix","2.49","0.0","","32 oz","32 oz","17638.jpg",,"3"
"13207","Breakfast & Dairy","Breakfast & Cereal","Hot Cereal & Pancake Mixes","Malt-O-Meal","Malt O Meal Farina Original Hot Wheat Cereal","Malt O Meal Farina Original Hot Wheat Cereal","4.19","0.0","","28 oz","28 oz","17630.jpg",,"5"
"13208","Breakfast & Dairy","Breakfast & Cereal","Hot Cereal & Pancake Mixes","Maple Grove Farms","Maple Grove Farms Blueberry Pancake & Waffle Mix","Maple Grove Farms Blueberry Pancake & Waffle Mix","4.69","0.0","","24 oz","24 oz","6151.jpg",,"3"
"13209","Breakfast & Dairy","Breakfast & Cereal","Hot Cereal & Pancake Mixes","Maple Grove Farms","Maple Grove Farms Buttermilk & Honey Pancake & Waffle Mix","Maple Grove Farms Buttermilk & Honey Pancake & Waffle Mix","4.69","0.0","","24 oz","24 oz","6153.jpg",,"5"
"13210","Breakfast & Dairy","Breakfast & Cereal","Hot Cereal & Pancake Mixes","Maple Grove Farms","Maple Grove Farms Complete Pancake & Waffle Mix","Maple Grove Farms Complete Pancake & Waffle Mix","4.69","0.0","","24 oz","24 oz","6154.jpg",,"5"
"13211","Breakfast & Dairy","Breakfast & Cereal","Hot Cereal & Pancake Mixes","Maple Grove Farms","Maple Grove Farms Gluten Free Pancake & Waffle Mix","Maple Grove Farms Gluten Free Pancake & Waffle Mix","4.89","0.0","","16 oz","16 oz","6152.jpg",,"3"
"13212","Breakfast & Dairy","Breakfast & Cereal","Hot Cereal & Pancake Mixes","Maple Grove Farms","Maple Grove Farms Honey Buckwheat Pancake & Waffle Mix","Maple Grove Farms Honey Buckwheat Pancake & Waffle Mix","4.89","0.0","","24 oz","24 oz","6150.jpg",,"5"
"13213","Breakfast & Dairy","Breakfast & Cereal","Hot Cereal & Pancake Mixes","Maple Grove Farms","Maple Grove Farms Organics Organic Pancake & Waffle Mix","Maple Grove Farms Organics Organic Pancake & Waffle Mix","4.69","0.0","","16 oz","16 oz","17646.jpg",,"5"
"13214","Breakfast & Dairy","Breakfast & Cereal","Hot Cereal & Pancake Mixes","Market Basket","Market Basket Apple Crisp Instant Oatmeal","Market Basket Apple Crisp Instant Oatmeal","2.09","0.0","","10 x 1.41 oz","10 x 1.41 oz","Market Basket.jpg",,"5"
"13215","Breakfast & Dairy","Breakfast & Cereal","Hot Cereal & Pancake Mixes","Market Basket","Market Basket Buttermilk Pancake And Waffle Mix","Market Basket Buttermilk Pancake And Waffle Mix","1.89","0.0","","33 oz","33 oz","Market Basket.jpg",,"3"
"13216","Breakfast & Dairy","Breakfast & Cereal","Hot Cereal & Pancake Mixes","Market Basket","Market Basket Complete Pancake And Waffle Mix","Market Basket Complete Pancake And Waffle Mix","2.09","0.0","","32 oz","32 oz","Market Basket.jpg",,"5"
"13217","Breakfast & Dairy","Breakfast & Cereal","Hot Cereal & Pancake Mixes","Market Basket","Market Basket Instant Oatmeal Apples And Cinnamon Low Sugar","Market Basket Instant Oatmeal Apples And Cinnamon Low Sugar","3.69","0.0","","8 x 1.5 oz","8 x 1.5 oz","Market Basket.jpg",,"5"
"13218","Breakfast & Dairy","Breakfast & Cereal","Hot Cereal & Pancake Mixes","Market Basket","Market Basket Instant Oatmeal Flavor Variety","Market Basket Instant Oatmeal Flavor Variety","3.09","0.0","","10 oz","10 oz","Market Basket.jpg",,"5"
"13219","Breakfast & Dairy","Breakfast & Cereal","Hot Cereal & Pancake Mixes","Market Basket","Market Basket Instant Regular Oatmeal","Market Basket Instant Regular Oatmeal","2.09","0.0","","12 x 0.98 oz","12 x 0.98 oz","Market Basket.jpg",,"5"
"13220","Breakfast & Dairy","Breakfast & Cereal","Hot Cereal & Pancake Mixes","Market Basket","Market Basket Lower Sugar Maple Brown Sugar Instant Oatmeal","Market Basket Lower Sugar Maple Brown Sugar Instant Oatmeal","2.09","0.0","","10 x 1.19 oz","10 x 1.19 oz","Market Basket.jpg",,"5"
"13221","Breakfast & Dairy","Breakfast & Cereal","Hot Cereal & Pancake Mixes","Market Basket","Market Basket Maple Brown And Sugar Instant Oatmeal","Market Basket Maple Brown And Sugar Instant Oatmeal","3.09","0.0","","10 x 1.19 oz","10 x 1.19 oz","Market Basket.jpg",,"5"
"13222","Breakfast & Dairy","Breakfast & Cereal","Hot Cereal & Pancake Mixes","Market Basket","Market Basket Old Fashioned Oats","Market Basket Old Fashioned Oats","3.09","0.0","","42 oz","42 oz","Market Basket.jpg",,"5"
"13223","Breakfast & Dairy","Breakfast & Cereal","Hot Cereal & Pancake Mixes","Market Basket","Market Basket Old Fashioned Oats","Market Basket Old Fashioned Oats","1.89","0.0","","18 oz","18 oz","Market Basket.jpg",,"5"
"13224","Breakfast & Dairy","Breakfast & Cereal","Hot Cereal & Pancake Mixes","Market Basket","Market Basket Quick Oats","Market Basket Quick Oats","3.09","0.0","","42 oz","42 oz","Market Basket.jpg",,"5"
"13225","Breakfast & Dairy","Breakfast & Cereal","Hot Cereal & Pancake Mixes","Market Basket","Market Basket Tomato Onion & Garlic Sauce","Market Basket Tomato Onion & Garlic Sauce","1.69","0.0","","24 oz","24 oz","Market Basket.jpg",,"5"
"13226","Breakfast & Dairy","Breakfast & Cereal","Hot Cereal & Pancake Mixes","McCann's","McCann's Imported Quick Cooking Rolled Oats Irish Oatmeal","McCann's Imported Quick Cooking Rolled Oats Irish Oatmeal","4.89","0.0","","16 oz","16 oz","6157.jpg",,"5"
"13227","Breakfast & Dairy","Breakfast & Cereal","Hot Cereal & Pancake Mixes","McCann's","McCann's Imported Steel Cut Irish Oatmeal","McCann's Imported Steel Cut Irish Oatmeal","9.19","0.0","","28 oz","28 oz","6158.jpg",,"5"
"13228","Breakfast & Dairy","Breakfast & Cereal","Hot Cereal & Pancake Mixes","McCann's","McCann's Instant Irish Oatmeal Maple & Brown Sugar","McCann's Instant Irish Oatmeal Maple & Brown Sugar","4.89","0.0","","10 count","10 count","6156.jpg",,"5"
"13229","Breakfast & Dairy","Breakfast & Cereal","Hot Cereal & Pancake Mixes","McCann's","McCann's Instant Oatmeal Variety Pack 10 ct","McCann's Instant Oatmeal Variety Pack 10 ct","4.89","0.0","","12.73 oz","12.73 oz","6159.jpg",,"5"
"13230","Breakfast & Dairy","Breakfast & Cereal","Hot Cereal & Pancake Mixes","McCann's","McCann's Regular Instant Irish Oatmeal","McCann's Regular Instant Irish Oatmeal","4.89","0.0","","12 x 11.85 oz","12 x 11.85 oz","6155.jpg",,"5"
"13231","Breakfast & Dairy","Breakfast & Cereal","Hot Cereal & Pancake Mixes","Nature's Path","Nature's Path NP Variety Oatmeal","Nature's Path NP Variety Oatmeal","4.89","0.0","","14 oz","14 oz","17647.jpg",,"5"
"13232","Breakfast & Dairy","Breakfast & Cereal","Hot Cereal & Pancake Mixes","Nature's Path","Nature's Path Organic Frosted Buncha Blueberries Toaster Pastries","Nature's Path Organic Frosted Buncha Blueberries Toaster Pastries","4.29","0.0","","6 x 11 oz","6 x 11 oz","17640.jpg",,"5"
"13233","Breakfast & Dairy","Breakfast & Cereal","Hot Cereal & Pancake Mixes","Old Wessex Ltd","Old Wessex Ltd. All Natural 5 Grain Cereal","Old Wessex Ltd. All Natural 5 Grain Cereal","3.69","0.0","","18.5 oz","18.5 oz","17649.jpg",,"5"
"13234","Breakfast & Dairy","Breakfast & Cereal","Hot Cereal & Pancake Mixes","Old Wessex Ltd","Old Wessex Ltd. All Natural Irish Style Oatmeal","Old Wessex Ltd. All Natural Irish Style Oatmeal","3.69","0.0","","18.5 oz","18.5 oz","17648.jpg",,"5"
"13235","Breakfast & Dairy","Breakfast & Cereal","Hot Cereal & Pancake Mixes","Quaker","Quaker Apple & Cinnamon Instant Oatmeal","Quaker Apple & Cinnamon Instant Oatmeal","3.09","0.0","","10 x 1.51 oz","10 x 1.51 oz","6105.jpg",,"5"
"13236","Breakfast & Dairy","Breakfast & Cereal","Hot Cereal & Pancake Mixes","Quaker","Quaker Cinnamon & Spice Instant Oatmeal","Quaker Cinnamon & Spice Instant Oatmeal","3.09","0.0","","15.1 oz","15.1 oz","6120.jpg",,"5"
"13237","Breakfast & Dairy","Breakfast & Cereal","Hot Cereal & Pancake Mixes","Quaker","Quaker Fruit & Cream Instant Oatmeal Variety","Quaker Fruit & Cream Instant Oatmeal Variety","3.09","0.0","","10 x 1.23 oz","10 x 1.23 oz","6113.jpg",,"5"
"13238","Breakfast & Dairy","Breakfast & Cereal","Hot Cereal & Pancake Mixes","Quaker","Quaker Grits Quick","Quaker Grits Quick","2.09","0.0","","24 oz","24 oz","6111.jpg",,"5"
"13239","Breakfast & Dairy","Breakfast & Cereal","Hot Cereal & Pancake Mixes","Quaker","Quaker Instant Grits Original","Quaker Instant Grits Original","3.69","0.0","","12 oz","12 oz","6129.jpg",,"5"
"13240","Breakfast & Dairy","Breakfast & Cereal","Hot Cereal & Pancake Mixes","Quaker","Quaker Instant Oatmeal Apple Cranberry","Quaker Instant Oatmeal Apple Cranberry","1.29","0.0","","2 oz","2 oz","6108.jpg",,"5"
"13241","Breakfast & Dairy","Breakfast & Cereal","Hot Cereal & Pancake Mixes","Quaker","Quaker Instant Oatmeal Banana & Maple","Quaker Instant Oatmeal Banana & Maple","3.09","0.0","","12 oz","12 oz","6114.jpg",,"5"
"13242","Breakfast & Dairy","Breakfast & Cereal","Hot Cereal & Pancake Mixes","Quaker","Quaker Instant Oatmeal Dinosaur Eggs Brown Sugar","Quaker Instant Oatmeal Dinosaur Eggs Brown Sugar","2.09","0.0","","14.1 oz","14.1 oz","6103.jpg",,"5"
"13243","Breakfast & Dairy","Breakfast & Cereal","Hot Cereal & Pancake Mixes","Quaker","Quaker Instant Oatmeal Flavor Variety","Quaker Instant Oatmeal Flavor Variety","4.89","0.0","","27 oz","27 oz","17635.jpg",,"5"
"13244","Breakfast & Dairy","Breakfast & Cereal","Hot Cereal & Pancake Mixes","Quaker","Quaker Instant Oatmeal Lower Sugar Maple & Brown Sugar","Quaker Instant Oatmeal Lower Sugar Maple & Brown Sugar","3.09","0.0","","10 x 1.19 oz","10 x 1.19 oz","6106.jpg",,"5"
"13245","Breakfast & Dairy","Breakfast & Cereal","Hot Cereal & Pancake Mixes","Quaker","Quaker Instant Oatmeal Lower Sugar Variety Pack","Quaker Instant Oatmeal Lower Sugar Variety Pack","4.29","0.0","","11.5 oz","11.5 oz","6121.jpg",,"5"
"13246","Breakfast & Dairy","Breakfast & Cereal","Hot Cereal & Pancake Mixes","Quaker","Quaker Instant Oatmeal Maple & Brown Sugar","Quaker Instant Oatmeal Maple & Brown Sugar","4.89","0.0","","27.3 oz","27.3 oz","6115.jpg",,"5"
"13247","Breakfast & Dairy","Breakfast & Cereal","Hot Cereal & Pancake Mixes","Quaker","Quaker Instant Oatmeal Maple And Brown Sugar","Quaker Instant Oatmeal Maple And Brown Sugar","3.09","0.0","","15.1 oz","15.1 oz","6102.jpg",,"5"
"13248","Breakfast & Dairy","Breakfast & Cereal","Hot Cereal & Pancake Mixes","Quaker","Quaker Instant Oatmeal Variety Pack","Quaker Instant Oatmeal Variety Pack","3.09","0.0","","15.1 oz","15.1 oz","6100.jpg",,"5"
"13249","Breakfast & Dairy","Breakfast & Cereal","Hot Cereal & Pancake Mixes","Quaker","Quaker Oat Bran Hot Cereal","Quaker Oat Bran Hot Cereal","3.69","0.0","","16 oz","16 oz","6101.jpg",,"5"
"13250","Breakfast & Dairy","Breakfast & Cereal","Hot Cereal & Pancake Mixes","Quaker","Quaker Oats Heart Healthy Old Fashioned Oats","Quaker Oats Heart Healthy Old Fashioned Oats","4.89","0.0","","42 oz","42 oz","6109.jpg",,"5"
"13251","Breakfast & Dairy","Breakfast & Cereal","Hot Cereal & Pancake Mixes","Quaker","Quaker Oats Heart Healthy Quick","Quaker Oats Heart Healthy Quick","4.89","0.0","","42 oz","42 oz","6119.jpg",,"5"
"13252","Breakfast & Dairy","Breakfast & Cereal","Hot Cereal & Pancake Mixes","Quaker","Quaker Oats Quick","Quaker Oats Quick","3.09","0.0","","18 oz","18 oz","6104.jpg",,"5"
"13253","Breakfast & Dairy","Breakfast & Cereal","Hot Cereal & Pancake Mixes","Quaker","Quaker Old Fashioned Oatmeal Instant Oats Hot Cereal","Quaker Old Fashioned Oatmeal Instant Oats Hot Cereal","2.49","0.0","","18 oz","18 oz","6107.jpg",,"5"
"13254","Breakfast & Dairy","Breakfast & Cereal","Hot Cereal & Pancake Mixes","Quaker","Quaker Original Heart Healthy Oatmeal","Quaker Original Heart Healthy Oatmeal","3.09","0.0","","12 x 0.98 oz","12 x 0.98 oz","6116.jpg",,"5"
"13255","Breakfast & Dairy","Breakfast & Cereal","Hot Cereal & Pancake Mixes","Quaker","Quaker Protein Cranberry Almond Instant Oatmeal","Quaker Protein Cranberry Almond Instant Oatmeal","3.69","0.0","","6 x 2.15 oz","6 x 2.15 oz","6118.jpg",,"5"
"13256","Breakfast & Dairy","Breakfast & Cereal","Hot Cereal & Pancake Mixes","Quaker","Quaker Raisin, Date & Walnut Instant Oatmeal","Quaker Raisin, Date & Walnut Instant Oatmeal","2.09","0.0","","13 oz","13 oz","6112.jpg",,"5"
"13257","Breakfast & Dairy","Breakfast & Cereal","Hot Cereal & Pancake Mixes","Quaker","Quaker Raisins & Spice Instant Oatmeal","Quaker Raisins & Spice Instant Oatmeal","3.09","0.0","","15.1 oz","15.1 oz","6127.jpg",,"5"
"13258","Breakfast & Dairy","Breakfast & Cereal","Hot Cereal & Pancake Mixes","Quaker","Quaker Select Starts Gluten Free Maple Brown Sugar","Quaker Select Starts Gluten Free Maple Brown Sugar","3.69","0.0","","8 x 1.51 oz","8 x 1.51 oz","6123.jpg",,"5"
"13259","Breakfast & Dairy","Breakfast & Cereal","Hot Cereal & Pancake Mixes","Quaker","Quaker Select Starts Gluten Free Original","Quaker Select Starts Gluten Free Original","3.69","0.0","","12.3 oz","12.3 oz","6117.jpg",,"5"
"13260","Breakfast & Dairy","Breakfast & Cereal","Hot Cereal & Pancake Mixes","Quaker","Quaker Select Starts High Fiber Maple & Brown Sugar Instant Oatmeal","Quaker Select Starts High Fiber Maple & Brown Sugar Instant Oatmeal","3.09","0.0","","1.58 oz","1.58 oz","6125.jpg",,"5"
"13261","Breakfast & Dairy","Breakfast & Cereal","Hot Cereal & Pancake Mixes","Quaker","Quaker Select Starts Organic Instant Oatmeal Maple/Brown Sugar","Quaker Select Starts Organic Instant Oatmeal Maple/Brown Sugar","3.69","0.0","","8 x 1.44 oz","8 x 1.44 oz","6126.jpg",,"5"
"13262","Breakfast & Dairy","Breakfast & Cereal","Hot Cereal & Pancake Mixes","Quaker","Quaker Select Starts Organic Instant Oatmeal Original","Quaker Select Starts Organic Instant Oatmeal Original","3.09","0.0","","7.9 oz","7.9 oz","6122.jpg",,"5"
"13263","Breakfast & Dairy","Breakfast & Cereal","Hot Cereal & Pancake Mixes","Quaker","Quaker Steel Cut","Quaker Steel Cut","4.89","0.0","","25 oz","25 oz","6124.jpg",,"5"
"13264","Breakfast & Dairy","Breakfast & Cereal","Hot Cereal & Pancake Mixes","Quaker","Quaker Steel Cut Whole Grain Oats","Quaker Steel Cut Whole Grain Oats","4.89","0.0","","30 oz","30 oz","6128.jpg",,"5"
"13265","Breakfast & Dairy","Breakfast & Cereal","Hot Cereal & Pancake Mixes","Quaker","Quaker Weight Control Instant Oatmeal Maple & Brown Sugar","Quaker Weight Control Instant Oatmeal Maple & Brown Sugar","2.09","0.0","","8 x 1.5 oz","8 x 1.5 oz","6130.jpg",,"5"
"13266","Breakfast & Dairy","Breakfast & Cereal","Hot Cereal & Pancake Mixes","Vermont Bread","Vermont Bread Organic Soft Oatmeal","Vermont Bread Organic Soft Oatmeal","5.49","0.0","","24 oz","24 oz","17645.jpg",,"18"
"13267","Breakfast & Dairy","Breakfast & Cereal","Hot Cereal & Pancake Mixes","Weatena","Wheatena Whole Grain All Natural Toasted Wheat Whole Grain All Natural Toasted Wheat Cereal","Wheatena Whole Grain All Natural Toasted Wheat Whole Grain All Natural Toasted Wheat Cereal","3.49","0.0","","20 oz","20 oz","17636.jpg",,"5"
"13268","Breakfast & Dairy","Dairy & Eggs","Butter","Benecol","Benecol Vegetable Oil Spread, 39%, Light","Benecol Vegetable Oil Spread, 39%, Light","3.29","0.0","","8 oz","8 oz","14778.jpg",,"1"
"13269","Breakfast & Dairy","Dairy & Eggs","Butter","Brummel & Brown","Brummel & Brown 35% Vegetable Oil 10% Nonfat Yogurt Spread","Brummel & Brown 35% Vegetable Oil 10% Nonfat Yogurt Spread","3.29","0.0","","15 oz","15 oz","14769.jpg",,"1"
"13270","Breakfast & Dairy","Dairy & Eggs","Butter","Cabot","Cabot Natural Creamery Whipped Salted Butter","Cabot Natural Creamery Whipped Salted Butter","3.09","0.0","","8 oz","8 oz","659.jpg",,"1"
"13271","Breakfast & Dairy","Dairy & Eggs","Butter","Cabot Creamery","Cabot Creamery Salted Butter Quarters","Cabot Creamery Salted Butter Quarters","4.29","0.0","","16 oz","16 oz","14768.jpg",,"1"
"13272","Breakfast & Dairy","Dairy & Eggs","Butter","Cabot Creamery","Cabot Creamery Unsalted Butter Quarter Sticks","Cabot Creamery Unsalted Butter Quarter Sticks","4.29","0.0","","4 oz","4 oz","14764.jpg",,"1"
"13273","Breakfast & Dairy","Dairy & Eggs","Butter","Canolea","Canoleo Original Canola Oil Based Margarine","Canoleo Original Canola Oil Based Margarine","3.69","0.0","","16 oz","16 oz","14770.jpg",,"1"
"13274","Breakfast & Dairy","Dairy & Eggs","Butter","Country Crock","Country Crock Buttery Spread Calcium","Country Crock Buttery Spread Calcium","4.29","0.0","","45 oz","45 oz","648.jpg",,"1"
"13275","Breakfast & Dairy","Dairy & Eggs","Butter","Country Crock","Country Crock Buttery Spread Calcium","Country Crock Buttery Spread Calcium","2.49","0.0","","15 oz","15 oz","649.jpg",,"1"
"13276","Breakfast & Dairy","Dairy & Eggs","Butter","Country Crock","Country Crock Original Vegetable Oil Spread","Country Crock Original Vegetable Oil Spread","2.49","0.0","","15 oz","15 oz","647.jpg",,"1"
"13277","Breakfast & Dairy","Dairy & Eggs","Butter","Country Crock","Country Crock Vegetable Oil Spread Tub Original","Country Crock Vegetable Oil Spread Tub Original","4.29","0.0","","45 oz","45 oz","650.jpg",,"1"
"13278","Breakfast & Dairy","Dairy & Eggs","Butter","Earth Balance","Earth Balance Organic Original Whipped Buttery Spread","Earth Balance Organic Original Whipped Buttery Spread","4.59","0.0","","13 oz","13 oz","Market Basket.jpg",,"1"
"13279","Breakfast & Dairy","Dairy & Eggs","Butter","Earth Balance","Earth Balance Soy Free Buttery Spread","Earth Balance Soy Free Buttery Spread","4.59","0.0","","15 oz","15 oz","653.jpg",,"1"
"13280","Breakfast & Dairy","Dairy & Eggs","Butter","Earth Balance","Earth Balance Soy Free Sticks Buttery","Earth Balance Soy Free Sticks Buttery","4.89","0.0","","1 lb","1 lb","654.jpg",,"1"
"13281","Breakfast & Dairy","Dairy & Eggs","Butter","Fleischmann's","Fleischmann's Margarine Unsalted Sticks","Fleischmann's Margarine Unsalted Sticks","4.89","0.0","","1 lb","1 lb","14765.jpg",,"1"
"13282","Breakfast & Dairy","Dairy & Eggs","Butter","Fleischmann's","Fleischmann's Original Soft Spread Quarters Sticks","Fleischmann's Original Soft Spread Quarters Sticks","4.89","0.0","","16 oz","16 oz","14783.jpg",,"1"
"13283","Breakfast & Dairy","Dairy & Eggs","Butter","Land O' Lakes","Land O Lakes Fresh Buttery Taste Vegetable Oil Spread","Land O Lakes Fresh Buttery Taste Vegetable Oil Spread","2.69","0.0","","15 oz","15 oz","656.jpg",,"1"
"13284","Breakfast & Dairy","Dairy & Eggs","Butter","Land O' Lakes","Land O' Lakes Fresh Buttery Taste Spread","Land O' Lakes Fresh Buttery Taste Spread","2.69","0.0","","15 oz","15 oz","625.jpg",,"1"
"13285","Breakfast & Dairy","Dairy & Eggs","Butter","Hood","Hood Small Curd Cottage Cheese with Chive","Hood Small Curd Cottage Cheese with Chive","2.69","0.0","","16 oz","16 oz","14772.jpg",,"1"
"13286","Breakfast & Dairy","Dairy & Eggs","Butter","I Can't Believe It's Not Butter","I Can't Believe It's Not Butter Buttery Spray Original","I Can't Believe It's Not Butter Buttery Spray Original","4.59","0.0","","12 oz","12 oz","639.jpg",,"1"
"13287","Breakfast & Dairy","Dairy & Eggs","Butter","I Can't Believe It's Not Butter","I Can't Believe It's Not Butter Buttery Spread Light","I Can't Believe It's Not Butter Buttery Spread Light","3.29","0.0","","15 oz","15 oz","631.jpg",,"1"
"13288","Breakfast & Dairy","Dairy & Eggs","Butter","I Can't Believe It's Not Butter","I Can't Believe It's Not Butter Buttery Spread Light","I Can't Believe It's Not Butter Buttery Spread Light","3.29","0.0","","2 x 7.5 oz","2 x 7.5 oz","634.jpg",,"1"
"13289","Breakfast & Dairy","Dairy & Eggs","Butter","I Can't Believe It's Not Butter","I Can't Believe It's Not Butter Buttery Spread Light","I Can't Believe It's Not Butter Buttery Spread Light","7.39","0.0","","45 oz","45 oz","638.jpg",,"1"
"13290","Breakfast & Dairy","Dairy & Eggs","Butter","I Can't Believe It's Not Butter","I Can't Believe It's Not Butter Buttery Spread Original","I Can't Believe It's Not Butter Buttery Spread Original","3.29","0.0","","15 oz","15 oz","632.jpg",,"1"
"13291","Breakfast & Dairy","Dairy & Eggs","Butter","I Can't Believe It's Not Butter","I Can't Believe It's Not Butter Buttery Spread Original","I Can't Believe It's Not Butter Buttery Spread Original","3.29","0.0","","7.5 oz","7.5 oz","633.jpg",,"1"
"13292","Breakfast & Dairy","Dairy & Eggs","Butter","I Can't Believe It's Not Butter","I Can't Believe It's Not Butter Buttery Spread Original","I Can't Believe It's Not Butter Buttery Spread Original","7.39","0.0","","45 oz","45 oz","635.jpg",,"1"
"13293","Breakfast & Dairy","Dairy & Eggs","Butter","I Can't Believe It's Not Butter","I Can't Believe It's Not Butter Vegetable Oil Spread Sticks Original","I Can't Believe It's Not Butter Vegetable Oil Spread Sticks Original","3.29","0.0","","4 oz","4 oz","637.jpg",,"1"
"13294","Breakfast & Dairy","Dairy & Eggs","Butter","Kate's Creamery","Kate's Creamery 100% Pure Butter","Kate's Creamery 100% Pure Butter","4.29","0.0","","16 oz","16 oz","660.jpg",,"1"
"13295","Breakfast & Dairy","Dairy & Eggs","Butter","Kate's Creamery","Kate's Creamery 100% Pure Butter Sea Salted","Kate's Creamery 100% Pure Butter Sea Salted","3.29","0.0","","8 oz","8 oz","661.jpg",,"1"
"13296","Breakfast & Dairy","Dairy & Eggs","Butter","Kate's Creamery","Kate's Creamery 100% Pure Butter Sea Salted","Kate's Creamery 100% Pure Butter Sea Salted","3.29","0.0","","8 oz","8 oz","662.jpg",,"1"
"13297","Breakfast & Dairy","Dairy & Eggs","Butter","Kate's Homemade","Kate's Homemade Butter Sea Salted","Kate's Homemade Butter Sea Salted","7.79","0.0","","4 x 16 oz","4 x 16 oz","14773.jpg",,"1"
"13298","Breakfast & Dairy","Dairy & Eggs","Butter","Kate's Homemade","Kate's Homemade Butter Unsalted From Maine","Kate's Homemade Butter Unsalted From Maine","3.29","0.0","","8 oz","8 oz","Market Basket.jpg",,"1"
"13299","Breakfast & Dairy","Dairy & Eggs","Butter","Kerrygold","Kerrygold Pure Irish Unsalted Butter Foil","Kerrygold Pure Irish Unsalted Butter Foil","3.69","0.0","","8 oz","8 oz","665.jpg",,"1"
"13300","Breakfast & Dairy","Dairy & Eggs","Butter","Land O' Lakes","Land O' Lakes Butter Salted","Land O' Lakes Butter Salted","4.59","0.0","","4 x 1 lb","4 x 1 lb","618.jpg",,"1"
"13301","Breakfast & Dairy","Dairy & Eggs","Butter","Land O' Lakes","Land O' Lakes Land O Lakes Margarine, Sticks, Box","Land O' Lakes Land O Lakes Margarine, Sticks, Box","1.89","0.0","","4 x 1 lb","4 x 1 lb","628.jpg",,"1"
"13302","Breakfast & Dairy","Dairy & Eggs","Butter","Land O' Lakes","Land O' Lakes Margarine Pure & Creamy","Land O' Lakes Margarine Pure & Creamy","2.69","0.0","","15 oz","15 oz","630.jpg",,"1"
"13303","Breakfast & Dairy","Dairy & Eggs","Butter","Land O' Lakes","Land O' Lakes Spread Butter With Canola Oil","Land O' Lakes Spread Butter With Canola Oil","4.29","0.0","","15 oz","15 oz","619.jpg",,"1"
"13304","Breakfast & Dairy","Dairy & Eggs","Butter","Land O' Lakes","Land O' Lakes Spread Butter With Canola Oil","Land O' Lakes Spread Butter With Canola Oil","6.09","0.0","","24 oz","24 oz","624.jpg",,"1"
"13305","Breakfast & Dairy","Dairy & Eggs","Butter","Land O' Lakes","Land O' Lakes Spread Butter With Olive Oil & Sea Salt","Land O' Lakes Spread Butter With Olive Oil & Sea Salt","2.09","0.0","","7 oz","7 oz","621.jpg",,"1"
"13306","Breakfast & Dairy","Dairy & Eggs","Butter","Land O' Lakes","Land O' Lakes Spread Butter With Olive Oil & Sea Salt","Land O' Lakes Spread Butter With Olive Oil & Sea Salt","4.29","0.0","","13 oz","13 oz","627.jpg",,"1"
"13307","Breakfast & Dairy","Dairy & Eggs","Butter","Land O' Lakes","Land O' Lakes Unsalted Butter Sticks","Land O' Lakes Unsalted Butter Sticks","4.59","0.0","","4 x 1 lb","4 x 1 lb","620.jpg",,"1"
"13308","Breakfast & Dairy","Dairy & Eggs","Butter","Market Basket","Market Basket Salted Sweet Cream Butter","Market Basket Salted Sweet Cream Butter","3.69","0.0","","16 oz","16 oz","Market Basket.jpg",,"1"
"13309","Breakfast & Dairy","Dairy & Eggs","Butter","Market Basket","Santa Barbara Mango Peach Medium Salsa","Santa Barbara Mango Peach Medium Salsa","3.09","0.0","","24 oz","24 oz","14777.jpg",,"1"
"13310","Breakfast & Dairy","Dairy & Eggs","Butter","Mini Babybel","Mini Babybel Light Semisoft Cheeses","Mini Babybel Light Semisoft Cheeses","5.39","0.0","","10 count","10 count","14766.jpg",,"1"
"13311","Breakfast & Dairy","Dairy & Eggs","Butter","Organic Valley","Organic Valley Cultured Pasture Butter","Organic Valley Cultured Pasture Butter","4.79","0.0","","8 oz","8 oz","14782.jpg",,"1"
"13312","Breakfast & Dairy","Dairy & Eggs","Butter","Organic Valley","Organic Valley Salted Butter","Organic Valley Salted Butter","7.19","0.0","","1 lb","1 lb","14776.jpg",,"1"
"13313","Breakfast & Dairy","Dairy & Eggs","Butter","Smart Balance","Smart Balance Buttery Spread Light With Flaxseed Oil","Smart Balance Buttery Spread Light With Flaxseed Oil","3.09","0.0","","15 oz","15 oz","644.jpg",,"1"
"13314","Breakfast & Dairy","Dairy & Eggs","Butter","Smart Balance","Smart Balance Light Omega 3 EPA/DHA & ALA Buttery Spread","Smart Balance Light Omega 3 EPA/DHA & ALA Buttery Spread","3.09","0.0","","15 oz","15 oz","643.jpg",,"1"
"13315","Breakfast & Dairy","Dairy & Eggs","Butter","Smart Balance","Smart Balance Light with Extra Virgin Olive Oil Buttery Spread","Smart Balance Light with Extra Virgin Olive Oil Buttery Spread","3.09","0.0","","15 oz","15 oz","641.jpg",,"1"
"13316","Breakfast & Dairy","Dairy & Eggs","Butter","Smart Balance","Smart Balance Low Sodium Whipped Buttery Spread","Smart Balance Low Sodium Whipped Buttery Spread","3.09","0.0","","13 oz","13 oz","642.jpg",,"1"
"13317","Breakfast & Dairy","Dairy & Eggs","Cream","Baileys","Baileys Coffee Creamer Irish Cream","Baileys Coffee Creamer Irish Cream","3.69","0.0","","32 fl oz","32 fl oz","578.jpg",,"1"
"13318","Breakfast & Dairy","Dairy & Eggs","Cream","Baileys","Baileys Non Alcoholic Mudslide Coffee Creamer","Baileys Non Alcoholic Mudslide Coffee Creamer","3.69","0.0","","32 fl oz","32 fl oz","579.jpg",,"1"
"13319","Breakfast & Dairy","Dairy & Eggs","Cream","Cabot","Cabot Whipped Cream","Cabot Whipped Cream","3.09","0.0","","7 oz","7 oz","14753.jpg",,"1"
"13320","Breakfast & Dairy","Dairy & Eggs","Cream","Califia Farms","Califia Farms Dairy Free Almond Milk Creamer Vanilla","Califia Farms Dairy Free Almond Milk Creamer Vanilla","4.89","0.0","","25.4 fl oz","25.4 fl oz","14749.jpg",,"1"
"13321","Breakfast & Dairy","Dairy & Eggs","Cream","Classic Cream","Classic Cream Whipped Cream, Real Light","Classic Cream Whipped Cream, Real Light","1.89","0.0","","7 oz","7 oz","593.jpg",,"1"
"13322","Breakfast & Dairy","Dairy & Eggs","Cream","Classic Cream","Classic Cream Whipping Cream","Classic Cream Whipping Cream","3.29","0.0","","14 fl oz","14 fl oz","Market Basket.jpg",,"1"
"13323","Breakfast & Dairy","Dairy & Eggs","Cream","Coffee Dream","Coffee Dream French Vanilla Coffee Creamer","Coffee Dream French Vanilla Coffee Creamer","3.09","0.0","","32 fl oz","32 fl oz","Market Basket.jpg",,"1"
"13324","Breakfast & Dairy","Dairy & Eggs","Cream","Coffee Dream","Coffee Dream Hazelnut Creamer","Coffee Dream Hazelnut Creamer","3.09","0.0","","32 fl oz","32 fl oz","Market Basket.jpg",,"1"
"13325","Breakfast & Dairy","Dairy & Eggs","Cream","Coffee-mate","Coffee mate Cinnamon Vanilla Creme Liquid Coffee Creamer","Coffee mate Cinnamon Vanilla Creme Liquid Coffee Creamer","3.29","0.0","","32 fl oz","32 fl oz","560.jpg",,"1"
"13326","Breakfast & Dairy","Dairy & Eggs","Cream","Coffee-mate","Coffee mate Coconut Creme Liquid Coffee Creamer","Coffee mate Coconut Creme Liquid Coffee Creamer","4.29","0.0","","32 fl oz","32 fl oz","557.jpg",,"1"
"13327","Breakfast & Dairy","Dairy & Eggs","Cream","Coffee-mate","Coffee mate Creme Brulee Liquid Coffee Creamer","Coffee mate Creme Brulee Liquid Coffee Creamer","3.69","0.0","","32 fl oz","32 fl oz","548.jpg",,"1"
"13328","Breakfast & Dairy","Dairy & Eggs","Cream","Coffee-mate","Coffee mate Fat Free French Vanilla Liquid Coffee Creamer","Coffee mate Fat Free French Vanilla Liquid Coffee Creamer","4.29","0.0","","32 fl oz","32 fl oz","552.jpg",,"1"
"13329","Breakfast & Dairy","Dairy & Eggs","Cream","Coffee-mate","Coffee mate French Vanilla Liquid Coffee Creamer","Coffee mate French Vanilla Liquid Coffee Creamer","4.29","0.0","","32 fl oz","32 fl oz","549.jpg",,"1"
"13330","Breakfast & Dairy","Dairy & Eggs","Cream","Coffee-mate","Coffee mate French Vanilla Liquid Coffee Creamer","Coffee mate French Vanilla Liquid Coffee Creamer","2.69","0.0","","16 fl oz","16 fl oz","558.jpg",,"1"
"13331","Breakfast & Dairy","Dairy & Eggs","Cream","Coffee-mate","Coffee mate French Vanilla Sugar Free Liquid Coffee Creamer","Coffee mate French Vanilla Sugar Free Liquid Coffee Creamer","6.99","0.0","","64 fl oz","64 fl oz","559.jpg",,"1"
"13332","Breakfast & Dairy","Dairy & Eggs","Cream","Coffee-mate","Coffee mate Hazelnut Liquid Coffee Creamer","Coffee mate Hazelnut Liquid Coffee Creamer","4.29","0.0","","32 fl oz","32 fl oz","555.jpg",,"1"
"13333","Breakfast & Dairy","Dairy & Eggs","Cream","Coffee-mate","Coffee mate Italian Sweet Creme Liquid Coffee Creamer","Coffee mate Italian Sweet Creme Liquid Coffee Creamer","4.29","0.0","","32 fl oz","32 fl oz","553.jpg",,"1"
"13334","Breakfast & Dairy","Dairy & Eggs","Cream","Coffee-mate","Coffee mate Peppermint Mocha Liquid Coffee Creamer","Coffee mate Peppermint Mocha Liquid Coffee Creamer","3.69","0.0","","32 fl oz","32 fl oz","550.jpg",,"1"
"13335","Breakfast & Dairy","Dairy & Eggs","Cream","Coffee-mate","Coffee mate Sugar Free French Vanilla Liquid Coffee Creamer","Coffee mate Sugar Free French Vanilla Liquid Coffee Creamer","3.69","0.0","","32 fl oz","32 fl oz","554.jpg",,"1"
"13336","Breakfast & Dairy","Dairy & Eggs","Cream","Coffee-mate","Coffee mate Sugar Free Hazelnut Liquid Coffee Creamer","Coffee mate Sugar Free Hazelnut Liquid Coffee Creamer","3.69","0.0","","32 fl oz","32 fl oz","551.jpg",,"1"
"13337","Breakfast & Dairy","Dairy & Eggs","Cream","Coffee-mate","Coffee mate Sugar Free Italian Sweet Crme Liquid Coffee Creamer","Coffee mate Sugar Free Italian Sweet Crme Liquid Coffee Creamer","4.29","0.0","","32 fl oz","32 fl oz","547.jpg",,"1"
"13338","Breakfast & Dairy","Dairy & Eggs","Cream","Coffee-mate","Coffee mate The Original Liquid Coffee Creamer","Coffee mate The Original Liquid Coffee Creamer","6.99","0.0","","64 fl oz","64 fl oz","556.jpg",,"1"
"13339","Breakfast & Dairy","Dairy & Eggs","Cream","Daisy","Daisy Sour Cream Pure & Natural","Daisy Sour Cream Pure & Natural","2.49","0.0","","14 oz","14 oz","14747.jpg",,"1"
"13340","Breakfast & Dairy","Dairy & Eggs","Cream","Dunkin' Donuts","Dunkin' Donuts Coffee Creamer Extra Extra","Dunkin' Donuts Coffee Creamer Extra Extra","3.69","0.0","","32 fl oz","32 fl oz","582.jpg",,"1"
"13341","Breakfast & Dairy","Dairy & Eggs","Cream","Dunkin' Donuts","Dunkin' Donuts Coffee Creamer Original","Dunkin' Donuts Coffee Creamer Original","3.69","0.0","","32 fl oz","32 fl oz","584.jpg",,"1"
"13342","Breakfast & Dairy","Dairy & Eggs","Cream","Dunkin' Donuts","Dunkin' Donuts Dunkin Donuts coffee creamer caramel","Dunkin' Donuts Dunkin Donuts coffee creamer caramel","3.69","0.0","","32 fl oz","32 fl oz","583.jpg",,"1"
"13343","Breakfast & Dairy","Dairy & Eggs","Cream","Reddi Wip","Reddi Wip Extra Creamy Whipped Topping","Reddi Wip Extra Creamy Whipped Topping","2.49","0.0","","6.5 oz","6.5 oz","14751.jpg",,"1"
"13344","Breakfast & Dairy","Dairy & Eggs","Cream","Garelick Farms","Garelick Farms Dairy Pure Half & Half Fat Free","Garelick Farms Dairy Pure Half & Half Fat Free","3.09","0.0","","1 count","1 count","587.jpg",,"1"
"13345","Breakfast & Dairy","Dairy & Eggs","Cream","Garelick Farms","Garelick Farms DairyPure Half & Half","Garelick Farms DairyPure Half & Half","3.69","0.0","","32 fl oz","32 fl oz","588.jpg",,"1"
"13346","Breakfast & Dairy","Dairy & Eggs","Cream","Garelick Farms","Garelick Farms DairyPure Half & Half","Garelick Farms DairyPure Half & Half","1.89","0.0","","16 fl oz","16 fl oz","589.jpg",,"1"
"13347","Breakfast & Dairy","Dairy & Eggs","Cream","Hood","Hood Country Creamer Coffee Creamer","Hood Country Creamer Coffee Creamer","1.29","0.0","","32 fl oz","32 fl oz","575.jpg",,"1"
"13348","Breakfast & Dairy","Dairy & Eggs","Cream","Hood","Hood Half & Half","Hood Half & Half","1.69","0.0","","16 fl oz","16 fl oz","572.jpg",,"1"
"13349","Breakfast & Dairy","Dairy & Eggs","Cream","Hood","Hood Half & Half, Fat Free","Hood Half & Half, Fat Free","2.39","0.0","","1 count","1 count","574.jpg",,"1"
"13350","Breakfast & Dairy","Dairy & Eggs","Cream","Hood","Hood Half and Half","Hood Half and Half","3.29","0.0","","32 fl oz","32 fl oz","570.jpg",,"1"
"13351","Breakfast & Dairy","Dairy & Eggs","Cream","Hood","Hood Heavy Cream","Hood Heavy Cream","3.59","0.0","","16 fl oz","16 fl oz","569.jpg",,"1"
"13352","Breakfast & Dairy","Dairy & Eggs","Cream","Hood","Hood Light Cream","Hood Light Cream","4.29","0.0","","32 fl oz","32 fl oz","571.jpg",,"1"
"13353","Breakfast & Dairy","Dairy & Eggs","Cream","Hood","Hood Light Cream","Hood Light Cream","2.49","0.0","","16 fl oz","16 fl oz","573.jpg",,"1"
"13354","Breakfast & Dairy","Dairy & Eggs","Cream","Hood","Hood Whipped Light Cream, Original","Hood Whipped Light Cream, Original","3.09","0.0","","9.3 oz","9.3 oz","577.jpg",,"1"
"13355","Breakfast & Dairy","Dairy & Eggs","Cream","International Delight","International Delight Fat Free Gourmet Coffee Creamer French Vanilla","International Delight Fat Free Gourmet Coffee Creamer French Vanilla","3.69","0.0","","32 fl oz","32 fl oz","568.jpg",,"1"
"13356","Breakfast & Dairy","Dairy & Eggs","Cream","International Delight","International Delight French Vanilla Gourmet Coffee Creamer","International Delight French Vanilla Gourmet Coffee Creamer","4.89","0.0","","48 fl oz","48 fl oz","565.jpg",,"1"
"13357","Breakfast & Dairy","Dairy & Eggs","Cream","International Delight","International Delight Gourmet Coffee Creamer Caramel Macchiato","International Delight Gourmet Coffee Creamer Caramel Macchiato","3.09","0.0","","32 fl oz","32 fl oz","561.jpg",,"1"
"13358","Breakfast & Dairy","Dairy & Eggs","Cream","International Delight","International Delight Gourmet Coffee Creamer French Vanilla","International Delight Gourmet Coffee Creamer French Vanilla","3.69","0.0","","32 fl oz","32 fl oz","564.jpg",,"1"
"13359","Breakfast & Dairy","Dairy & Eggs","Cream","International Delight","International Delight Gourmet Coffee Creamer Hazelnut","International Delight Gourmet Coffee Creamer Hazelnut","3.69","0.0","","32 fl oz","32 fl oz","562.jpg",,"1"
"13360","Breakfast & Dairy","Dairy & Eggs","Cream","International Delight","International Delight Reese's Peanut Butter Cups Coffee Creamer","International Delight Reese's Peanut Butter Cups Coffee Creamer","3.69","0.0","","32 fl oz","32 fl oz","563.jpg",,"1"
"13361","Breakfast & Dairy","Dairy & Eggs","Cream","International Delight","International Delight White Chocolate Macadamia Coffee Creamer","International Delight White Chocolate Macadamia Coffee Creamer","3.09","0.0","","32 fl oz","32 fl oz","566.jpg",,"1"
"13362","Breakfast & Dairy","Dairy & Eggs","Cream","La Fe","La Fe Coco Cream","La Fe Coco Cream","2.49","0.0","","12 fl oz","12 fl oz","14755.jpg",,"1"
"13363","Breakfast & Dairy","Dairy & Eggs","Cream","La Ricura","Quesos La Ricura Mexican Style Cream Bottle","Quesos La Ricura Mexican Style Cream Bottle","5.79","0.0","","14 fl oz","14 fl oz","Market Basket.jpg",,"1"
"13364","Breakfast & Dairy","Dairy & Eggs","Cream","Market Basket","Market Basket Coffee Creamer","Market Basket Coffee Creamer","1.29","0.0","","32 fl oz","32 fl oz","Market Basket.jpg",,"1"
"13365","Breakfast & Dairy","Dairy & Eggs","Cream","Market Basket","Market Basket Coffee Creamer, Original","Market Basket Coffee Creamer, Original","2.49","0.0","","16 oz","16 oz","Market Basket.jpg",,"1"
"13366","Breakfast & Dairy","Dairy & Eggs","Cream","Market Basket","Market Basket Fat Free Half And Half","Market Basket Fat Free Half And Half","2.09","0.0","","32 fl oz","32 fl oz","Market Basket.jpg",,"1"
"13367","Breakfast & Dairy","Dairy & Eggs","Cream","Market Basket","Market Basket Fat Free Half And Half","Market Basket Fat Free Half And Half","3.69","0.0","","64 fl oz","64 fl oz","Market Basket.jpg",,"1"
"13368","Breakfast & Dairy","Dairy & Eggs","Cream","Market Basket","Market Basket Half And Half","Market Basket Half And Half","2.09","0.0","","32 fl oz","32 fl oz","Market Basket.jpg",,"1"
"13369","Breakfast & Dairy","Dairy & Eggs","Cream","Market Basket","Market Basket Half And Half","Market Basket Half And Half","4.59","0.0","","64 fl oz","64 fl oz","Market Basket.jpg",,"1"
"13370","Breakfast & Dairy","Dairy & Eggs","Cream","Market Basket","Market Basket Half And Half","Market Basket Half And Half","1.49","0.0","","16 fl oz","16 fl oz","Market Basket.jpg",,"1"
"13371","Breakfast & Dairy","Dairy & Eggs","Cream","Market Basket","Market Basket Heavy Cream","Market Basket Heavy Cream","4.89","0.0","","32 fl oz","32 fl oz","Market Basket.jpg",,"1"
"13372","Breakfast & Dairy","Dairy & Eggs","Cream","Market Basket","Market Basket Heavy Cream","Market Basket Heavy Cream","3.29","0.0","","946 ml","946 ml","Market Basket.jpg",,"1"
"13373","Breakfast & Dairy","Dairy & Eggs","Cream","Market Basket","Market Basket Heavy Cream","Market Basket Heavy Cream","3.09","0.0","","16 fl oz","16 fl oz","Market Basket.jpg",,"1"
"13374","Breakfast & Dairy","Dairy & Eggs","Cream","Market Basket","Market Basket Light Cream","Market Basket Light Cream","2.49","0.0","","32 fl oz","32 fl oz","Market Basket.jpg",,"1"
"13375","Breakfast & Dairy","Dairy & Eggs","Cream","Market Basket","Market Basket Light Cream","Market Basket Light Cream","1.49","0.0","","16 fl oz","16 fl oz","Market Basket.jpg",,"1"
"13376","Breakfast & Dairy","Dairy & Eggs","Cream","Market Basket","Market Basket Wheat English Muffins","Market Basket Wheat English Muffins","1.59","0.0","","12 oz","12 oz","533.jpg",,"1"
"13377","Breakfast & Dairy","Dairy & Eggs","Cream","Market Basket","Market Basket Whipped Topping","Market Basket Whipped Topping","1.29","0.0","","8 oz","8 oz","Market Basket.jpg",,"1"
"13378","Breakfast & Dairy","Dairy & Eggs","Cream","Market Basket","Market Basket Whipping Cream","Market Basket Whipping Cream","2.49","0.0","","16 fl oz","16 fl oz","Market Basket.jpg",,"1"
"13379","Breakfast & Dairy","Dairy & Eggs","Cream","Market Basket","Reddi Wip Real Cream Whipped Topping","Reddi Wip Real Cream Whipped Topping","2.79","0.0","","6.5 fl oz","6.5 fl oz","14748.jpg",,"1"
"13380","Breakfast & Dairy","Dairy & Eggs","Cream","Nestle","Nestl Coffee Mate Cafe Mocha Liquid Coffee Creamer","Nestl Coffee Mate Cafe Mocha Liquid Coffee Creamer","2.69","0.0","","16 fl oz","16 fl oz","536.jpg",,"1"
"13381","Breakfast & Dairy","Dairy & Eggs","Cream","Nestle","Nestl Coffee Mate Caramel Macchiato Liquid Coffee Creamer","Nestl Coffee Mate Caramel Macchiato Liquid Coffee Creamer","4.29","0.0","","32 fl oz","32 fl oz","538.jpg",,"1"
"13382","Breakfast & Dairy","Dairy & Eggs","Cream","Nestle","Nestl Coffee Mate Fat Free Hazelnut Liquid Coffee Creamer","Nestl Coffee Mate Fat Free Hazelnut Liquid Coffee Creamer","3.69","0.0","","32 fl oz","32 fl oz","541.jpg",,"1"
"13383","Breakfast & Dairy","Dairy & Eggs","Cream","Nestle","Nestl Coffee Mate Fat Free The Original Powder Coffee Creamer","Nestl Coffee Mate Fat Free The Original Powder Coffee Creamer","4.29","0.0","","16 oz","16 oz","542.jpg",,"1"
"13384","Breakfast & Dairy","Dairy & Eggs","Cream","Nestle","Nestl Coffee Mate French Vanilla Fat Free Powder Coffee Creamer","Nestl Coffee Mate French Vanilla Fat Free Powder Coffee Creamer","4.89","0.0","","15 oz","15 oz","544.jpg",,"8"
"13385","Breakfast & Dairy","Dairy & Eggs","Cream","Nestle","Nestl Coffee Mate Hazelnut All Natural Liquid Coffee Creamer","Nestl Coffee Mate Hazelnut All Natural Liquid Coffee Creamer","2.09","0.0","","16 fl oz","16 fl oz","540.jpg",,"1"
"13386","Breakfast & Dairy","Dairy & Eggs","Cream","Nestle","Nestl Coffee Mate Hazelnut Liquid Coffee Creamer","Nestl Coffee Mate Hazelnut Liquid Coffee Creamer","2.69","0.0","","16 fl oz","16 fl oz","539.jpg",,"1"
"13387","Breakfast & Dairy","Dairy & Eggs","Cream","Nestle","Nestl Coffee Mate Natural Bliss Vanilla All Natural Liquid Coffee Creamer","Nestl Coffee Mate Natural Bliss Vanilla All Natural Liquid Coffee Creamer","2.99","0.0","","16 fl oz","16 fl oz","535.jpg",,"1"
"13388","Breakfast & Dairy","Dairy & Eggs","Cream","Nestle","Nestl Coffee Mate Sugar Free Hazelnut Powder Coffee Creamer","Nestl Coffee Mate Sugar Free Hazelnut Powder Coffee Creamer","4.89","0.0","","10.2 oz","10.2 oz","534.jpg",,"1"
"13389","Breakfast & Dairy","Dairy & Eggs","Cream","Nestle","Nestl Coffee Mate The Original Liquid Coffee Creamer","Nestl Coffee Mate The Original Liquid Coffee Creamer","3.29","0.0","","32 fl oz","32 fl oz","537.jpg",,"1"
"13390","Breakfast & Dairy","Dairy & Eggs","Cream","Nestle","Nestl Coffee Mate The Original Powder Coffee Creamer","Nestl Coffee Mate The Original Powder Coffee Creamer","4.89","0.0","","22 oz","22 oz","543.jpg",,"1"
"13391","Breakfast & Dairy","Dairy & Eggs","Cream","Nestle","Nestl Coffee Mate The Original Powder Coffee Creamer","Nestl Coffee Mate The Original Powder Coffee Creamer","2.09","0.0","","6 oz","6 oz","546.jpg",,"1"
"13392","Breakfast & Dairy","Dairy & Eggs","Cream","So Delicious","So Delicious Dairy Free Organic Coconut Milk Beverage Unsweetened Vanilla","So Delicious Dairy Free Organic Coconut Milk Beverage Unsweetened Vanilla","3.59","0.0","","0.5 gal","0.5 gal","17947.jpg",,"1"
"13393","Breakfast & Dairy","Dairy & Eggs","Cream","Tropical","Tropical Crema Salvadorena","Tropical Crema Salvadorena","3.69","0.0","","14 oz","14 oz","14752.jpg",,"1"
"13394","Breakfast & Dairy","Dairy & Eggs","Eggs","All Whites","All Whites 100% Liquid Egg Whites","All Whites 100% Liquid Egg Whites","6.24","0.0","","32 oz","32 oz","611.jpg",,"1"
"13395","Breakfast & Dairy","Dairy & Eggs","Eggs","All Whites","All Whites 100% Liquid Egg Whites","All Whites 100% Liquid Egg Whites","3.61","0.0","","16 fl oz","16 fl oz","612.jpg",,"1"
"13396","Breakfast & Dairy","Dairy & Eggs","Eggs","Almark","Almark Eggs, Cage Free, Hard Boiled","Almark Eggs, Cage Free, Hard Boiled","2.49","0.0","","6 oz","6 oz","617.jpg",,"1"
"13397","Breakfast & Dairy","Dairy & Eggs","Eggs","Almark","Almark Foods Boiled Eggs","Almark Foods Boiled Eggs","1.29","0.0","","2 x 3 oz","2 x 3 oz","Market Basket.jpg",,"1"
"13398","Breakfast & Dairy","Dairy & Eggs","Eggs","Better N Eggs","Better N Eggs Egg Product","Better N Eggs Egg Product","4.79","0.0","","32 oz","32 oz","14757.jpg",,"1"
"13399","Breakfast & Dairy","Dairy & Eggs","Eggs","Egg Beaters","Egg Beaters Original","Egg Beaters Original","5.59","0.0","","32 oz","32 oz","600.jpg",,"1"
"13400","Breakfast & Dairy","Dairy & Eggs","Eggs","Egg Beaters","Egg Beaters Original","Egg Beaters Original","3.09","0.0","","16 oz","16 oz","602.jpg",,"1"
"13401","Breakfast & Dairy","Dairy & Eggs","Eggs","Egg Beaters","Egg Beaters Southwestern","Egg Beaters Southwestern","3.09","0.0","","15 oz","15 oz","601.jpg",,"1"
"13402","Breakfast & Dairy","Dairy & Eggs","Eggs","Eggland's Best","Eggland's Best Cage Free Grade A Large Brown Eggs","Eggland's Best Cage Free Grade A Large Brown Eggs","3.61","0.0","","12 count","12 count","597.jpg",,"1"
"13403","Breakfast & Dairy","Dairy & Eggs","Eggs","Eggland's Best","Eggland's Best Egg Whites, 100% Liquid","Eggland's Best Egg Whites, 100% Liquid","3.69","0.0","","16 oz","16 oz","599.jpg",,"1"
"13404","Breakfast & Dairy","Dairy & Eggs","Eggs","Eggland's Best","Eggland's Best Extra Large Brown Eggs","Eggland's Best Extra Large Brown Eggs","3.89","0.0","","12 count","12 count","Market Basket.jpg",,"1"
"13405","Breakfast & Dairy","Dairy & Eggs","Eggs","Eggland's Best","Eggland's Best Grade A Brown Large Cage Free Organic Eggs","Eggland's Best Grade A Brown Large Cage Free Organic Eggs","4.79","0.0","","12 count","12 count","598.jpg",,"1"
"13406","Breakfast & Dairy","Dairy & Eggs","Eggs","Eggland's Best","Eggland's Best Large Brown Eggs","Eggland's Best Large Brown Eggs","3.59","0.0","","12 count","12 count","594.jpg",,"1"
"13407","Breakfast & Dairy","Dairy & Eggs","Eggs","Eggland's Best","Eggland's Best Large Cage Free Brown Egg","Eggland's Best Large Cage Free Brown Egg","1.99","0.0","","6 count","6 count","596.jpg",,"1"
"13408","Breakfast & Dairy","Dairy & Eggs","Eggs","Eggland's Best","Eggland's Best Organic Cage Free Grade A Brown Eggs Large","Eggland's Best Organic Cage Free Grade A Brown Eggs Large","3.61","0.0","","12 count","12 count","595.jpg",,"1"
"13409","Breakfast & Dairy","Dairy & Eggs","Eggs","Feel Good Foods","Feel Good Foods Egg White Patties","Feel Good Foods Egg White Patties","4.29","0.0","","5 count","5 count","14758.jpg",,"20"
"13410","Breakfast & Dairy","Dairy & Eggs","Eggs","Pete And Gerry's","Pete And Gerry's Organic Eggs Medium Fresh Grade Eggs","Pete And Gerry's Organic Eggs Medium Fresh Grade Eggs","3.69","0.0","","12 count","12 count","615.jpg",,"1"
"13411","Breakfast & Dairy","Dairy & Eggs","Eggs","Windy Ridge","Windy Ridge Farms Fresh Quail Eggs","Windy Ridge Farms Fresh Quail Eggs","3.69","0.0","","18 count","18 count","14761.jpg",,"1"
"13412","Breakfast & Dairy","Dairy & Eggs","Eggs","Land O' Lakes","Land O' Lakes Eggs, Brown, Grade A, Large","Land O' Lakes Eggs, Brown, Grade A, Large","4.29","0.0","","18 count","18 count","603.jpg",,"1"
"13413","Breakfast & Dairy","Dairy & Eggs","Eggs","Land O' Lakes","Land O' Lakes Eggs, Large Brown, Grade A","Land O' Lakes Eggs, Large Brown, Grade A","3.61","0.0","","12 count","12 count","604.jpg",,"1"
"13414","Breakfast & Dairy","Dairy & Eggs","Eggs","Land O' Lakes","Land O' Lakes Eggs, Brown, Organic, Large","Land O' Lakes Eggs, Brown, Organic, Large","4.79","0.0","","12 count","12 count","606.jpg",,"1"
"13415","Breakfast & Dairy","Dairy & Eggs","Eggs","Land O' Lakes","Land O' Lakes Land O Lakes All Natural Eggs Large Grade A Brown","Land O' Lakes Land O Lakes All Natural Eggs Large Grade A Brown","4.59","0.0","","12 count","12 count","605.jpg",,"1"
"13416","Breakfast & Dairy","Dairy & Eggs","Eggs","Farm Fresh","Cage Free Organic Grade A Larger Brown Eggs","Cage Free Organic Grade A Larger Brown Eggs","4.86","0.0","","6 count","6 count","Market Basket.jpg",,"1"
"13417","Breakfast & Dairy","Dairy & Eggs","Eggs","Market Basket","Market Basket Cage Free Organic Eggs","Market Basket Cage Free Organic Eggs","4.79","0.0","","12 count","12 count","Market Basket.jpg",,"1"
"13418","Breakfast & Dairy","Dairy & Eggs","Eggs","Market Basket","Egg beater natural egg white","Egg beater natural egg white","6.09","0.0","","32 oz","32 oz","Market Basket.jpg",,"1"
"13419","Breakfast & Dairy","Dairy & Eggs","Eggs","Market Basket","Egg Lands Best Eggs, Grade A, Large","Egg Lands Best Eggs, Grade A, Large","2.69","0.0","","6 count","6 count","14759.jpg",,"1"
"13420","Breakfast & Dairy","Dairy & Eggs","Eggs","Market Basket","Grade A Large Cage Free Eggs","Grade A Large Cage Free Eggs","3.09","0.0","","12 count","12 count","Market Basket.jpg",,"1"
"13421","Breakfast & Dairy","Dairy & Eggs","Eggs","Market Basket","Love Beets Organic Cooked Beets","Love Beets Organic Cooked Beets","3.69","0.0","","8.8 oz bag","8.8 oz bag","14760.jpg",,"1"
"13422","Breakfast & Dairy","Dairy & Eggs","Eggs","Market Basket","Market Basket Egg Starts","Market Basket Egg Starts","4.29","0.0","","32 oz","32 oz","Market Basket.jpg",,"1"
"13423","Breakfast & Dairy","Dairy & Eggs","Eggs","Market Basket","Market Basket Egg Starts","Market Basket Egg Starts","2.39","0.0","","16 oz","16 oz","Market Basket.jpg",,"1"
"13424","Breakfast & Dairy","Dairy & Eggs","Eggs","Market Basket","Market Basket Eggs","Market Basket Eggs","2.69","0.0","","18 count","18 count","Market Basket.jpg",,"1"
"13425","Breakfast & Dairy","Dairy & Eggs","Eggs","Market Basket","Market Basket Eggs","Market Basket Eggs","2.09","0.0","","12 count","12 count","Market Basket.jpg",,"1"
"13426","Breakfast & Dairy","Dairy & Eggs","Eggs","Market Basket","Market Basket Grade A Extra Large Eggs Brown","Market Basket Grade A Extra Large Eggs Brown","3.09","0.0","","12 count","12 count","Market Basket.jpg",,"1"
"13427","Breakfast & Dairy","Dairy & Eggs","Eggs","Market Basket","Market Basket Grade A Jumbo Eggs Brown","Market Basket Grade A Jumbo Eggs Brown","3.59","0.0","","12 count","12 count","Market Basket.jpg",,"1"
"13428","Breakfast & Dairy","Dairy & Eggs","Eggs","Market Basket","Market Basket Grade A Large Eggs","Market Basket Grade A Large Eggs","3.89","0.0","","18 count","18 count","Market Basket.jpg",,"1"
"13429","Breakfast & Dairy","Dairy & Eggs","Eggs","Market Basket","Market Basket Grade A Large Eggs Brown","Market Basket Grade A Large Eggs Brown","2.69","0.0","","12 count","12 count","Market Basket.jpg",,"1"
"13430","Breakfast & Dairy","Dairy & Eggs","Eggs","Market Basket","Market Basket Large Brown Eggs","Market Basket Large Brown Eggs","1.49","0.0","","6 count","6 count","Market Basket.jpg",,"1"
"13431","Breakfast & Dairy","Dairy & Eggs","Eggs","Market Basket","Market Basket New York Style Pizza Dough","Market Basket New York Style Pizza Dough","1.59","0.0","","18.5 oz","18.5 oz","Market Basket.jpg",,"1"
"13432","Breakfast & Dairy","Dairy & Eggs","Eggs","Market Basket","Market Basket Organic Cage Free Eggs","Market Basket Organic Cage Free Eggs","4.19","0.0","","12 count","12 count","Market Basket.jpg",,"1"
"13433","Breakfast & Dairy","Dairy & Eggs","Eggs","Market Basket","Market Basket Pure Whites 100% Liquid Egg Whites","Market Basket Pure Whites 100% Liquid Egg Whites","3.09","0.0","","16 oz","16 oz","Market Basket.jpg",,"1"
"13434","Breakfast & Dairy","Dairy & Eggs","Eggs","Market Basket","Market Basket Pure Whites 100% Liquid Egg Whites","Market Basket Pure Whites 100% Liquid Egg Whites","6.09","0.0","","32 oz","32 oz","Market Basket.jpg",,"1"
"13435","Breakfast & Dairy","Dairy & Eggs","Eggs","Market Basket","U.S. Grade Grade A Large Eggs White","U.S. Grade Grade A Large Eggs White","2.39","0.0","","12 count","12 count","Market Basket.jpg",,"1"
"13436","Breakfast & Dairy","Dairy & Eggs","Eggs","Nature's Yoke Natural","Nature's Yoke Natural Eggs, Large","Nature's Yoke Natural Eggs, Large","4.79","0.0","","1 count","1 count","608.jpg",,"1"
"13437","Breakfast & Dairy","Dairy & Eggs","Eggs","Nature's Yoke Natural","Nature's Yoke Natural Eggs, Organic, Brown, Large","Nature's Yoke Natural Eggs, Organic, Brown, Large","2.99","0.0","","6 count","6 count","609.jpg",,"1"
"13438","Breakfast & Dairy","Dairy & Eggs","Eggs","Nature's Yoke Natural","Nature's Yoke Natural Eggs, Organic, Large","Nature's Yoke Natural Eggs, Organic, Large","4.79","0.0","","12 count","12 count","607.jpg",,"1"
"13439","Breakfast & Dairy","Dairy & Eggs","Eggs","Nature's Yoke Natural","Nature's Yoke Natural Eggs, Pastured, Large, Brown","Nature's Yoke Natural Eggs, Pastured, Large, Brown","4.79","0.0","","12 count","12 count","610.jpg",,"1"
"13440","Breakfast & Dairy","Dairy & Eggs","Eggs","Nellie's","Nellie's Free Range Extra Large Grade A Eggs","Nellie's Free Range Extra Large Grade A Eggs","4.89","0.0","","12 count","12 count","614.jpg",,"1"
"13441","Breakfast & Dairy","Dairy & Eggs","Eggs","Nellie's","Nellie's Large Free Range Grade A Eggs","Nellie's Large Free Range Grade A Eggs","3.69","0.0","","12 count","12 count","613.jpg",,"1"
"13442","Breakfast & Dairy","Dairy & Eggs","Eggs","Pete And Gerry's","Pete & Gerry's Organic Pure Egg Whites","Pete & Gerry's Organic Pure Egg Whites","5.59","0.0","","16 oz","16 oz","14763.jpg",,"1"
"13443","Breakfast & Dairy","Dairy & Eggs","Eggs","Pete And Gerry's","Pete And Gerry's Organic Eggs Large Grade A Eggs","Pete And Gerry's Organic Eggs Large Grade A Eggs","3.69","0.0","","6 count","6 count","616.jpg",,"1"
"13444","Breakfast & Dairy","Dairy & Eggs","Eggs","The Country Hen","The Country Hen Organic Large Grade A Eggs","The Country Hen Organic Large Grade A Eggs","4.59","0.0","","6 count","6 count","14756.jpg",,"1"
"13445","Breakfast & Dairy","Dairy & Eggs","Milk","Amish Country Farms Organic","Amish Country Farms Organic 1% Lowfat Milk","Amish Country Farms Organic 1% Lowfat Milk","3.69","0.0","","64 fl oz","64 fl oz","14729.jpg",,"1"
"13446","Breakfast & Dairy","Dairy & Eggs","Milk","Amish Country Farms Organic","Amish Country Farms Organic 2% Reduced Fat Milk","Amish Country Farms Organic 2% Reduced Fat Milk","4.59","0.0","","64 fl oz","64 fl oz","14732.jpg",,"1"
"13447","Breakfast & Dairy","Dairy & Eggs","Milk","Amish Country Farms Organic","Amish Country Farms Organic Organic Whole Milk","Amish Country Farms Organic Organic Whole Milk","4.59","0.0","","64 oz","64 oz","14719.jpg",,"1"
"13448","Breakfast & Dairy","Dairy & Eggs","Milk","DairyPure","DairyPure 2% Reduced Fat Milk","DairyPure 2% Reduced Fat Milk","4.79","0.0","","1 gal","1 gal","14728.jpg",,"1"
"13449","Breakfast & Dairy","Dairy & Eggs","Milk","DairyPure","DairyPure Fat Free Milk","DairyPure Fat Free Milk","2.79","0.0","","0.5 gal","0.5 gal","14734.jpg",,"1"
"13450","Breakfast & Dairy","Dairy & Eggs","Milk","Dean's Dairy","Dean's Dairy 2% Reduced Fat Milk","Dean's Dairy 2% Reduced Fat Milk","2.79","0.0","","64 fl oz","64 fl oz","14737.jpg",,"1"
"13451","Breakfast & Dairy","Dairy & Eggs","Milk","Dean's Dairy","Dean's Dairy Dairy Pure 2% Reduced Fat Milk","Dean's Dairy Dairy Pure 2% Reduced Fat Milk","1.69","0.0","","1 count","1 count","14745.jpg",,"1"
"13452","Breakfast & Dairy","Dairy & Eggs","Milk","Dean's Dairy","Dean's Dairy Vitamin D Whole Milk","Dean's Dairy Vitamin D Whole Milk","2.79","0.0","","0.5 gal","0.5 gal","14725.jpg",,"1"
"13453","Breakfast & Dairy","Dairy & Eggs","Milk","Fairlife","Fairlife Milk Lactose Free Reduced Fat 2% Milk","Fairlife Milk Lactose Free Reduced Fat 2% Milk","4.61","0.0","","52 fl oz","52 fl oz","531.jpg",,"1"
"13454","Breakfast & Dairy","Dairy & Eggs","Milk","Fairlife","Fairlife Milk Lactose Free Whole Milk","Fairlife Milk Lactose Free Whole Milk","4.61","0.0","","52 fl oz","52 fl oz","530.jpg",,"1"
"13455","Breakfast & Dairy","Dairy & Eggs","Milk","Florida's Natural","Florida's Natural 100% Premium Florida Orange Juice No Pulp","Florida's Natural 100% Premium Florida Orange Juice No Pulp","6.09","0.0","","89 fl oz","89 fl oz","14717.jpg",,"1"
"13456","Breakfast & Dairy","Dairy & Eggs","Milk","Garelick Farms","Garelick Farms Dairy Pure Milk 1% Lowfat","Garelick Farms Dairy Pure Milk 1% Lowfat","4.79","0.0","","1 gal","1 gal","508.jpg",,"1"
"13457","Breakfast & Dairy","Dairy & Eggs","Milk","Garelick Farms","Garelick Farms Dairy Pure Milk 1% Lowfat","Garelick Farms Dairy Pure Milk 1% Lowfat","2.79","0.0","","0.5 gal","0.5 gal","509.jpg",,"1"
"13458","Breakfast & Dairy","Dairy & Eggs","Milk","Garelick Farms","Garelick Farms Dairy Pure Milk Whole","Garelick Farms Dairy Pure Milk Whole","4.79","0.0","","1 gal","1 gal","507.jpg",,"1"
"13459","Breakfast & Dairy","Dairy & Eggs","Milk","Garelick Farms","Garelick Farms Dairy Pure Milk Whole","Garelick Farms Dairy Pure Milk Whole","2.49","0.0","","1 count","1 count","510.jpg",,"1"
"13460","Breakfast & Dairy","Dairy & Eggs","Milk","Garelick Farms","Garelick Farms Dairy Pure Reduced Fat Cultured Buttermilk","Garelick Farms Dairy Pure Reduced Fat Cultured Buttermilk","2.39","0.0","","1 count","1 count","512.jpg",,"1"
"13461","Breakfast & Dairy","Dairy & Eggs","Milk","Garelick Farms","TruMoo / BooStruck 1% Lowfat Milk Chocolate","TruMoo / BooStruck 1% Lowfat Milk Chocolate","5.36","0.0","","1 gal","1 gal","14722.jpg",,"1"
"13462","Breakfast & Dairy","Dairy & Eggs","Milk","Hershey's","Hershey's Chocolate Milk 2% Reduced Fat 18 CT","Hershey's Chocolate Milk 2% Reduced Fat 18 CT","15.89","0.0","","8 fl oz","8 fl oz","14735.jpg",,"1"
"13463","Breakfast & Dairy","Dairy & Eggs","Milk","Hershey's","Hershey's Chocolate Milk 2% Reduced Fat 3 CT","Hershey's Chocolate Milk 2% Reduced Fat 3 CT","2.49","0.0","","8 fl oz","8 fl oz","14730.jpg",,"10"
"13464","Breakfast & Dairy","Dairy & Eggs","Milk","Hood","Hood 1% Lowfat Milk","Hood 1% Lowfat Milk","3.11","0.0","","0.5 gal","0.5 gal","486.jpg",,"1"
"13465","Breakfast & Dairy","Dairy & Eggs","Milk","Hood","Hood 1% Lowfat Milk","Hood 1% Lowfat Milk","5.36","0.0","","1 gal","1 gal","490.jpg",,"1"
"13466","Breakfast & Dairy","Dairy & Eggs","Milk","Hood","Hood 1% Lowfat Milk","Hood 1% Lowfat Milk","1.74","0.0","","1 quart","1 quart","491.jpg",,"1"
"13467","Breakfast & Dairy","Dairy & Eggs","Milk","Hood","Hood 2% Reduced Fat Milk","Hood 2% Reduced Fat Milk","5.36","0.0","","1 gal","1 gal","485.jpg",,"1"
"13468","Breakfast & Dairy","Dairy & Eggs","Milk","Hood","Hood 2% Reduced Fat Milk","Hood 2% Reduced Fat Milk","3.11","0.0","","0.5 gal","0.5 gal","487.jpg",,"1"
"13469","Breakfast & Dairy","Dairy & Eggs","Milk","Hood","Hood 2% Reduced Fat Milk","Hood 2% Reduced Fat Milk","1.74","0.0","","1 quart","1 quart","495.jpg",,"1"
"13470","Breakfast & Dairy","Dairy & Eggs","Milk","Hood","Hood Chocolate Lowfat Milk","Hood Chocolate Lowfat Milk","4.79","0.0","","1 gal","1 gal","489.jpg",,"1"
"13471","Breakfast & Dairy","Dairy & Eggs","Milk","Hood","Hood Chocolate Lowfat Milk","Hood Chocolate Lowfat Milk","1.69","0.0","","32 oz","32 oz","497.jpg",,"1"
"13472","Breakfast & Dairy","Dairy & Eggs","Milk","Hood","Hood Chocolate Lowfat Milk","Hood Chocolate Lowfat Milk","4.36","0.0","","0.5 gal","0.5 gal","498.jpg",,"1"
"13473","Breakfast & Dairy","Dairy & Eggs","Milk","Hood","Hood Chocolate Milk","Hood Chocolate Milk","4.36","0.0","","0.5 gal","0.5 gal","493.jpg",,"1"
"13474","Breakfast & Dairy","Dairy & Eggs","Milk","Hood","Hood Cultured Fat Free Buttermilk","Hood Cultured Fat Free Buttermilk","1.99","0.0","","1 count","1 count","501.jpg",,"1"
"13475","Breakfast & Dairy","Dairy & Eggs","Milk","Hood","Hood Fat Free Milk","Hood Fat Free Milk","2.99","0.0","","0.5 gal","0.5 gal","494.jpg",,"1"
"13476","Breakfast & Dairy","Dairy & Eggs","Milk","Hood","Hood Fat Free Milk","Hood Fat Free Milk","5.36","0.0","","1 gal","1 gal","499.jpg",,"1"
"13477","Breakfast & Dairy","Dairy & Eggs","Milk","Hood","Hood Fat Free Milk","Hood Fat Free Milk","1.74","0.0","","1 quart","1 quart","500.jpg",,"1"
"13478","Breakfast & Dairy","Dairy & Eggs","Milk","Hood","Hood Reduced Fat Chocolate Dairy Beverage","Hood Reduced Fat Chocolate Dairy Beverage","3.69","0.0","","0.5 gal","0.5 gal","502.jpg",,"1"
"13479","Breakfast & Dairy","Dairy & Eggs","Milk","Hood","Hood Simply Smart Fat Free Milk","Hood Simply Smart Fat Free Milk","3.74","0.0","","0.5 gal","0.5 gal","492.jpg",,"1"
"13480","Breakfast & Dairy","Dairy & Eggs","Milk","Hood","Hood Simply Smart Low Fat Milk","Hood Simply Smart Low Fat Milk","3.74","0.0","","0.5 gal","0.5 gal","496.jpg",,"1"
"13481","Breakfast & Dairy","Dairy & Eggs","Milk","Hood","Hood Vitamins C & D Milk","Hood Vitamins C & D Milk","2.99","0.0","","0.5 gal","0.5 gal","482.jpg",,"1"
"13482","Breakfast & Dairy","Dairy & Eggs","Milk","Hood","Hood Vitamins C & D Milk","Hood Vitamins C & D Milk","4.89","0.0","","1 gal","1 gal","483.jpg",,"1"
"13483","Breakfast & Dairy","Dairy & Eggs","Milk","Hood","Hood Vitamins C & D Milk","Hood Vitamins C & D Milk","1.69","0.0","","1 count","1 count","484.jpg",,"1"
"13484","Breakfast & Dairy","Dairy & Eggs","Milk","Horizon","Horizon Lowfat Chocolate Milk","Horizon Lowfat Chocolate Milk","14.69","0.0","","8 fl oz","8 fl oz","514.jpg",,"10"
"13485","Breakfast & Dairy","Dairy & Eggs","Milk","Horizon","Horizon Organic Milk Fat Free","Horizon Organic Milk Fat Free","5.39","0.0","","64 oz","64 oz","516.jpg",,"1"
"13486","Breakfast & Dairy","Dairy & Eggs","Milk","Horizon","Horizon Vanilla Lowfat Milk","Horizon Vanilla Lowfat Milk","8.59","0.0","","12 x 8 fl oz","12 x 8 fl oz","513.jpg",,"1"
"13487","Breakfast & Dairy","Dairy & Eggs","Milk","Kate's Creamery","Kate's Creamery Real Butter Milk","Kate's Creamery Real Butter Milk","2.69","0.0","","1 count","1 count","14731.jpg",,"1"
"13488","Breakfast & Dairy","Dairy & Eggs","Milk","Market Basket","Market Basket 1% Lactose Free","Market Basket 1% Lactose Free","3.69","0.0","","1 gal","1 gal","Market Basket.jpg",,"1"
"13489","Breakfast & Dairy","Dairy & Eggs","Milk","Market Basket","Market Basket 1% Lowfat Milk","Market Basket 1% Lowfat Milk","3.24","0.0","","1 gal","1 gal","Market Basket.jpg",,"1"
"13490","Breakfast & Dairy","Dairy & Eggs","Milk","Market Basket","Market Basket 1% Milk","Market Basket 1% Milk","2.19","0.0","","0.5 gal","0.5 gal","Market Basket.jpg",,"1"
"13491","Breakfast & Dairy","Dairy & Eggs","Milk","Market Basket","Market Basket 1% Milk","Market Basket 1% Milk","4.29","0.0","","0.5 gal","0.5 gal","Market Basket.jpg",,"1"
"13492","Breakfast & Dairy","Dairy & Eggs","Milk","Market Basket","Market Basket 2% Milk","Market Basket 2% Milk","2.24","0.0","","0.5 gal","0.5 gal","Market Basket.jpg",,"1"
"13493","Breakfast & Dairy","Dairy & Eggs","Milk","Market Basket","Market Basket 2% Reduced Fat Milk","Market Basket 2% Reduced Fat Milk","3.74","0.0","","0.5 gal","0.5 gal","Market Basket.jpg",,"1"
"13494","Breakfast & Dairy","Dairy & Eggs","Milk","Market Basket","Market Basket Almond Break All Natural Almondmilk","Market Basket Almond Break All Natural Almondmilk","3.69","0.0","","0.5 gal","0.5 gal","Market Basket.jpg",,"1"
"13495","Breakfast & Dairy","Dairy & Eggs","Milk","Market Basket","Market Basket Almond Break Almond Milk","Market Basket Almond Break Almond Milk","3.09","0.0","","64 fl oz","64 fl oz","Market Basket.jpg",,"1"
"13496","Breakfast & Dairy","Dairy & Eggs","Milk","Market Basket","Market Basket Evaporated Milk","Market Basket Evaporated Milk","1.39","0.0","","1 count","1 count","Market Basket.jpg",,"1"
"13497","Breakfast & Dairy","Dairy & Eggs","Milk","Market Basket","Market Basket Fat Free Organic Milk","Market Basket Fat Free Organic Milk","4.36","0.0","","0.5 gal","0.5 gal","Market Basket.jpg",,"1"
"13498","Breakfast & Dairy","Dairy & Eggs","Milk","Market Basket","Market Basket Half & Half Creamer","Market Basket Half & Half Creamer","4.29","0.0","","0.5 gal","0.5 gal","Market Basket.jpg",,"1"
"13499","Breakfast & Dairy","Dairy & Eggs","Milk","Market Basket","Market Basket Whole Milk Vitamin D","Market Basket Whole Milk Vitamin D","3.24","0.0","","1 gal","1 gal","Market Basket.jpg",,"1"
"13500","Breakfast & Dairy","Dairy & Eggs","Milk","Market Basket","Market Basket Organic 2% Milk","Market Basket Organic 2% Milk","4.29","0.0","","0.5 gal","0.5 gal","480.jpg",,"1"
"13501","Breakfast & Dairy","Dairy & Eggs","Milk","Market Basket","Market Basket Organic Lowfat Milk","Market Basket Organic Lowfat Milk","4.36","0.0","","0.5 gal","0.5 gal","Market Basket.jpg",,"1"
"13502","Breakfast & Dairy","Dairy & Eggs","Milk","Market Basket","Market Basket Organic Lowfat Milk","Market Basket Organic Lowfat Milk","4.29","0.0","","64 fl oz","64 fl oz","Market Basket.jpg",,"1"
"13503","Breakfast & Dairy","Dairy & Eggs","Milk","Market Basket","Market Basket Organic Milk","Market Basket Organic Milk","4.59","0.0","","0.5 gal","0.5 gal","Market Basket.jpg",,"1"
"13504","Breakfast & Dairy","Dairy & Eggs","Milk","Market Basket","Market Basket Organic Skim Milk","Market Basket Organic Skim Milk","4.29","0.0","","0.5 gal","0.5 gal","481.jpg",,"1"
"13505","Breakfast & Dairy","Dairy & Eggs","Milk","Market Basket","Market Basket Organic Whole Milk","Market Basket Organic Whole Milk","7.49","0.0","","1 gal","1 gal","Market Basket.jpg",,"1"
"13506","Breakfast & Dairy","Dairy & Eggs","Milk","Market Basket","Market Basket Organic Whole Milk","Market Basket Organic Whole Milk","4.36","0.0","","0.5 gal","0.5 gal","Market Basket.jpg",,"1"
"13507","Breakfast & Dairy","Dairy & Eggs","Milk","Market Basket","Market Basket Reduced Fat Milk","Market Basket Reduced Fat Milk","4.59","0.0","","64 oz","64 oz","Market Basket.jpg",,"1"
"13508","Breakfast & Dairy","Dairy & Eggs","Milk","Market Basket","Market Basket Skim Fat Free Milk","Market Basket Skim Fat Free Milk","3.24","0.0","","1 gal","1 gal","Market Basket.jpg",,"1"
"13509","Breakfast & Dairy","Dairy & Eggs","Milk","Market Basket","Market Basket Skim Fat Free Milk","Market Basket Skim Fat Free Milk","2.24","0.0","","0.5 gal","0.5 gal","Market Basket.jpg",,"1"
"13510","Breakfast & Dairy","Dairy & Eggs","Milk","Market Basket","Market Basket Whole Milk Vitamin D","Market Basket Whole Milk Vitamin D","2.24","0.0","","0.5 gal","0.5 gal","Market Basket.jpg",,"1"
"13511","Breakfast & Dairy","Dairy & Eggs","Milk","McArthur","McArthur 1% Lowfat Milk","McArthur 1% Lowfat Milk","3.69","0.0","","0.5 gal","0.5 gal","523.jpg",,"1"
"13512","Breakfast & Dairy","Dairy & Eggs","Milk","McArthur","McArthur Dairy Pure 1% Lowfat Milk","McArthur Dairy Pure 1% Lowfat Milk","4.79","0.0","","1 gal","1 gal","520.jpg",,"1"
"13513","Breakfast & Dairy","Dairy & Eggs","Milk","McArthur","McArthur Dairy Pure 1% Lowfat Milk","McArthur Dairy Pure 1% Lowfat Milk","2.79","0.0","","32 fl oz","32 fl oz","521.jpg",,"1"
"13514","Breakfast & Dairy","Dairy & Eggs","Milk","McArthur","McArthur Dairy Pure Whole Milk","McArthur Dairy Pure Whole Milk","1.69","0.0","","32 fl oz","32 fl oz","519.jpg",,"1"
"13515","Breakfast & Dairy","Dairy & Eggs","Milk","McArthur","McArthur Skim Milk","McArthur Skim Milk","1.69","0.0","","32 fl oz","32 fl oz","522.jpg",,"1"
"13516","Breakfast & Dairy","Dairy & Eggs","Milk","McArthur","McArthur Vitamin D Whole Milk","McArthur Vitamin D Whole Milk","4.79","0.0","","1 gal","1 gal","518.jpg",,"1"
"13517","Breakfast & Dairy","Dairy & Eggs","Milk","Natrel","Natrel 1% Lowfat Milk","Natrel 1% Lowfat Milk","2.49","0.0","","1 count","1 count","14733.jpg",,"1"
"13518","Breakfast & Dairy","Dairy & Eggs","Milk","Natrel","Natrel 2% Milk Fat","Natrel 2% Milk Fat","2.49","0.0","","1 count","1 count","14724.jpg",,"1"
"13519","Breakfast & Dairy","Dairy & Eggs","Milk","Natrel","Natrel Milk, Low Fat, Chocolate, 1% Milkfat","Natrel Milk, Low Fat, Chocolate, 1% Milkfat","9.19","0.0","","8 count","8 count","14746.jpg",,"1"
"13520","Breakfast & Dairy","Dairy & Eggs","Milk","Ninho","Ninho Instant Dry Whole Milk","Ninho Instant Dry Whole Milk","7.39","0.0","","12.6 oz","12.6 oz","14740.jpg",,"1"
"13521","Breakfast & Dairy","Dairy & Eggs","Milk","Oakhurst","Oakhurst 1% Lowfat Chocolate Milk","Oakhurst 1% Lowfat Chocolate Milk","4.59","0.0","","1 gal","1 gal","Market Basket.jpg",,"1"
"13522","Breakfast & Dairy","Dairy & Eggs","Milk","Oakhurst","Oakhurst 2% Reduced Fat Milk","Oakhurst 2% Reduced Fat Milk","1.69","0.0","","1 count","1 count","Market Basket.jpg",,"1"
"13523","Breakfast & Dairy","Dairy & Eggs","Milk","Oakhurst","Oakhurst Fat Free Skim Milk","Oakhurst Fat Free Skim Milk","2.79","0.0","","2 gal","2 gal","Market Basket.jpg",,"1"
"13524","Breakfast & Dairy","Dairy & Eggs","Milk","Oakhurst","Oakhurst Fat Free Skim Milk","Oakhurst Fat Free Skim Milk","1.69","0.0","","1 count","1 count","Market Basket.jpg",,"1"
"13525","Breakfast & Dairy","Dairy & Eggs","Milk","Oakhurst","Oakhurst Milk","Oakhurst Milk","2.49","0.0","","0.5 gal","0.5 gal","Market Basket.jpg",,"1"
"13526","Breakfast & Dairy","Dairy & Eggs","Milk","Oakhurst","Oakhurst Whole Milk","Oakhurst Whole Milk","1.69","0.0","","1 count","1 count","Market Basket.jpg",,"1"
"13527","Breakfast & Dairy","Dairy & Eggs","Milk","Organic Valley","Organic Valley Grassmilk Reduced Fat 2%","Organic Valley Grassmilk Reduced Fat 2%","6.24","0.0","","0.5 gal","0.5 gal","503.jpg",,"1"
"13528","Breakfast & Dairy","Dairy & Eggs","Milk","Organic Valley","Organic Valley 2% Reduced Fat Milk Lactos Free","Organic Valley 2% Reduced Fat Milk Lactos Free","6.24","0.0","","0.5 gal","0.5 gal","506.jpg",,"1"
"13529","Breakfast & Dairy","Dairy & Eggs","Milk","Organic Valley","Organic Valley Whole Milk Lactos Free","Organic Valley Whole Milk Lactos Free","4.99","0.0","","0.5 gal","0.5 gal","504.jpg",,"1"
"13530","Breakfast & Dairy","Dairy & Eggs","Milk","Shaw's","Shaw's Low Fat Milk","Shaw's Low Fat Milk","3.69","0.0","","1 gal","1 gal","Market Basket.jpg",,"1"
"13531","Breakfast & Dairy","Dairy & Eggs","Milk","Silk","Silk Chocolate creamy Cashewmilk","Silk Chocolate creamy Cashewmilk","3.69","0.0","","64 fl oz","64 fl oz","14738.jpg",,"1"
"13532","Breakfast & Dairy","Dairy & Eggs","Milk","Simply Orange","Simply Orange Orange Juice Pulp Free","Simply Orange Orange Juice Pulp Free","4.29","0.0","","1.75 L","1.75 L","14720.jpg",,"1"
"13533","Breakfast & Dairy","Dairy & Eggs","Milk","Simply Smart","Simply Smart Chocolate Fat Free Milk","Simply Smart Chocolate Fat Free Milk","3.69","0.0","","0.5 gal","0.5 gal","14726.jpg",,"1"
"13534","Breakfast & Dairy","Dairy & Eggs","Milk","Stonyfield Organic","Stonyfield Organic Low Fat Milk","Stonyfield Organic Low Fat Milk","4.89","0.0","","0.5 gal","0.5 gal","525.jpg",,"1"
"13535","Breakfast & Dairy","Dairy & Eggs","Milk","Stonyfield Organic","Stonyfield Organic Protein Fat Free Milk","Stonyfield Organic Protein Fat Free Milk","4.99","0.0","","0.5 gal","0.5 gal","527.jpg",,"1"
"13536","Breakfast & Dairy","Dairy & Eggs","Milk","Stonyfield Organic","Stonyfield Organic Organic Reduced Fat Milk","Stonyfield Organic Organic Reduced Fat Milk","4.99","0.0","","0.5 gal","0.5 gal","526.jpg",,"1"
"13537","Breakfast & Dairy","Dairy & Eggs","Milk","Stonyfield Organic","Stonyfield Organic Whole Milk","Stonyfield Organic Whole Milk","4.99","0.0","","0.5 gal","0.5 gal","524.jpg",,"1"
"13538","Breakfast & Dairy","Dairy & Eggs","Milk","Tropicana ","Tropicana Calcium + Vitamin D No Pulp Orange Juice","Tropicana Calcium + Vitamin D No Pulp Orange Juice","3.69","0.0","","59 fl oz","59 fl oz","14718.jpg",,"1"
"13539","Breakfast & Dairy","Dairy & Eggs","Milk","TruMoo","TruMoo / BooStruck 1% Lowfat Milk Chocolate","TruMoo / BooStruck 1% Lowfat Milk Chocolate","4.36","0.0","","0.5 gal","0.5 gal","14727.jpg",,"1"
"13540","Breakfast & Dairy","Dairy & Eggs","Milk","Ydps","Ydps Yoo Hoo Chocolate Drink","Ydps Yoo Hoo Chocolate Drink","3.69","0.0","","10 x 6.5 fl oz","10 x 6.5 fl oz","14723.jpg",,"10"
"13541","Breakfast & Dairy","Dairy & Eggs","Other Creams & Cheeses","BelGioioso","BelGioioso Mascarpone Cream Cheese Spread","BelGioioso Mascarpone Cream Cheese Spread","3.69","0.0","","8 oz","8 oz","709.jpg",,"1"
"13542","Breakfast & Dairy","Dairy & Eggs","Other Creams & Cheeses","Boursin","Boursin Garlic & Herbs Cheese Dip","Boursin Garlic & Herbs Cheese Dip","4.29","0.0","","5.6 oz","5.6 oz","14789.jpg",,"1"
"13543","Breakfast & Dairy","Dairy & Eggs","Other Creams & Cheeses","Breakstone's","Breakstone'S Live Active Small Curd 2% Milkfat Lowfat Cottage Cheese","Breakstone'S Live Active Small Curd 2% Milkfat Lowfat Cottage Cheese","3.09","0.0","","4 oz","4 oz","694.jpg",,"1"
"13544","Breakfast & Dairy","Dairy & Eggs","Other Creams & Cheeses","Breakstone's","Breakstone'S Small Curd 2% Milkfat Lowfat Cottage Cheese","Breakstone'S Small Curd 2% Milkfat Lowfat Cottage Cheese","3.09","0.0","","4 oz","4 oz","692.jpg",,"1"
"13545","Breakfast & Dairy","Dairy & Eggs","Other Creams & Cheeses","Breakstone's","Breakstone's Small Curd Lowfat Cottage Cheese","Breakstone's Small Curd Lowfat Cottage Cheese","2.69","0.0","","16 oz","16 oz","695.jpg",,"1"
"13546","Breakfast & Dairy","Dairy & Eggs","Other Creams & Cheeses","Breakstone's","Breakstone'S Temp Tee Whipped Cream Cheese","Breakstone'S Temp Tee Whipped Cream Cheese","4.29","0.0","","11.5 oz","11.5 oz","693.jpg",,"1"
"13547","Breakfast & Dairy","Dairy & Eggs","Other Creams & Cheeses","Cabot Creamery","Cabot Creamery Vermont Style Cottage Cheese With Vitamin D","Cabot Creamery Vermont Style Cottage Cheese With Vitamin D","2.49","0.0","","1 lb","1 lb","696.jpg",,"1"
"13548","Breakfast & Dairy","Dairy & Eggs","Other Creams & Cheeses","Cabot Creamery","Cabot Creamery Vermont Style No Fat Cottage Cheese With Vitamin D","Cabot Creamery Vermont Style No Fat Cottage Cheese With Vitamin D","2.39","0.0","","1 lb","1 lb","697.jpg",,"1"
"13549","Breakfast & Dairy","Dairy & Eggs","Other Creams & Cheeses","Daisy","Daisy Low Fat Cottage Cheese Small Curd 2% Milkfat","Daisy Low Fat Cottage Cheese Small Curd 2% Milkfat","4.89","0.0","","16 oz","16 oz","700.jpg",,"1"
"13550","Breakfast & Dairy","Dairy & Eggs","Other Creams & Cheeses","Daisy","Daisy Pure & Natural Sour Cream","Daisy Pure & Natural Sour Cream","2.39","0.0","","16 oz","16 oz","698.jpg",,"1"
"13551","Breakfast & Dairy","Dairy & Eggs","Other Creams & Cheeses","Daisy","Daisy Small Curd Cottage Cheese","Daisy Small Curd Cottage Cheese","2.69","0.0","","16 oz","16 oz","699.jpg",,"1"
"13552","Breakfast & Dairy","Dairy & Eggs","Other Creams & Cheeses","Dragone","Dragone Whole Milk Ricotta Cheese","Dragone Whole Milk Ricotta Cheese","4.29","0.0","","32 oz","32 oz","14787.jpg",,"1"
"13553","Breakfast & Dairy","Dairy & Eggs","Other Creams & Cheeses","Dragone","Dragone Ricotta Part Skim Part Skim Ricotta Cheese","Dragone Ricotta Part Skim Part Skim Ricotta Cheese","4.29","0.0","","32 oz","32 oz","14792.jpg",,"1"
"13554","Breakfast & Dairy","Dairy & Eggs","Other Creams & Cheeses","Hood","Hood Fresh & Simple Sour Cream","Hood Fresh & Simple Sour Cream","1.59","0.0","","16 oz","16 oz","667.jpg",,"1"
"13555","Breakfast & Dairy","Dairy & Eggs","Other Creams & Cheeses","Galbani","Galbani Mascarpone Fresca","Galbani Mascarpone Fresca","4.89","0.0","","8 oz","8 oz","708.jpg",,"1"
"13556","Breakfast & Dairy","Dairy & Eggs","Other Creams & Cheeses","Galbani","Galbani Whole Milk Cheese Ricotta","Galbani Whole Milk Cheese Ricotta","3.09","0.0","","32 oz","32 oz","707.jpg",,"1"
"13557","Breakfast & Dairy","Dairy & Eggs","Other Creams & Cheeses","Hood","Hood 4% Cottage Cheese With Pineapple","Hood 4% Cottage Cheese With Pineapple","1.49","0.0","","5.3 oz","5.3 oz","674.jpg",,"1"
"13558","Breakfast & Dairy","Dairy & Eggs","Other Creams & Cheeses","Hood","Hood 4% Cottage Cheese With Pineapple Added","Hood 4% Cottage Cheese With Pineapple Added","3.69","0.0","","24 oz","24 oz","680.jpg",,"1"
"13559","Breakfast & Dairy","Dairy & Eggs","Other Creams & Cheeses","Hood","Hood Cottage Cheese Country Style","Hood Cottage Cheese Country Style","3.69","0.0","","24 oz","24 oz","670.jpg",,"1"
"13560","Breakfast & Dairy","Dairy & Eggs","Other Creams & Cheeses","Hood","Hood Cottage Cheese Country Style","Hood Cottage Cheese Country Style","1.49","0.0","","5.3 oz","5.3 oz","671.jpg",,"1"
"13561","Breakfast & Dairy","Dairy & Eggs","Other Creams & Cheeses","Hood","Hood Cottage Cheese Large Curd","Hood Cottage Cheese Large Curd","2.69","0.0","","16 oz","16 oz","677.jpg",,"1"
"13562","Breakfast & Dairy","Dairy & Eggs","Other Creams & Cheeses","Hood","Hood Cottage Cheese With Chive","Hood Cottage Cheese With Chive","1.49","0.0","","5.3 oz","5.3 oz","669.jpg",,"1"
"13563","Breakfast & Dairy","Dairy & Eggs","Other Creams & Cheeses","Hood","Hood Country Style Small Curd Cottage Cheese","Hood Country Style Small Curd Cottage Cheese","2.69","0.0","","16 oz","16 oz","678.jpg",,"1"
"13564","Breakfast & Dairy","Dairy & Eggs","Other Creams & Cheeses","Hood","Hood Limited Edition Golden Holiday Nog","Hood Limited Edition Golden Holiday Nog","5.79","0.0","","32 oz","32 oz","681.jpg",,"1"
"13565","Breakfast & Dairy","Dairy & Eggs","Other Creams & Cheeses","Hood","Hood Low Fat Small Curd Cottage Cheese","Hood Low Fat Small Curd Cottage Cheese","2.69","0.0","","16 oz","16 oz","675.jpg",,"1"
"13566","Breakfast & Dairy","Dairy & Eggs","Other Creams & Cheeses","Hood","Hood Lowfat Small Curd Cottage Cheese with Peaches","Hood Lowfat Small Curd Cottage Cheese with Peaches","1.89","0.0","","16 oz","16 oz","676.jpg",,"1"
"13567","Breakfast & Dairy","Dairy & Eggs","Other Creams & Cheeses","Hood","Hood No Salt Added Lowfat Small Curd Cottage Cheese","Hood No Salt Added Lowfat Small Curd Cottage Cheese","2.69","0.0","","16 oz","16 oz","679.jpg",,"1"
"13568","Breakfast & Dairy","Dairy & Eggs","Other Creams & Cheeses","Hood","Hood Small Curd Cottage Cheese with Chive","Hood Small Curd Cottage Cheese with Chive","3.69","0.0","","24 oz","24 oz","672.jpg",,"1"
"13569","Breakfast & Dairy","Dairy & Eggs","Other Creams & Cheeses","Hood","Hood Small Curd Cottage Cheese with Pineapple Added","Hood Small Curd Cottage Cheese with Pineapple Added","1.89","0.0","","16 oz","16 oz","668.jpg",,"1"
"13570","Breakfast & Dairy","Dairy & Eggs","Other Creams & Cheeses","Hood","Hood Small Curd Lowfat Cottage Cheese","Hood Small Curd Lowfat Cottage Cheese","1.49","0.0","","5.3 oz","5.3 oz","673.jpg",,"1"
"13571","Breakfast & Dairy","Dairy & Eggs","Other Creams & Cheeses","Kraft","Kraft Philadelphia Chive & Onion Reduced Fat Cream Cheese","Kraft Philadelphia Chive & Onion Reduced Fat Cream Cheese","3.09","0.0","","7.5 oz","7.5 oz","691.jpg",,"1"
"13572","Breakfast & Dairy","Dairy & Eggs","Other Creams & Cheeses","Kraft","Kraft Philadelphia Cream Cheese Spread, Original","Kraft Philadelphia Cream Cheese Spread, Original","5.29","0.0","","1 lb","1 lb","685.jpg",,"1"
"13573","Breakfast & Dairy","Dairy & Eggs","Other Creams & Cheeses","Kraft","Kraft Philadelphia Jalapeno Cream Cheese Spread","Kraft Philadelphia Jalapeno Cream Cheese Spread","3.69","0.0","","8 oz","8 oz","689.jpg",,"1"
"13574","Breakfast & Dairy","Dairy & Eggs","Other Creams & Cheeses","Kraft","Kraft Philadelphia Original Cream Cheese","Kraft Philadelphia Original Cream Cheese","2.49","0.0","","8 oz","8 oz","683.jpg",,"1"
"13575","Breakfast & Dairy","Dairy & Eggs","Other Creams & Cheeses","Kraft","Kraft Philadelphia Original Cream Cheese Spread","Kraft Philadelphia Original Cream Cheese Spread","4.29","0.0","","12 oz","12 oz","684.jpg",,"1"
"13576","Breakfast & Dairy","Dairy & Eggs","Other Creams & Cheeses","Kraft","Kraft Philadelphia Original Cream Cheese Spread","Kraft Philadelphia Original Cream Cheese Spread","3.09","0.0","","8 oz","8 oz","686.jpg",,"1"
"13577","Breakfast & Dairy","Dairy & Eggs","Other Creams & Cheeses","Kraft","Kraft Philadelphia Philadelphia Original Whipped Cream Cheese Spread","Kraft Philadelphia Philadelphia Original Whipped Cream Cheese Spread","3.09","0.0","","8 oz","8 oz","682.jpg",,"1"
"13578","Breakfast & Dairy","Dairy & Eggs","Other Creams & Cheeses","Market Basket","Market Basket Cottage Cheese","Market Basket Cottage Cheese","3.09","0.0","","24 oz","24 oz","Market Basket.jpg",,"1"
"13579","Breakfast & Dairy","Dairy & Eggs","Other Creams & Cheeses","Market Basket","Market Basket Cottage Cheese With Chive And Toasted Onion","Market Basket Cottage Cheese With Chive And Toasted Onion","1.89","0.0","","16 oz","16 oz","Market Basket.jpg",,"1"
"13580","Breakfast & Dairy","Dairy & Eggs","Other Creams & Cheeses","Market Basket","Market Basket Cottage Cheese, Pineapple","Market Basket Cottage Cheese, Pineapple","1.89","0.0","","16 oz","16 oz","Market Basket.jpg",,"1"
"13581","Breakfast & Dairy","Dairy & Eggs","Other Creams & Cheeses","Market Basket","Market Basket Country Cottage Cheese","Market Basket Country Cottage Cheese","3.19","0.0","","24 oz","24 oz","Market Basket.jpg",,"1"
"13582","Breakfast & Dairy","Dairy & Eggs","Other Creams & Cheeses","Market Basket","Market Basket Country Cottage Cheese","Market Basket Country Cottage Cheese","2.09","0.0","","16 oz","16 oz","Market Basket.jpg",,"1"
"13583","Breakfast & Dairy","Dairy & Eggs","Other Creams & Cheeses","Market Basket","Market Basket Cream Cheese","Market Basket Cream Cheese","1.59","0.0","","8 oz","8 oz","Market Basket.jpg",,"1"
"13584","Breakfast & Dairy","Dairy & Eggs","Other Creams & Cheeses","Market Basket","Market Basket Cream Cheese","Market Basket Cream Cheese","3.59","0.0","","16 oz","16 oz","Market Basket.jpg",,"1"
"13585","Breakfast & Dairy","Dairy & Eggs","Other Creams & Cheeses","Market Basket","Market Basket Cream Cheese","Market Basket Cream Cheese","2.79","0.0","","12 oz","12 oz","Market Basket.jpg",,"1"
"13586","Breakfast & Dairy","Dairy & Eggs","Other Creams & Cheeses","Market Basket","Market Basket Cream Cheese","Market Basket Cream Cheese","1.89","0.0","","8 oz","8 oz","Market Basket.jpg",,"1"
"13587","Breakfast & Dairy","Dairy & Eggs","Other Creams & Cheeses","Market Basket","Market Basket Cream Cheese Chive And Onion","Market Basket Cream Cheese Chive And Onion","2.79","0.0","","8 oz","8 oz","Market Basket.jpg",,"1"
"13588","Breakfast & Dairy","Dairy & Eggs","Other Creams & Cheeses","Market Basket","Market Basket Fat Free Cottage Cheese","Market Basket Fat Free Cottage Cheese","1.89","0.0","","16 oz","16 oz","Market Basket.jpg",,"1"
"13589","Breakfast & Dairy","Dairy & Eggs","Other Creams & Cheeses","Market Basket","Market Basket Fat Free Sour Cream","Market Basket Fat Free Sour Cream","1.49","0.0","","16 oz","16 oz","Market Basket.jpg",,"1"
"13590","Breakfast & Dairy","Dairy & Eggs","Other Creams & Cheeses","Market Basket","Market Basket Garden Vegetable Cream Cheese","Market Basket Garden Vegetable Cream Cheese","2.09","0.0","","8 oz","8 oz","Market Basket.jpg",,"1"
"13591","Breakfast & Dairy","Dairy & Eggs","Other Creams & Cheeses","Market Basket","Market Basket Low Fat Cottage Cheese","Market Basket Low Fat Cottage Cheese","3.19","0.0","","24 oz","24 oz","Market Basket.jpg",,"1"
"13592","Breakfast & Dairy","Dairy & Eggs","Other Creams & Cheeses","Market Basket","Market Basket Low Fat Cottage Cheese","Market Basket Low Fat Cottage Cheese","1.89","0.0","","16 oz","16 oz","Market Basket.jpg",,"1"
"13593","Breakfast & Dairy","Dairy & Eggs","Other Creams & Cheeses","Market Basket","Market Basket Low Fat Sour Cream","Market Basket Low Fat Sour Cream","1.59","0.0","","16 oz","16 oz","Market Basket.jpg",,"1"
"13594","Breakfast & Dairy","Dairy & Eggs","Other Creams & Cheeses","Market Basket","Market Basket Part Skim Ricotta","Market Basket Part Skim Ricotta","2.39","0.0","","15 oz","15 oz","Market Basket.jpg",,"1"
"13595","Breakfast & Dairy","Dairy & Eggs","Other Creams & Cheeses","Market Basket","Market Basket Part Skim Ricotta","Market Basket Part Skim Ricotta","3.09","0.0","","32 oz","32 oz","Market Basket.jpg",,"1"
"13596","Breakfast & Dairy","Dairy & Eggs","Other Creams & Cheeses","Market Basket","Market Basket Shredded Mozzarella Cheese","Market Basket Shredded Mozzarella Cheese","2.49","0.0","","8 oz","8 oz","Market Basket.jpg",,"1"
"13597","Breakfast & Dairy","Dairy & Eggs","Other Creams & Cheeses","Market Basket","Market Basket Sour Cream","Market Basket Sour Cream","1.09","0.0","","8 oz","8 oz","Market Basket.jpg",,"1"
"13598","Breakfast & Dairy","Dairy & Eggs","Other Creams & Cheeses","Market Basket","Market Basket Sour Cream","Market Basket Sour Cream","1.59","0.0","","16 oz","16 oz","666.jpg",,"1"
"13599","Breakfast & Dairy","Dairy & Eggs","Other Creams & Cheeses","Market Basket","Market Basket Whipped Cream Cheese","Market Basket Whipped Cream Cheese","3.09","0.0","","12 oz","12 oz","Market Basket.jpg",,"1"
"13600","Breakfast & Dairy","Dairy & Eggs","Other Creams & Cheeses","Market Basket","Market Basket Whipped Cream Cheese","Market Basket Whipped Cream Cheese","2.09","0.0","","8 oz","8 oz","Market Basket.jpg",,"1"
"13601","Breakfast & Dairy","Dairy & Eggs","Other Creams & Cheeses","Market Basket","Market Basket Whole Milk Ricotta","Market Basket Whole Milk Ricotta","2.39","0.0","","15 oz","15 oz","Market Basket.jpg",,"1"
"13602","Breakfast & Dairy","Dairy & Eggs","Other Creams & Cheeses","Market Basket","Market Basket Whole Milk Ricotta","Market Basket Whole Milk Ricotta","3.09","0.0","","32 oz","32 oz","Market Basket.jpg",,"1"
"13603","Breakfast & Dairy","Dairy & Eggs","Other Creams & Cheeses","Market Basket","Summer Maid Creamery Heavy Cream","Summer Maid Creamery Heavy Cream","4.89","0.0","","1 count","1 count","Market Basket.jpg",,"1"
"13604","Breakfast & Dairy","Dairy & Eggs","Other Creams & Cheeses","Market Basket","Tofutti Better Than Cream Cheese Imitation Cream Cheese Plain","Tofutti Better Than Cream Cheese Imitation Cream Cheese Plain","4.89","0.0","","8 oz","8 oz","14790.jpg",,"1"
"13605","Breakfast & Dairy","Dairy & Eggs","Other Creams & Cheeses","Nestle","Nestl Coffee Mate Almond Milk Caramel All Natural Liquid Coffee Creamer","Nestl Coffee Mate Almond Milk Caramel All Natural Liquid Coffee Creamer","3.29","0.0","","16 fl oz","16 fl oz","14786.jpg",,"1"
"13606","Breakfast & Dairy","Dairy & Eggs","Other Creams & Cheeses","Oikos","Oikos Triple Zero Coconut Crme Blended Greek Yogurt","Oikos Triple Zero Coconut Crme Blended Greek Yogurt","1.29","0.0","","5.3 oz","5.3 oz","14791.jpg",,"1"
"13607","Breakfast & Dairy","Dairy & Eggs","Other Creams & Cheeses","Sargento","Sargento Balanced Breaks, Natural Sharp White Cheddar Cheese, Sea Salted Cashews and Golden Raisin Medley","Sargento Balanced Breaks, Natural Sharp White Cheddar Cheese, Sea Salted Cashews and Golden Raisin Medley","4.29","0.0","","1.5 oz","1.5 oz","705.jpg",,"1"
"13608","Breakfast & Dairy","Dairy & Eggs","Other Creams & Cheeses","Sargento","Sargento Balanced Breaks, Natural White Cheddar Cheese, Sea Salted Roasted Almonds and Dried Cranberries, One.Five oz., Three Pack","Sargento Balanced Breaks, Natural White Cheddar Cheese, Sea Salted Roasted Almonds and Dried Cranberries, One.Five oz., Three Pack","3.69","0.0","","3 x 1.5 oz","3 x 1.5 oz","704.jpg",,"1"
"13609","Breakfast & Dairy","Dairy & Eggs","Other Creams & Cheeses","Sargento","Sargento Balanced Breaks, Pepper Jack Natural Cheese, Honey Roasted Peanuts and Raisins","Sargento Balanced Breaks, Pepper Jack Natural Cheese, Honey Roasted Peanuts and Raisins","3.69","0.0","","4.5 oz","4.5 oz","706.jpg",,"1"
"13610","Breakfast & Dairy","Dairy & Eggs","Other Creams & Cheeses","The Laughing Cow","The Laughing Cow Creamy Light Swiss Cheese Spread","The Laughing Cow Creamy Light Swiss Cheese Spread","3.09","0.0","","8 x 0.75 oz","8 x 0.75 oz","14785.jpg",,"1"
"13611","Breakfast & Dairy","Dairy & Eggs","Other Creams & Cheeses","Weight Watchers","Weight Watchers Reduced Fat Whipped Cream Cheese Spread","Weight Watchers Reduced Fat Whipped Cream Cheese Spread","2.69","0.0","","8 oz","8 oz","14793.jpg",,"1"
"13612","Breakfast & Dairy","Dairy & Eggs","Packaged Cheese","4C","4C Grated Cheese Homestyle All Natural Parmesan","4C Grated Cheese Homestyle All Natural Parmesan","1.49","0.0","","6 oz","6 oz","14588.jpg",,"4"
"13613","Breakfast & Dairy","Dairy & Eggs","Packaged Cheese","Alouette","Alouette Soft Spreadable Cheese Garlic & Herbs","Alouette Soft Spreadable Cheese Garlic & Herbs","3.69","0.0","","6.5 oz","6.5 oz","14563.jpg",,"1"
"13614","Breakfast & Dairy","Dairy & Eggs","Packaged Cheese","Ambriola","Ambriola Pecorino Romano","Ambriola Pecorino Romano","6.09","0.0","","8 oz","8 oz","Market Basket.jpg",,"1"
"13615","Breakfast & Dairy","Dairy & Eggs","Packaged Cheese","Apple Smoked","Apple Smoked Cheese Apple Smoked Cheddar Cheese","Apple Smoked Cheese Apple Smoked Cheddar Cheese","4.89","0.0","","8 oz","8 oz","14625.jpg",,"1"
"13616","Breakfast & Dairy","Dairy & Eggs","Packaged Cheese","Apple Smoked","Apple Smoked Cheese Apple Smoked Gruyere Cheese","Apple Smoked Cheese Apple Smoked Gruyere Cheese","4.89","0.0","","8 oz","8 oz","14584.jpg",,"1"
"13617","Breakfast & Dairy","Dairy & Eggs","Packaged Cheese","Applegate","Applegate Organic American Cheese","Applegate Organic American Cheese","4.09","0.0","","5 oz","5 oz","14590.jpg",,"1"
"13618","Breakfast & Dairy","Dairy & Eggs","Packaged Cheese","Applegate","Applegate Organic Cheddar Cheese, Mild","Applegate Organic Cheddar Cheese, Mild","4.09","0.0","","5 oz","5 oz","14622.jpg",,"1"
"13619","Breakfast & Dairy","Dairy & Eggs","Packaged Cheese","Arla Dofino","Arla Dofino Dill Havarti Cheese","Arla Dofino Dill Havarti Cheese","3.69","0.0","","8 oz","8 oz","14629.jpg",,"1"
"13620","Breakfast & Dairy","Dairy & Eggs","Packaged Cheese","Athenos","Athenos Crumbled Traditional Fat Free Feta Cheese","Athenos Crumbled Traditional Fat Free Feta Cheese","3.09","0.0","","5 oz","5 oz","14581.jpg",,"1"
"13621","Breakfast & Dairy","Dairy & Eggs","Packaged Cheese","Athenos","Athenos Crumbled Traditional Feta Cheese","Athenos Crumbled Traditional Feta Cheese","4.29","0.0","","16 oz","16 oz","14613.jpg",,"1"
"13622","Breakfast & Dairy","Dairy & Eggs","Packaged Cheese","Athenos","Athenos Traditional Crumbled Feta Cheese","Athenos Traditional Crumbled Feta Cheese","3.69","0.0","","12 oz","12 oz","14564.jpg",,"1"
"13623","Breakfast & Dairy","Dairy & Eggs","Packaged Cheese","BelGioioso","BelGioioso Burrata","BelGioioso Burrata","6.09","0.0","","8 oz","8 oz","171.jpg",,"1"
"13624","Breakfast & Dairy","Dairy & Eggs","Packaged Cheese","BelGioioso","BelGioioso Cheese Parmesan","BelGioioso Cheese Parmesan","4.89","0.0","","8 oz","8 oz","14565.jpg",,"1"
"13625","Breakfast & Dairy","Dairy & Eggs","Packaged Cheese","BelGioioso","BelGioioso Mozzarella Bocconcini Fresh","BelGioioso Mozzarella Bocconcini Fresh","6.09","0.0","","7 oz","7 oz","176.jpg",,"1"
"13626","Breakfast & Dairy","Dairy & Eggs","Packaged Cheese","BelGioioso","BelGioioso Sliced Mild Provolone Cheese","BelGioioso Sliced Mild Provolone Cheese","3.69","0.0","","8 oz","8 oz","173.jpg",,"22"
"13627","Breakfast & Dairy","Dairy & Eggs","Packaged Cheese","Biazzo","Biazzo Premium Whole Milk Mozzarella Cheese","Biazzo Premium Whole Milk Mozzarella Cheese","3.69","0.0","","1 lb","1 lb","14628.jpg",,"1"
"13628","Breakfast & Dairy","Dairy & Eggs","Packaged Cheese","Boursin","Boursin Garlic & Fine Herbs Gournay Cheese","Boursin Garlic & Fine Herbs Gournay Cheese","4.89","0.0","","5.2 oz","5.2 oz","14568.jpg",,"1"
"13629","Breakfast & Dairy","Dairy & Eggs","Packaged Cheese","Boursin","Boursin Garlic & Herb Gourmet Spreadable Cheese","Boursin Garlic & Herb Gourmet Spreadable Cheese","4.89","0.0","","6.5 oz","6.5 oz","14618.jpg",,"1"
"13630","Breakfast & Dairy","Dairy & Eggs","Packaged Cheese","Cabot","Cabot American Cheese Food","Cabot American Cheese Food","2.69","0.0","","12 oz","12 oz","180.jpg",,"1"
"13631","Breakfast & Dairy","Dairy & Eggs","Packaged Cheese","Cabot","Cabot Cheese Bars, 50% Reduced Fat, Sharp Cheddar","Cabot Cheese Bars, 50% Reduced Fat, Sharp Cheddar","3.09","0.0","","8 count","8 count","177.jpg",,"1"
"13632","Breakfast & Dairy","Dairy & Eggs","Packaged Cheese","Cabot","Cabot Cheese Bars, Seriously Sharp Cheddar","Cabot Cheese Bars, Seriously Sharp Cheddar","3.09","0.0","","8 count","8 count","178.jpg",,"1"
"13633","Breakfast & Dairy","Dairy & Eggs","Packaged Cheese","Cabot","Cabot Cheese Cheese, New York Extra Sharp Cheddar Cheese Slices","Cabot Cheese Cheese, New York Extra Sharp Cheddar Cheese Slices","3.59","0.0","","8 oz","8 oz","14576.jpg",,"1"
"13634","Breakfast & Dairy","Dairy & Eggs","Packaged Cheese","Cabot","Cabot Cheese Cheese, Sharp Lite Cheddar Slices","Cabot Cheese Cheese, Sharp Lite Cheddar Slices","3.59","0.0","","8 oz","8 oz","14593.jpg",,"1"
"13635","Breakfast & Dairy","Dairy & Eggs","Packaged Cheese","Cabot","Cabot Cheese Swiss Cheese Slices","Cabot Cheese Swiss Cheese Slices","3.59","0.0","","8 oz","8 oz","14583.jpg",,"1"
"13636","Breakfast & Dairy","Dairy & Eggs","Packaged Cheese","Cabot","Cabot Classic Vermont Extra Sharp Cheddar Cheese","Cabot Classic Vermont Extra Sharp Cheddar Cheese","7.39","0.0","","1 lb","1 lb","Market Basket.jpg",,"1"
"13637","Breakfast & Dairy","Dairy & Eggs","Packaged Cheese","Cabot","Cabot Pasteurized Process American Cheese Food","Cabot Pasteurized Process American Cheese Food","3.29","0.0","","12 oz","12 oz","181.jpg",,"1"
"13638","Breakfast & Dairy","Dairy & Eggs","Packaged Cheese","Cabot","Cabot Sharp Cheddar Cheese Slices","Cabot Sharp Cheddar Cheese Slices","5.49","0.0","","10 x 8 oz","10 x 8 oz","179.jpg",,"1"
"13639","Breakfast & Dairy","Dairy & Eggs","Packaged Cheese","Cabot","Cabot Shredded Cheddar Cheese Sharp Light","Cabot Shredded Cheddar Cheese Sharp Light","3.09","0.0","","8 oz","8 oz","182.jpg",,"1"
"13640","Breakfast & Dairy","Dairy & Eggs","Packaged Cheese","Cabot Creamery","Cabot Creamery Aged Alpine Cheddar Cheese","Cabot Creamery Aged Alpine Cheddar Cheese","2.99","0.0","","8 oz","8 oz","141.jpg",,"1"
"13641","Breakfast & Dairy","Dairy & Eggs","Packaged Cheese","Cabot Creamery","Cabot Creamery Aged Seriously Sharp Cheddar Cheese","Cabot Creamery Aged Seriously Sharp Cheddar Cheese","2.99","0.0","","8 oz","8 oz","134.jpg",,"1"
"13642","Breakfast & Dairy","Dairy & Eggs","Packaged Cheese","Cabot Creamery","Cabot Creamery Extra Light Vermont Sharp Cheddar Cheese","Cabot Creamery Extra Light Vermont Sharp Cheddar Cheese","2.99","0.0","","8 oz","8 oz","146.jpg",,"1"
"13643","Breakfast & Dairy","Dairy & Eggs","Packaged Cheese","Cabot Creamery","Cabot Creamery Extra Sharp Cheddar Cheese","Cabot Creamery Extra Sharp Cheddar Cheese","3.59","0.0","","8 oz","8 oz","137.jpg",,"1"
"13644","Breakfast & Dairy","Dairy & Eggs","Packaged Cheese","Cabot Creamery","Cabot Creamery Extra Sharp Cheddar Cheese","Cabot Creamery Extra Sharp Cheddar Cheese","10.99","0.0","","2 lb","2 lb","147.jpg",,"1"
"13645","Breakfast & Dairy","Dairy & Eggs","Packaged Cheese","Cabot Creamery","Cabot Creamery Hand Selected Premium Cheddar Cheese Seriously Sharp","Cabot Creamery Hand Selected Premium Cheddar Cheese Seriously Sharp","3.09","0.0","","8 oz","8 oz","138.jpg",,"1"
"13646","Breakfast & Dairy","Dairy & Eggs","Packaged Cheese","Cabot Creamery","Cabot Creamery Light Vermont Sharp Cheddar Cheese","Cabot Creamery Light Vermont Sharp Cheddar Cheese","2.69","0.0","","8 oz","8 oz","143.jpg",,"1"
"13647","Breakfast & Dairy","Dairy & Eggs","Packaged Cheese","Cabot Creamery","Cabot Creamery Low Moisture Whole Milk Mozzarella Shredded Cheese","Cabot Creamery Low Moisture Whole Milk Mozzarella Shredded Cheese","3.13","0.0","","8 oz","8 oz","144.jpg",,"1"
"13648","Breakfast & Dairy","Dairy & Eggs","Packaged Cheese","Cabot Creamery","Cabot Creamery New York Extra Sharp Shredded Cheddar Cheese","Cabot Creamery New York Extra Sharp Shredded Cheddar Cheese","3.09","0.0","","8 oz","8 oz","142.jpg",,"1"
"13649","Breakfast & Dairy","Dairy & Eggs","Packaged Cheese","Cabot Creamery","Cabot Creamery Premium Natural Cheese Pepper Jack","Cabot Creamery Premium Natural Cheese Pepper Jack","2.69","0.0","","8 oz","8 oz","135.jpg",,"1"
"13650","Breakfast & Dairy","Dairy & Eggs","Packaged Cheese","Cabot Creamery","Cabot Creamery Premium Naturally Aged Cheddar Cheese Vermont Sharp","Cabot Creamery Premium Naturally Aged Cheddar Cheese Vermont Sharp","2.99","0.0","","8 oz","8 oz","139.jpg",,"1"
"13651","Breakfast & Dairy","Dairy & Eggs","Packaged Cheese","Cabot Creamery","Cabot Creamery Seriously Sharp Cheddar Cheese","Cabot Creamery Seriously Sharp Cheddar Cheese","10.99","0.0","","2 lb","2 lb","145.jpg",,"1"
"13652","Breakfast & Dairy","Dairy & Eggs","Packaged Cheese","Cacique","Cacique Queso Fresco Part Skim Milk Cheese","Cacique Queso Fresco Part Skim Milk Cheese","4.89","0.0","","10 oz","10 oz","14582.jpg",,"1"
"13653","Breakfast & Dairy","Dairy & Eggs","Packaged Cheese","California Olive Ranch Frigo Cheese Heads","California Olive Ranch Frigo Cheese Heads Light String Cheese","California Olive Ranch Frigo Cheese Heads Light String Cheese","7.19","0.0","","24 x 20 oz","24 x 20 oz","14606.jpg",,"1"
"13654","Breakfast & Dairy","Dairy & Eggs","Packaged Cheese","California Olive Ranch Frigo Cheese Heads","California Olive Ranch Frigo Cheese Heads Original String Cheese","California Olive Ranch Frigo Cheese Heads Original String Cheese","7.19","0.0","","24 oz","24 oz","14559.jpg",,"1"
"13655","Breakfast & Dairy","Dairy & Eggs","Packaged Cheese","California Olive Ranch Frigo Cheese Heads","California Olive Ranch Frigo Cheese Heads Wisconsin Cheddar with Parmesan Notes Cheese Sticks","California Olive Ranch Frigo Cheese Heads Wisconsin Cheddar with Parmesan Notes Cheese Sticks","3.69","0.0","","8.3 oz","8.3 oz","14607.jpg",,"1"
"13656","Breakfast & Dairy","Dairy & Eggs","Packaged Cheese","Castello","Castello The Original Danish Blue Cheese","Castello The Original Danish Blue Cheese","3.89","0.0","","4.4 oz","4.4 oz","14577.jpg",,"1"
"13657","Breakfast & Dairy","Dairy & Eggs","Packaged Cheese","Chevrine","Chevrine Crumbled Goat Cheese","Chevrine Crumbled Goat Cheese","3.69","0.0","","6 oz","6 oz","Market Basket.jpg",,"1"
"13658","Breakfast & Dairy","Dairy & Eggs","Packaged Cheese","Cracker Barrel","Cracker Barrel Aged Reserve Cheddar Cheese","Cracker Barrel Aged Reserve Cheddar Cheese","3.09","0.0","","8 oz","8 oz","185.jpg",,"1"
"13659","Breakfast & Dairy","Dairy & Eggs","Packaged Cheese","Cracker Barrel","Cracker Barrel Cracker Cuts Sharp White Cheddar Cheese","Cracker Barrel Cracker Cuts Sharp White Cheddar Cheese","3.69","0.0","","24 x 7 oz","24 x 7 oz","183.jpg",,"1"
"13660","Breakfast & Dairy","Dairy & Eggs","Packaged Cheese","Cracker Barrel","Cracker Barrel Extra Sharp White Cheddar Cheese Sticks","Cracker Barrel Extra Sharp White Cheddar Cheese Sticks","4.29","0.0","","10 x 7.5 oz","10 x 7.5 oz","184.jpg",,"1"
"13661","Breakfast & Dairy","Dairy & Eggs","Packaged Cheese","Cracker Barrel","Cracker Barrel Vermont Sharp White Cheddar Cheese Chunk","Cracker Barrel Vermont Sharp White Cheddar Cheese Chunk","3.69","0.0","","8 oz","8 oz","186.jpg",,"1"
"13662","Breakfast & Dairy","Dairy & Eggs","Packaged Cheese","Digiorno","DiGiorno Shredded Parmesan Cheese","DiGiorno Shredded Parmesan Cheese","3.09","0.0","","5 oz","5 oz","Market Basket.jpg",,"1"
"13663","Breakfast & Dairy","Dairy & Eggs","Packaged Cheese","Disney","Disney Mozzarella String Cheese","Disney Mozzarella String Cheese","2.49","0.0","","12 x 10 oz","12 x 10 oz","14560.jpg",,"1"
"13664","Breakfast & Dairy","Dairy & Eggs","Packaged Cheese","Dragone","Dragone Whole Milk Mozzarella Cheese","Dragone Whole Milk Mozzarella Cheese","3.89","0.0","","16 oz","16 oz","14612.jpg",,"1"
"13665","Breakfast & Dairy","Dairy & Eggs","Packaged Cheese","BelGioioso","BelGioioso All Natural Cheese Fresh Mozzarella Ciliegine ""Cherry Size""","BelGioioso All Natural Cheese Fresh Mozzarella Ciliegine ""Cherry Size""","3.69","0.0","","7 oz","7 oz","170.jpg",,"1"
"13666","Breakfast & Dairy","Dairy & Eggs","Packaged Cheese","BelGioioso","Belgioioso Fresh Mozzarella Cheese, Prosciutto & Basil Roll","Belgioioso Fresh Mozzarella Cheese, Prosciutto & Basil Roll","7.39","0.0","","8 oz","8 oz","175.jpg",,"1"
"13667","Breakfast & Dairy","Dairy & Eggs","Packaged Cheese","BelGioioso","BelGioioso Fresh Mozzarella Log","BelGioioso Fresh Mozzarella Log","9.79","0.0","","1 lb","1 lb","174.jpg",,"1"
"13668","Breakfast & Dairy","Dairy & Eggs","Packaged Cheese","BelGioioso","Galbani Fresh Mozzarella Pearls","Galbani Fresh Mozzarella Pearls","3.69","0.0","","8 oz","8 oz","172.jpg",,"1"
"13669","Breakfast & Dairy","Dairy & Eggs","Packaged Cheese","Chevrine","Chevrine Fresh Goat Cheese Garlic & Herbs","Chevrine Fresh Goat Cheese Garlic & Herbs","3.09","0.0","","4 oz","4 oz","Market Basket.jpg",,"1"
"13670","Breakfast & Dairy","Dairy & Eggs","Packaged Cheese","Chevrine","Chevrine Fresh Goat Cheese Natural","Chevrine Fresh Goat Cheese Natural","6.09","0.0","","8 oz","8 oz","Market Basket.jpg",,"1"
"13671","Breakfast & Dairy","Dairy & Eggs","Packaged Cheese","Chevrine","Chevrine Fresh Goat Cheese Natural","Chevrine Fresh Goat Cheese Natural","3.09","0.0","","4 oz","4 oz","Market Basket.jpg",,"1"
"13672","Breakfast & Dairy","Dairy & Eggs","Packaged Cheese","Chevrine","Chevrine Fresh Goat Cheese Natural","Chevrine Fresh Goat Cheese Natural","6.09","0.0","","11 oz","11 oz","Market Basket.jpg",,"1"
"13673","Breakfast & Dairy","Dairy & Eggs","Packaged Cheese","Formaggio","Formaggio Hand Tossed Fresh Mozzarella Salad Sundried Tomato & Parsley","Formaggio Hand Tossed Fresh Mozzarella Salad Sundried Tomato & Parsley","6.09","0.0","","12 oz","12 oz","14623.jpg",,"1"
"13674","Breakfast & Dairy","Dairy & Eggs","Packaged Cheese","Stella","Stella Fresh Feta Cheese Chunks","Stella Fresh Feta Cheese Chunks","4.89","0.0","","1 lb","1 lb","14596.jpg",,"1"
"13675","Breakfast & Dairy","Dairy & Eggs","Packaged Cheese","Tropical","Tropical Queso Fresco, Fresh Cheese","Tropical Queso Fresco, Fresh Cheese","7.39","0.0","","14 oz","14 oz","Market Basket.jpg",,"1"
"13676","Breakfast & Dairy","Dairy & Eggs","Packaged Cheese","Friendship","Friendship Cheese, Farmer","Friendship Cheese, Farmer","4.89","0.0","","16 oz","16 oz","14610.jpg",,"1"
"13677","Breakfast & Dairy","Dairy & Eggs","Packaged Cheese","Friendship","Friendship Dairies 4% Milkfat Minimum Cottage Cheese Small Curd California Style","Friendship Dairies 4% Milkfat Minimum Cottage Cheese Small Curd California Style","3.29","0.0","","16 oz","16 oz","14579.jpg",,"1"
"13678","Breakfast & Dairy","Dairy & Eggs","Packaged Cheese","Frigo","Frigo Cheese, Light, Part Skim, Mozzarella, Low Moisture, String","Frigo Cheese, Light, Part Skim, Mozzarella, Low Moisture, String","3.69","0.0","","10 oz","10 oz","14567.jpg",,"1"
"13679","Breakfast & Dairy","Dairy & Eggs","Packaged Cheese","Frigo","Frigo String Cheese, Original, 12 Pack","Frigo String Cheese, Original, 12 Pack","4.29","0.0","","12 oz","12 oz","14573.jpg",,"1"
"13680","Breakfast & Dairy","Dairy & Eggs","Packaged Cheese","Galbani","Galbani Cheese Mozzarella Part Skim","Galbani Cheese Mozzarella Part Skim","3.69","0.0","","16 oz","16 oz","156.jpg",,"1"
"13681","Breakfast & Dairy","Dairy & Eggs","Packaged Cheese","Galbani","Galbani Cheese Mozzarella Whole Milk","Galbani Cheese Mozzarella Whole Milk","3.69","0.0","","16 oz","16 oz","154.jpg",,"1"
"13682","Breakfast & Dairy","Dairy & Eggs","Packaged Cheese","Galbani","Galbani Cheese, Perfectly Sliced, Mozzarella Fresca","Galbani Cheese, Perfectly Sliced, Mozzarella Fresca","3.29","0.0","","8 oz","8 oz","152.jpg",,"1"
"13683","Breakfast & Dairy","Dairy & Eggs","Packaged Cheese","Galbani","Galbani Cheese, Pre Sliced, Mozzarella Fresca","Galbani Cheese, Pre Sliced, Mozzarella Fresca","4.89","0.0","","16 count","16 count","149.jpg",,"1"
"13684","Breakfast & Dairy","Dairy & Eggs","Packaged Cheese","Galbani","Galbani Cheese, String, Mozzarella, Reduced Fat","Galbani Cheese, String, Mozzarella, Reduced Fat","3.09","0.0","","12 count","12 count","155.jpg",,"1"
"13685","Breakfast & Dairy","Dairy & Eggs","Packaged Cheese","Galbani","Galbani Colby Jack Cheese Sticks","Galbani Colby Jack Cheese Sticks","3.09","0.0","","0.83 oz","0.83 oz","150.jpg",,"1"
"13686","Breakfast & Dairy","Dairy & Eggs","Packaged Cheese","Galbani","Galbani Low Moisture Part Skim String Cheese Mozzarella","Galbani Low Moisture Part Skim String Cheese Mozzarella","3.69","0.0","","12 count","12 count","148.jpg",,"1"
"13687","Breakfast & Dairy","Dairy & Eggs","Packaged Cheese","Galbani","Galbani Marscarpone Mozzarella Fresca","Galbani Marscarpone Mozzarella Fresca","3.09","0.0","","8 oz","8 oz","151.jpg",,"1"
"13688","Breakfast & Dairy","Dairy & Eggs","Packaged Cheese","Galbani","Galbani Mozzarella Fresca","Galbani Mozzarella Fresca","3.29","0.0","","8 oz","8 oz","157.jpg",,"1"
"13689","Breakfast & Dairy","Dairy & Eggs","Packaged Cheese","Galbani","Galbani Mozzarella Fresca","Galbani Mozzarella Fresca","6.09","0.0","","1 lb","1 lb","158.jpg",,"1"
"13690","Breakfast & Dairy","Dairy & Eggs","Packaged Cheese","Galbani","Galbani Part Skim Milk Cheese Ricotta","Galbani Part Skim Milk Cheese Ricotta","3.09","0.0","","2 lb","2 lb","153.jpg",,"1"
"13691","Breakfast & Dairy","Dairy & Eggs","Packaged Cheese","Great Lakes","Great Lakes Cheese Crumbled Blue Cheese","Great Lakes Cheese Crumbled Blue Cheese","1.89","0.0","","4 oz","4 oz","14608.jpg",,"1"
"13692","Breakfast & Dairy","Dairy & Eggs","Packaged Cheese","Great Lakes","Great Lakes Cheese Shredded Low moisture Part Skim Mozzarella Cheese","Great Lakes Cheese Shredded Low moisture Part Skim Mozzarella Cheese","8.09","0.0","","2 lb","2 lb","14578.jpg",,"1"
"13693","Breakfast & Dairy","Dairy & Eggs","Packaged Cheese","High Valley Farm","High Valley Farm Extra Sharp Aged Cheddar Cheese","High Valley Farm Extra Sharp Aged Cheddar Cheese","3.09","0.0","","10 oz","10 oz","Market Basket.jpg",,"1"
"13694","Breakfast & Dairy","Dairy & Eggs","Packaged Cheese","High Valley Farm","High Valley Farm Medium Cheddar Cheese Block","High Valley Farm Medium Cheddar Cheese Block","3.09","0.0","","10 oz","10 oz","Market Basket.jpg",,"1"
"13695","Breakfast & Dairy","Dairy & Eggs","Packaged Cheese","High Valley Farm","High Valley Farm Sharp Aged Cheddar Cheese Block","High Valley Farm Sharp Aged Cheddar Cheese Block","3.09","0.0","","10 oz","10 oz","Market Basket.jpg",,"1"
"13696","Breakfast & Dairy","Dairy & Eggs","Packaged Cheese","High Valley Farm","High Valley Farm Sharp Vermont Cheddar Cheese Block","High Valley Farm Sharp Vermont Cheddar Cheese Block","3.09","0.0","","10 oz","10 oz","Market Basket.jpg",,"1"
"13697","Breakfast & Dairy","Dairy & Eggs","Packaged Cheese","Kraft","Kraft Deli Deluxe 2% Milk Reduced Fat American Cheese Slices","Kraft Deli Deluxe 2% Milk Reduced Fat American Cheese Slices","4.09","0.0","","24 x 16 oz","24 x 16 oz","133.jpg",,"1"
"13698","Breakfast & Dairy","Dairy & Eggs","Packaged Cheese","Kraft","Kraft Finely Shredded Mexican Style Four Cheese","Kraft Finely Shredded Mexican Style Four Cheese","3.09","0.0","","8 oz","8 oz","121.jpg",,"1"
"13699","Breakfast & Dairy","Dairy & Eggs","Packaged Cheese","Kraft","Kraft Grated Cheese 100% Grated Parmesan $3.79 Prepriced Cheese","Kraft Grated Cheese 100% Grated Parmesan $3.79 Prepriced Cheese","4.89","0.0","","8 oz","8 oz","14587.jpg",,"1"
"13700","Breakfast & Dairy","Dairy & Eggs","Packaged Cheese","Kraft","Kraft Grated Cheese 100% Grated Parmesan Kraft 100% Grated Parmesan Cheese","Kraft Grated Cheese 100% Grated Parmesan Kraft 100% Grated Parmesan Cheese","5.29","0.0","","8 oz","8 oz","14620.jpg",,"4"
"13701","Breakfast & Dairy","Dairy & Eggs","Packaged Cheese","Kraft","Kraft Grated Parmesan & Romano Cheese","Kraft Grated Parmesan & Romano Cheese","4.89","0.0","","8 oz","8 oz","127.jpg",,"4"
"13702","Breakfast & Dairy","Dairy & Eggs","Packaged Cheese","Kraft","Kraft Mexican Style Four Cheese Shredded Cheese","Kraft Mexican Style Four Cheese Shredded Cheese","3.29","0.0","","8 oz","8 oz","126.jpg",,"1"
"13703","Breakfast & Dairy","Dairy & Eggs","Packaged Cheese","Kraft","Kraft Natural Cheese Finely Shredded Triple Cheddar Cheese","Kraft Natural Cheese Finely Shredded Triple Cheddar Cheese","3.29","0.0","","8 oz","8 oz","123.jpg",,"1"
"13704","Breakfast & Dairy","Dairy & Eggs","Packaged Cheese","Kraft","Kraft Singles 2% Milk Reduced Fat White American Cheese Slices","Kraft Singles 2% Milk Reduced Fat White American Cheese Slices","3.29","0.0","","16 x 10.7 oz","16 x 10.7 oz","129.jpg",,"1"
"13705","Breakfast & Dairy","Dairy & Eggs","Packaged Cheese","Kraft","Kraft Singles American Cheese Slices","Kraft Singles American Cheese Slices","3.29","0.0","","16 x 12 oz","16 x 12 oz","14598.jpg",,"1"
"13706","Breakfast & Dairy","Dairy & Eggs","Packaged Cheese","Kraft","Kraft Singles White American Cheese Slices","Kraft Singles White American Cheese Slices","4.09","0.0","","24 x 16 oz","24 x 16 oz","124.jpg",,"1"
"13707","Breakfast & Dairy","Dairy & Eggs","Packaged Cheese","Kraft","Kraft Singles White American Cheese Slices","Kraft Singles White American Cheese Slices","3.29","0.0","","16 x 12 oz","16 x 12 oz","125.jpg",,"1"
"13708","Breakfast & Dairy","Dairy & Eggs","Packaged Cheese","Kraft","Kraft Velveeta Original Loaf","Kraft Velveeta Original Loaf","8.59","0.0","","32 oz","32 oz","14617.jpg",,"1"
"13709","Breakfast & Dairy","Dairy & Eggs","Packaged Cheese","Kraft","Kraft Velveeta Original Pasteurized Recipe Cheese Product","Kraft Velveeta Original Pasteurized Recipe Cheese Product","5.39","0.0","","16 oz","16 oz","14601.jpg",,"1"
"13710","Breakfast & Dairy","Dairy & Eggs","Packaged Cheese","Kraft","Kraft Velveeta Sharp Cheddar Cheese Slices","Kraft Velveeta Sharp Cheddar Cheese Slices","3.09","0.0","","16 x 12 oz","16 x 12 oz","17940.jpg",,"1"
"13711","Breakfast & Dairy","Dairy & Eggs","Packaged Cheese","Kraft","Kraft White American Cheese Slices","Kraft White American Cheese Slices","8.49","0.0","","24 x 16 oz","24 x 16 oz","130.jpg",,"1"
"13712","Breakfast & Dairy","Dairy & Eggs","Packaged Cheese","La Ricura","La Ricura Ricura Hard Cheese","La Ricura Ricura Hard Cheese","8.59","0.0","","14 oz","14 oz","Market Basket.jpg",,"1"
"13713","Breakfast & Dairy","Dairy & Eggs","Packaged Cheese","Market Basket","American Cheese","American Cheese","4.89","0.0","","1 lb","1 lb","Market Basket.jpg",,"1"
"13714","Breakfast & Dairy","Dairy & Eggs","Packaged Cheese","Market Basket","American Cheese","American Cheese","4.89","0.0","","1 lb","1 lb","Market Basket.jpg",,"1"
"13715","Breakfast & Dairy","Dairy & Eggs","Packaged Cheese","Market Basket","Daiya Mozzarella Style Shreds, Dairy Free","Daiya Mozzarella Style Shreds, Dairy Free","4.89","0.0","","8 oz","8 oz","14602.jpg",,"1"
"13716","Breakfast & Dairy","Dairy & Eggs","Packaged Cheese","Market Basket","El Cortijo Manchego Cheese","El Cortijo Manchego Cheese","13.49","0.0","","1 lb","1 lb","Market Basket.jpg",,"1"
"13717","Breakfast & Dairy","Dairy & Eggs","Packaged Cheese","Market Basket","El Viajero Queso Fresco","El Viajero Queso Fresco","4.59","0.0","","10 oz","10 oz","14619.jpg",,"1"
"13718","Breakfast & Dairy","Dairy & Eggs","Packaged Cheese","Market Basket","Field Roast Grain Meat Chao Vegan Slices Tomato Cayenne","Field Roast Grain Meat Chao Vegan Slices Tomato Cayenne","4.89","0.0","","7 oz","7 oz","14616.jpg",,"20"
"13719","Breakfast & Dairy","Dairy & Eggs","Packaged Cheese","Market Basket","Greek Mountain Feta Cheese","Greek Mountain Feta Cheese","8.59","0.0","","14 oz","14 oz","Market Basket.jpg",,"1"
"13720","Breakfast & Dairy","Dairy & Eggs","Packaged Cheese","Market Basket","Ile De France Cheese, Soft Ripened, Camembert from Normandy","Ile De France Cheese, Soft Ripened, Camembert from Normandy","4.89","0.0","","8 oz","8 oz","14571.jpg",,"1"
"13721","Breakfast & Dairy","Dairy & Eggs","Packaged Cheese","Market Basket","Market Basket 2% Milk Reduced Fat American Singles Orange","Market Basket 2% Milk Reduced Fat American Singles Orange","3.09","0.0","","1 lb","1 lb","Market Basket.jpg",,"1"
"13722","Breakfast & Dairy","Dairy & Eggs","Packaged Cheese","Market Basket","Market Basket 2% Milk Reduced Fat American Singles White","Market Basket 2% Milk Reduced Fat American Singles White","3.09","0.0","","1 lb","1 lb","Market Basket.jpg",,"1"
"13723","Breakfast & Dairy","Dairy & Eggs","Packaged Cheese","Market Basket","Market Basket American Singles Orange","Market Basket American Singles Orange","3.09","0.0","","1 lb","1 lb","Market Basket.jpg",,"1"
"13724","Breakfast & Dairy","Dairy & Eggs","Packaged Cheese","Market Basket","Market Basket American Singles Orange","Market Basket American Singles Orange","2.39","0.0","","12 oz","12 oz","Market Basket.jpg",,"1"
"13725","Breakfast & Dairy","Dairy & Eggs","Packaged Cheese","Market Basket","Market Basket American Singles White","Market Basket American Singles White","3.09","0.0","","1 lb","1 lb","Market Basket.jpg",,"1"
"13726","Breakfast & Dairy","Dairy & Eggs","Packaged Cheese","Market Basket","Market Basket American Singles White","Market Basket American Singles White","2.39","0.0","","12 oz","12 oz","Market Basket.jpg",,"1"
"13727","Breakfast & Dairy","Dairy & Eggs","Packaged Cheese","Market Basket","Market Basket bad price Grated Parmesan Cheese","Market Basket bad price Grated Parmesan Cheese","3.09","0.0","","8 oz","8 oz","Market Basket.jpg",,"1"
"13728","Breakfast & Dairy","Dairy & Eggs","Packaged Cheese","Market Basket","Market Basket Colby Jack Block Cheese","Market Basket Colby Jack Block Cheese","6.09","0.0","","1 lb","1 lb","Market Basket.jpg",,"1"
"13729","Breakfast & Dairy","Dairy & Eggs","Packaged Cheese","Market Basket","Market Basket Colby Jack Cheese Block","Market Basket Colby Jack Cheese Block","2.49","0.0","","8 oz","8 oz","Market Basket.jpg",,"1"
"13730","Breakfast & Dairy","Dairy & Eggs","Packaged Cheese","Market Basket","Market Basket Colby Jack Cheese Slices","Market Basket Colby Jack Cheese Slices","2.69","0.0","","8 oz","8 oz","Market Basket.jpg",,"1"
"13731","Breakfast & Dairy","Dairy & Eggs","Packaged Cheese","Market Basket","Market Basket Deluxe American Slices White","Market Basket Deluxe American Slices White","3.69","0.0","","1 lb","1 lb","Market Basket.jpg",,"1"
"13732","Breakfast & Dairy","Dairy & Eggs","Packaged Cheese","Market Basket","Market Basket Deluxe White American Slices","Market Basket Deluxe White American Slices","3.59","0.0","","12 oz","12 oz","Market Basket.jpg",,"1"
"13733","Breakfast & Dairy","Dairy & Eggs","Packaged Cheese","Market Basket","Market Basket Extra Sharp New York Cheddar Block","Market Basket Extra Sharp New York Cheddar Block","2.49","0.0","","8 oz","8 oz","Market Basket.jpg",,"1"
"13734","Breakfast & Dairy","Dairy & Eggs","Packaged Cheese","Market Basket","Market Basket Fat Free American Singles White","Market Basket Fat Free American Singles White","3.09","0.0","","12 oz","12 oz","Market Basket.jpg",,"1"
"13735","Breakfast & Dairy","Dairy & Eggs","Packaged Cheese","Market Basket","Market Basket Fat Free Sharp Cheddar Slices","Market Basket Fat Free Sharp Cheddar Slices","3.09","0.0","","12 oz","12 oz","Market Basket.jpg",,"1"
"13736","Breakfast & Dairy","Dairy & Eggs","Packaged Cheese","Market Basket","Market Basket Grated Parmesan Cheese","Market Basket Grated Parmesan Cheese","3.59","0.0","","3 oz","3 oz","Market Basket.jpg",,"1"
"13737","Breakfast & Dairy","Dairy & Eggs","Packaged Cheese","Market Basket","Market Basket Grated Parmesan Cheese","Market Basket Grated Parmesan Cheese","4.89","0.0","","16 oz","16 oz","Market Basket.jpg",,"1"
"13738","Breakfast & Dairy","Dairy & Eggs","Packaged Cheese","Market Basket","Market Basket Hot Pepper Jack Cheese Slices","Market Basket Hot Pepper Jack Cheese Slices","3.69","0.0","","10 oz","10 oz","Market Basket.jpg",,"1"
"13739","Breakfast & Dairy","Dairy & Eggs","Packaged Cheese","Market Basket","Market Basket Imported Feta Cheese Chunks","Market Basket Imported Feta Cheese Chunks","5.15","0.0","","Approx: 0.59 lb","Approx: 0.59 lb","120.jpg",,"1"
"13740","Breakfast & Dairy","Dairy & Eggs","Packaged Cheese","Market Basket","Market Basket Low Moisture Part Skim Mozzarella","Market Basket Low Moisture Part Skim Mozzarella","3.29","0.0","","16 oz","16 oz","Market Basket.jpg",,"1"
"13741","Breakfast & Dairy","Dairy & Eggs","Packaged Cheese","Market Basket","Market Basket Medium Cheddar Cheese","Market Basket Medium Cheddar Cheese","2.49","0.0","","8 oz","8 oz","Market Basket.jpg",,"1"
"13742","Breakfast & Dairy","Dairy & Eggs","Packaged Cheese","Market Basket","Market Basket Medium Cheddar Cheese Block","Market Basket Medium Cheddar Cheese Block","6.09","0.0","","24 oz","24 oz","Market Basket.jpg",,"1"
"13743","Breakfast & Dairy","Dairy & Eggs","Packaged Cheese","Market Basket","Market Basket Monterey Jack Cheese Block","Market Basket Monterey Jack Cheese Block","6.09","0.0","","24 oz","24 oz","Market Basket.jpg",,"1"
"13744","Breakfast & Dairy","Dairy & Eggs","Packaged Cheese","Market Basket","Market Basket Monterey Jack Cheese Block","Market Basket Monterey Jack Cheese Block","2.49","0.0","","8 oz","8 oz","Market Basket.jpg",,"1"
"13745","Breakfast & Dairy","Dairy & Eggs","Packaged Cheese","Market Basket","Market Basket Mozzarella Cheese Slices","Market Basket Mozzarella Cheese Slices","2.69","0.0","","8 oz","8 oz","Market Basket.jpg",,"1"
"13746","Breakfast & Dairy","Dairy & Eggs","Packaged Cheese","Market Basket","Market Basket Mozzarella String Cheese","Market Basket Mozzarella String Cheese","4.59","0.0","","16 oz","16 oz","Market Basket.jpg",,"1"
"13747","Breakfast & Dairy","Dairy & Eggs","Packaged Cheese","Market Basket","Market Basket Mozzarella String Cheese","Market Basket Mozzarella String Cheese","3.09","0.0","","10 oz","10 oz","Market Basket.jpg",,"1"
"13748","Breakfast & Dairy","Dairy & Eggs","Packaged Cheese","Market Basket","Market Basket Muenster Cheese","Market Basket Muenster Cheese","3.69","0.0","","10 oz","10 oz","Market Basket.jpg",,"1"
"13749","Breakfast & Dairy","Dairy & Eggs","Packaged Cheese","Market Basket","Market Basket Muenster Cheese Block","Market Basket Muenster Cheese Block","6.09","0.0","","24 oz","24 oz","Market Basket.jpg",,"1"
"13750","Breakfast & Dairy","Dairy & Eggs","Packaged Cheese","Market Basket","Market Basket Muenster Cheese Slices","Market Basket Muenster Cheese Slices","3.69","0.0","","8 oz","8 oz","Market Basket.jpg",,"1"
"13751","Breakfast & Dairy","Dairy & Eggs","Packaged Cheese","Market Basket","Market Basket New York Extra Sharp Cheddar Cheese Block","Market Basket New York Extra Sharp Cheddar Cheese Block","6.09","0.0","","24 oz","24 oz","Market Basket.jpg",,"1"
"13752","Breakfast & Dairy","Dairy & Eggs","Packaged Cheese","Market Basket","Market Basket Pepper Jack Cheese Block","Market Basket Pepper Jack Cheese Block","2.49","0.0","","8 oz","8 oz","Market Basket.jpg",,"1"
"13753","Breakfast & Dairy","Dairy & Eggs","Packaged Cheese","Market Basket","Market Basket Pepper Jack Cheese Block","Market Basket Pepper Jack Cheese Block","6.09","0.0","","24 oz","24 oz","Market Basket.jpg",,"1"
"13754","Breakfast & Dairy","Dairy & Eggs","Packaged Cheese","Market Basket","Market Basket Pepperjack Cheese Slices","Market Basket Pepperjack Cheese Slices","2.69","0.0","","8 oz","8 oz","Market Basket.jpg",,"1"
"13755","Breakfast & Dairy","Dairy & Eggs","Packaged Cheese","Market Basket","Market Basket Provolone Cheese Slices","Market Basket Provolone Cheese Slices","2.69","0.0","","8 oz","8 oz","Market Basket.jpg",,"1"
"13756","Breakfast & Dairy","Dairy & Eggs","Packaged Cheese","Market Basket","Market Basket Provolone Cheese Slices","Market Basket Provolone Cheese Slices","3.69","0.0","","10 oz","10 oz","Market Basket.jpg",,"1"
"13757","Breakfast & Dairy","Dairy & Eggs","Packaged Cheese","Market Basket","Market Basket Shredded Cheddar Cheese","Market Basket Shredded Cheddar Cheese","2.49","0.0","","8 oz","8 oz","Market Basket.jpg",,"1"
"13758","Breakfast & Dairy","Dairy & Eggs","Packaged Cheese","Market Basket","Market Basket Shredded Cheddar Jack Cheese","Market Basket Shredded Cheddar Jack Cheese","2.49","0.0","","8 oz","8 oz","Market Basket.jpg",,"1"
"13759","Breakfast & Dairy","Dairy & Eggs","Packaged Cheese","Market Basket","Market Basket Shredded Fancy Swiss Cheese","Market Basket Shredded Fancy Swiss Cheese","2.48","0.0","","8 oz","8 oz","Market Basket.jpg",,"1"
"13760","Breakfast & Dairy","Dairy & Eggs","Packaged Cheese","Market Basket","Market Basket Shredded Mexican Cheese","Market Basket Shredded Mexican Cheese","2.49","0.0","","8 oz","8 oz","Market Basket.jpg",,"1"
"13761","Breakfast & Dairy","Dairy & Eggs","Packaged Cheese","Market Basket","Market Basket Shredded Mexican Cheese Blend","Market Basket Shredded Mexican Cheese Blend","4.89","0.0","","16 oz","16 oz","Market Basket.jpg",,"1"
"13762","Breakfast & Dairy","Dairy & Eggs","Packaged Cheese","Market Basket","Market Basket Shredded Mozzarella Cheese","Market Basket Shredded Mozzarella Cheese","4.89","0.0","","16 oz","16 oz","Market Basket.jpg",,"1"
"13763","Breakfast & Dairy","Dairy & Eggs","Packaged Cheese","Market Basket","Market Basket Shredded Orange Cheddar Cheese","Market Basket Shredded Orange Cheddar Cheese","4.29","0.0","","16 oz","16 oz","Market Basket.jpg",,"1"
"13764","Breakfast & Dairy","Dairy & Eggs","Packaged Cheese","Market Basket","Market Basket Shredded Orange Cheddar Cheese","Market Basket Shredded Orange Cheddar Cheese","2.48","0.0","","8 oz","8 oz","Market Basket.jpg",,"1"
"13765","Breakfast & Dairy","Dairy & Eggs","Packaged Cheese","Market Basket","Market Basket Shredded Orange Sharp Cheddar","Market Basket Shredded Orange Sharp Cheddar","2.49","0.0","","8 oz","8 oz","Market Basket.jpg",,"1"
"13766","Breakfast & Dairy","Dairy & Eggs","Packaged Cheese","Market Basket","Market Basket Shredded Parmesan Cheese","Market Basket Shredded Parmesan Cheese","2.39","0.0","","6 oz","6 oz","Market Basket.jpg",,"1"
"13767","Breakfast & Dairy","Dairy & Eggs","Packaged Cheese","Market Basket","Market Basket Shredded Pizza Cheese","Market Basket Shredded Pizza Cheese","2.39","0.0","","8 oz","8 oz","Market Basket.jpg",,"1"
"13768","Breakfast & Dairy","Dairy & Eggs","Packaged Cheese","Market Basket","Market Basket Shredded Pizza Cheese","Market Basket Shredded Pizza Cheese","2.49","0.0","","8 oz","8 oz","Market Basket.jpg",,"1"
"13769","Breakfast & Dairy","Dairy & Eggs","Packaged Cheese","Market Basket","Market Basket Shredded Wisconsin Monterey Jack Cheese","Market Basket Shredded Wisconsin Monterey Jack Cheese","2.48","0.0","","8 oz","8 oz","Market Basket.jpg",,"1"
"13770","Breakfast & Dairy","Dairy & Eggs","Packaged Cheese","Market Basket","Market Basket Sliced American Cheese","Market Basket Sliced American Cheese","8.59","0.0","","3 lb","3 lb","Market Basket.jpg",,"1"
"13771","Breakfast & Dairy","Dairy & Eggs","Packaged Cheese","Market Basket","Market Basket Swiss","Market Basket Swiss","6.09","0.0","","1 per lb","1 per lb","Market Basket.jpg",,"1"
"13772","Breakfast & Dairy","Dairy & Eggs","Packaged Cheese","Market Basket","Market Basket Swiss Cheese Block","Market Basket Swiss Cheese Block","2.49","0.0","","8 oz","8 oz","Market Basket.jpg",,"1"
"13773","Breakfast & Dairy","Dairy & Eggs","Packaged Cheese","Market Basket","Market Basket Swiss Cheese Slices","Market Basket Swiss Cheese Slices","3.09","0.0","","8 oz","8 oz","Market Basket.jpg",,"1"
"13774","Breakfast & Dairy","Dairy & Eggs","Packaged Cheese","Market Basket","Market Basket Whole Milk Mozzarella","Market Basket Whole Milk Mozzarella","3.69","0.0","","16 oz","16 oz","Market Basket.jpg",,"1"
"13775","Breakfast & Dairy","Dairy & Eggs","Packaged Cheese","Market Basket","Organic American Cheese","Organic American Cheese","8.59","0.0","","1 lb","1 lb","Market Basket.jpg",,"1"
"13776","Breakfast & Dairy","Dairy & Eggs","Packaged Cheese","Market Basket","Roth Cheese Buttermilk Blue Cheese","Roth Cheese Buttermilk Blue Cheese","3.19","0.0","","1 lb","1 lb","Market Basket.jpg",,"1"
"13777","Breakfast & Dairy","Dairy & Eggs","Packaged Cheese","Market Basket","Swiss Cheese","Swiss Cheese","7.39","0.0","","1 lb","1 lb","Market Basket.jpg",,"1"
"13778","Breakfast & Dairy","Dairy & Eggs","Packaged Cheese","Milano's","Milano's Grated Parmesan Cheese","Milano's Grated Parmesan Cheese","6.09","0.0","","6 oz","6 oz","Market Basket.jpg",,"1"
"13779","Breakfast & Dairy","Dairy & Eggs","Packaged Cheese","Milano's","Milano's Romano Cheese","Milano's Romano Cheese","6.09","0.0","","16 oz","16 oz","Market Basket.jpg",,"1"
"13780","Breakfast & Dairy","Dairy & Eggs","Packaged Cheese","Mini Babybel","Mini Babybel Original Semisoft Cheeses","Mini Babybel Original Semisoft Cheeses","4.89","0.0","","10 count","10 count","14557.jpg",,"1"
"13781","Breakfast & Dairy","Dairy & Eggs","Packaged Cheese","Mini Babybel","Mini Babybel White Cheddar Variety Semisoft Cheeses","Mini Babybel White Cheddar Variety Semisoft Cheeses","4.89","0.0","","10 count","10 count","14570.jpg",,"1"
"13782","Breakfast & Dairy","Dairy & Eggs","Packaged Cheese","Monterey","Cabot Creamery Monterey Jack Cheese","Cabot Creamery Monterey Jack Cheese","2.69","0.0","","8 oz","8 oz","136.jpg",,"1"
"13783","Breakfast & Dairy","Dairy & Eggs","Packaged Cheese","Nickelodeon","Nickelodeon Paw Patrol Mozzarella String Cheese","Nickelodeon Paw Patrol Mozzarella String Cheese","3.69","0.0","","12 x 10 oz","12 x 10 oz","14591.jpg",,"1"
"13784","Breakfast & Dairy","Dairy & Eggs","Packaged Cheese","Olympiana","Olympiana 100% Greek Feta Cheese","Olympiana 100% Greek Feta Cheese","6.09","0.0","","14.1 oz","14.1 oz","Market Basket.jpg",,"1"
"13785","Breakfast & Dairy","Dairy & Eggs","Packaged Cheese","Olympus","Olympus Greek Feta Cheese In Brine","Olympus Greek Feta Cheese In Brine","7.39","0.0","","14.1 oz","14.1 oz","14600.jpg",,"1"
"13786","Breakfast & Dairy","Dairy & Eggs","Packaged Cheese","Palmetto","Palmetto Cheese Jalapenos","Palmetto Cheese Jalapenos","4.89","0.0","","12 oz","12 oz","14631.jpg",,"1"
"13787","Breakfast & Dairy","Dairy & Eggs","Packaged Cheese","Palmetto","Palmetto Cheese Spread, Original","Palmetto Cheese Spread, Original","4.89","0.0","","12 oz","12 oz","14626.jpg",,"1"
"13788","Breakfast & Dairy","Dairy & Eggs","Packaged Cheese","Parmigiano","Parmigiano Reggiano Cheese","Parmigiano Reggiano Cheese","12.99","0.0","","1 lb","1 lb","14566.jpg",,"1"
"13789","Breakfast & Dairy","Dairy & Eggs","Packaged Cheese","Pastene","Pastene Romano Grated Cheese","Pastene Romano Grated Cheese","4.29","0.0","","6 oz","6 oz","14611.jpg",,"4"
"13790","Breakfast & Dairy","Dairy & Eggs","Packaged Cheese","President","President Cheese President Pub Cheese Garlic & Herbs","President Cheese President Pub Cheese Garlic & Herbs","4.09","0.0","","8 oz","8 oz","14586.jpg",,"1"
"13791","Breakfast & Dairy","Dairy & Eggs","Packaged Cheese","President","President Fat Free Feta Cheese Crumbles","President Fat Free Feta Cheese Crumbles","4.89","0.0","","12 oz","12 oz","14603.jpg",,"1"
"13792","Breakfast & Dairy","Dairy & Eggs","Packaged Cheese","President","President Feta Crumbles","President Feta Crumbles","4.89","0.0","","12 oz","12 oz","14594.jpg",,"1"
"13793","Breakfast & Dairy","Dairy & Eggs","Packaged Cheese","President","President Pub Cheese Sharp Cheddar","President Pub Cheese Sharp Cheddar","4.48","0.0","","8 oz","8 oz","14561.jpg",,"1"
"13794","Breakfast & Dairy","Dairy & Eggs","Packaged Cheese","Sargento","Sargento Off The Block 4 Cheese Mexican Fine Cut Shredded Cheese","Sargento Off The Block 4 Cheese Mexican Fine Cut Shredded Cheese","3.29","0.0","","8 oz","8 oz","14585.jpg",,"1"
"13795","Breakfast & Dairy","Dairy & Eggs","Packaged Cheese","Sargento","Sargento Reduced Fat 4 Cheese Mexican Shredded Cheese","Sargento Reduced Fat 4 Cheese Mexican Shredded Cheese","3.29","0.0","","8 oz","8 oz","14592.jpg",,"1"
"13796","Breakfast & Dairy","Dairy & Eggs","Packaged Cheese","Sargento","Sargento Swiss Natural Cheese Ultra Thin Slices","Sargento Swiss Natural Cheese Ultra Thin Slices","3.29","0.0","","6.84 oz","6.84 oz","14569.jpg",,"1"
"13797","Breakfast & Dairy","Dairy & Eggs","Packaged Cheese","Sargento","Sargento Balanced Breaks with Natural Sharp Cheddar Cheese with Cashews and Cherry Juice Infused Dried Cranberries","Sargento Balanced Breaks with Natural Sharp Cheddar Cheese with Cashews and Cherry Juice Infused Dried Cranberries","3.69","0.0","","3 x 1.5 oz","3 x 1.5 oz","160.jpg",,"1"
"13798","Breakfast & Dairy","Dairy & Eggs","Packaged Cheese","Sargento","Sargento Reduced Fat Mozzarella Shredded Cheese","Sargento Reduced Fat Mozzarella Shredded Cheese","3.29","0.0","","8 oz","8 oz","168.jpg",,"1"
"13799","Breakfast & Dairy","Dairy & Eggs","Packaged Cheese","Sargento","Sargento Reduced Fat Mozzarella Shredded Cheese","Sargento Reduced Fat Mozzarella Shredded Cheese","3.29","0.0","","8 oz","8 oz","169.jpg",,"1"
"13800","Breakfast & Dairy","Dairy & Eggs","Packaged Cheese","Sargento","Sargento Sharp Natural Cheddar Cheese Ultra Thin Slices","Sargento Sharp Natural Cheddar Cheese Ultra Thin Slices","4.29","0.0","","18 x 0.38 oz","18 x 0.38 oz","162.jpg",,"1"
"13801","Breakfast & Dairy","Dairy & Eggs","Packaged Cheese","Sargento","Sargento Shredded Extra Sharp Natural Cheddar Cheese","Sargento Shredded Extra Sharp Natural Cheddar Cheese","3.09","0.0","","7 oz","7 oz","163.jpg",,"1"
"13802","Breakfast & Dairy","Dairy & Eggs","Packaged Cheese","Sargento","Sargento Shredded Mozzarella Natural Cheese, Fine Cut","Sargento Shredded Mozzarella Natural Cheese, Fine Cut","3.29","0.0","","8 oz","8 oz","166.jpg",,"1"
"13803","Breakfast & Dairy","Dairy & Eggs","Packaged Cheese","Sargento","Sargento Shredded Six Cheese Italian Natural Cheese","Sargento Shredded Six Cheese Italian Natural Cheese","3.29","0.0","","8 oz","8 oz","164.jpg",,"1"
"13804","Breakfast & Dairy","Dairy & Eggs","Packaged Cheese","Stella","Stella Cheese, Shredded, Parmesan","Stella Cheese, Shredded, Parmesan","4.89","0.0","","10 oz","10 oz","14595.jpg",,"1"
"13805","Breakfast & Dairy","Dairy & Eggs","Packaged Cheese","Stella","Stella Feta Cheese","Stella Feta Cheese","4.89","0.0","","16 oz","16 oz","Market Basket.jpg",,"1"
"13806","Breakfast & Dairy","Dairy & Eggs","Packaged Cheese","Stella","Stella 3 Cheese Italian Freshly Shredded Cheese","Stella 3 Cheese Italian Freshly Shredded Cheese","3.09","0.0","","5 oz","5 oz","14599.jpg",,"1"
"13807","Breakfast & Dairy","Dairy & Eggs","Packaged Cheese","Stella","Stella Parmesan Freshly Shaved Cheese","Stella Parmesan Freshly Shaved Cheese","3.09","0.0","","5 oz","5 oz","14589.jpg",,"1"
"13808","Breakfast & Dairy","Dairy & Eggs","Packaged Cheese","Stella","Stella Parmesan Freshly Shredded Cheese","Stella Parmesan Freshly Shredded Cheese","3.09","0.0","","5 oz","5 oz","14609.jpg",,"1"
"13809","Breakfast & Dairy","Dairy & Eggs","Packaged Cheese","The Laughing Cow","The Laughing Cow Creamy Garlic & Herb Spreadable Cheese Wedges","The Laughing Cow Creamy Garlic & Herb Spreadable Cheese Wedges","3.09","0.0","","8 x 0.43 oz","8 x 0.43 oz","14575.jpg",,"1"
"13810","Breakfast & Dairy","Dairy & Eggs","Packaged Cheese","The Laughing Cow","The Laughing Cow Creamy Swiss Original","The Laughing Cow Creamy Swiss Original","3.09","0.0","","8 x 0.75 oz","8 x 0.75 oz","14574.jpg",,"1"
"13811","Breakfast & Dairy","Dairy & Eggs","Packaged Cheese","The Laughing Cow","The Laughing Cow Creamy White Cheddar Flavor Spreadable Cheese Wedges","The Laughing Cow Creamy White Cheddar Flavor Spreadable Cheese Wedges","3.09","0.0","","8 x 0.75 oz","8 x 0.75 oz","14615.jpg",,"1"
"13812","Breakfast & Dairy","Dairy & Eggs","Packaged Cheese","Treasure Cave","Treasure Cave Blue Crumbled Cheese","Treasure Cave Blue Crumbled Cheese","2.49","0.0","","5 oz","5 oz","14580.jpg",,"1"
"13813","Breakfast & Dairy","Dairy & Eggs","Packaged Cheese","Treasure Cave","Treasure Cave Gorgonzola Crumbled Cheese","Treasure Cave Gorgonzola Crumbled Cheese","2.49","0.0","","5 oz","5 oz","14630.jpg",,"1"
"13814","Breakfast & Dairy","Dairy & Eggs","Packaged Cheese","Weight Watchers","Ww String Cheese, Part Skim, Mozzarella, Light Low Moisture, Bag","Ww String Cheese, Part Skim, Mozzarella, Light Low Moisture, Bag","4.59","0.0","","12 count","12 count","14605.jpg",,"1"
"13815","Breakfast & Dairy","Dairy & Eggs","Packaged Cheese","Yancey's","Yancey's Fancy Cheese Smoked Gouda","Yancey's Fancy Cheese Smoked Gouda","7.49","0.0","","7.6 oz","7.6 oz","14614.jpg",,"1"
"13816","Breakfast & Dairy","Dairy & Eggs","Packaged Cheese","Zune","Zune Colombian Style Cheese","Zune Colombian Style Cheese","6.69","0.0","","12 oz","12 oz","Market Basket.jpg",,"1"
"13817","Breakfast & Dairy","Dairy & Eggs","Refrigerated Pudding & Desserts","Clif Bars","Clif Bars Peanut Butter Banana with Dark Chocolate Energy Bar","Clif Bars Peanut Butter Banana with Dark Chocolate Energy Bar","1.56","0.0","","2.4 oz","2.4 oz","832.jpg",,"19"
"13818","Breakfast & Dairy","Dairy & Eggs","Refrigerated Pudding & Desserts","Jell-O","Jell o Jell O Pudding Ready To Eat Chocolate Vanilla Swirl Fat Free","Jell o Jell O Pudding Ready To Eat Chocolate Vanilla Swirl Fat Free","2.49","0.0","","4 x 3.9 oz","4 x 3.9 oz","802.jpg",,"1"
"13819","Breakfast & Dairy","Dairy & Eggs","Refrigerated Pudding & Desserts","Jell-O","Jell O Chocolate Sugar Free Pudding Snack","Jell O Chocolate Sugar Free Pudding Snack","2.69","0.0","","4 x 3.5 oz","4 x 3.5 oz","795.jpg",,"19"
"13820","Breakfast & Dairy","Dairy & Eggs","Refrigerated Pudding & Desserts","Jell-O","Jell O Ready to Eat Fat Free Tapioca Pudding Snack","Jell O Ready to Eat Fat Free Tapioca Pudding Snack","2.49","0.0","","4 x 3.875 oz","4 x 3.875 oz","801.jpg",,"19"
"13821","Breakfast & Dairy","Dairy & Eggs","Refrigerated Pudding & Desserts","Jell-O","Jell O Ready to Eat Sugar Free Chocolate Vanilla Swirl Pudding Cups","Jell O Ready to Eat Sugar Free Chocolate Vanilla Swirl Pudding Cups","2.49","0.0","","3.625 oz","3.625 oz","788.jpg",,"1"
"13822","Breakfast & Dairy","Dairy & Eggs","Refrigerated Pudding & Desserts","Jell-O","Jell O Ready to Eat Sugar Free Creme Brulee Rice Pudding Cups","Jell O Ready to Eat Sugar Free Creme Brulee Rice Pudding Cups","2.49","0.0","","4 x 3.625 oz","4 x 3.625 oz","798.jpg",,"19"
"13823","Breakfast & Dairy","Dairy & Eggs","Refrigerated Pudding & Desserts","Jell-O","Jell O Ready to Eat Sugar Free Dark Chocolate Pudding Cups","Jell O Ready to Eat Sugar Free Dark Chocolate Pudding Cups","2.49","0.0","","4 x 3.625 oz","4 x 3.625 oz","794.jpg",,"19"
"13824","Breakfast & Dairy","Dairy & Eggs","Refrigerated Pudding & Desserts","Jell-O","Jell O Ready to Eat Sugar Sweetened Chocolate Pudding Snack","Jell O Ready to Eat Sugar Sweetened Chocolate Pudding Snack","2.49","0.0","","3.875 oz","3.875 oz","792.jpg",,"1"
"13825","Breakfast & Dairy","Dairy & Eggs","Refrigerated Pudding & Desserts","Jell-O","Jell O Ready to Eat Black Cherry Sugar Free Gelatin","Jell O Ready to Eat Black Cherry Sugar Free Gelatin","2.19","0.0","","4 x 3.125 oz","4 x 3.125 oz","797.jpg",,"19"
"13826","Breakfast & Dairy","Dairy & Eggs","Refrigerated Pudding & Desserts","Jell-O","Jell O Ready to Eat Cherry Sugar Free Gelatin","Jell O Ready to Eat Cherry Sugar Free Gelatin","2.49","0.0","","4 x 3.125 oz","4 x 3.125 oz","799.jpg",,"19"
"13827","Breakfast & Dairy","Dairy & Eggs","Refrigerated Pudding & Desserts","Jell-O","Jell O Ready to Eat Lemon Lime Sugar Free Gelatin","Jell O Ready to Eat Lemon Lime Sugar Free Gelatin","2.49","0.0","","4 x 3.25 oz","4 x 3.25 oz","796.jpg",,"19"
"13828","Breakfast & Dairy","Dairy & Eggs","Refrigerated Pudding & Desserts","Jell-O","Jell O Ready to Eat Orange Sugar Free Gelatin","Jell O Ready to Eat Orange Sugar Free Gelatin","3.09","0.0","","4 x 3.125 oz","4 x 3.125 oz","793.jpg",,"19"
"13829","Breakfast & Dairy","Dairy & Eggs","Refrigerated Pudding & Desserts","Jell-O","Jell O Ready to Eat Raspberry Gelatin","Jell O Ready to Eat Raspberry Gelatin","3.09","0.0","","4 x 3.375 oz","4 x 3.375 oz","804.jpg",,"19"
"13830","Breakfast & Dairy","Dairy & Eggs","Refrigerated Pudding & Desserts","Jell-O","Jell O Ready to Eat Strawberry Gelatin","Jell O Ready to Eat Strawberry Gelatin","2.59","0.0","","3.375 oz","3.375 oz","789.jpg",,"19"
"13831","Breakfast & Dairy","Dairy & Eggs","Refrigerated Pudding & Desserts","Jell-O","Jell O Ready to Eat Strawberry Kiwi Sugar Free Gelatin","Jell O Ready to Eat Strawberry Kiwi Sugar Free Gelatin","3.09","0.0","","3.125 oz","3.125 oz","800.jpg",,"19"
"13832","Breakfast & Dairy","Dairy & Eggs","Refrigerated Pudding & Desserts","Jell-O","Jell O Ready to Eat Strawberry Sugar Free Gelatin","Jell O Ready to Eat Strawberry Sugar Free Gelatin","3.09","0.0","","3.125 oz","3.125 oz","790.jpg",,"1"
"13833","Breakfast & Dairy","Dairy & Eggs","Refrigerated Pudding & Desserts","Jell-O","Jell O Ready to Eat Sugar Free Vanilla Pudding Cups","Jell O Ready to Eat Sugar Free Vanilla Pudding Cups","2.49","0.0","","3.625 oz","3.625 oz","803.jpg",,"8"
"13834","Breakfast & Dairy","Dairy & Eggs","Refrigerated Pudding & Desserts","Jell-O","Jell O Temptations Ready to Eat Strawberry Cheesecake Pudding Snack","Jell O Temptations Ready to Eat Strawberry Cheesecake Pudding Snack","2.39","0.0","","4 x 3.525 oz","4 x 3.525 oz","791.jpg",,"19"
"13835","Breakfast & Dairy","Dairy & Eggs","Refrigerated Pudding & Desserts","KozyShack","KozyShack Chocolate Kozy Shack Simply Well Chocolate Pudding","KozyShack Chocolate Kozy Shack Simply Well Chocolate Pudding","3.09","0.0","","4 oz","4 oz","824.jpg",,"19"
"13836","Breakfast & Dairy","Dairy & Eggs","Refrigerated Pudding & Desserts","KozyShack","KozyShack Original Recipe Chocolate Kozy Shack Original Recipe Chocolate Pudding","KozyShack Original Recipe Chocolate Kozy Shack Original Recipe Chocolate Pudding","4.09","0.0","","6 x 4 oz","6 x 4 oz","823.jpg",,"19"
"13837","Breakfast & Dairy","Dairy & Eggs","Refrigerated Pudding & Desserts","KozyShack","KozyShack Original Recipe Rice Pudding","KozyShack Original Recipe Rice Pudding","3.29","0.0","","22 oz","22 oz","819.jpg",,"19"
"13838","Breakfast & Dairy","Dairy & Eggs","Refrigerated Pudding & Desserts","KozyShack","KozyShack Pudding, Tapioca, Gluten Free, Cup","KozyShack Pudding, Tapioca, Gluten Free, Cup","3.09","0.0","","22 oz","22 oz","821.jpg",,"19"
"13839","Breakfast & Dairy","Dairy & Eggs","Refrigerated Pudding & Desserts","KozyShack","KozyShack Pudding, Tapioca, Simply Well, Sleeve","KozyShack Pudding, Tapioca, Simply Well, Sleeve","3.09","0.0","","4 oz","4 oz","822.jpg",,"19"
"13840","Breakfast & Dairy","Dairy & Eggs","Refrigerated Pudding & Desserts","Market Basket","Market Basket Fat Free Chocolate Pudding","Market Basket Fat Free Chocolate Pudding","1.29","0.0","","4 x 3.5 oz","4 x 3.5 oz","Market Basket.jpg",,"19"
"13841","Breakfast & Dairy","Dairy & Eggs","Refrigerated Pudding & Desserts","Market Basket","Market Basket Marachino Cherries","Market Basket Marachino Cherries","2.49","0.0","","10 oz","10 oz","Market Basket.jpg",,"19"
"13842","Breakfast & Dairy","Dairy & Eggs","Refrigerated Pudding & Desserts","Real Desserts","Real Desserts Gelatin Snacks, Sugar Free","Real Desserts Gelatin Snacks, Sugar Free","2.49","0.0","","8 count","8 count","833.jpg",,"19"
"13843","Breakfast & Dairy","Dairy & Eggs","Refrigerated Pudding & Desserts","Royal","Royal Pudding & Pie Filling Chocolate","Royal Pudding & Pie Filling Chocolate","1.09","0.0","","3.125 oz","3.125 oz","834.jpg",,"19"
"13844","Breakfast & Dairy","Dairy & Eggs","Refrigerated Pudding & Desserts","Snack Pack","Snack Pack Bakery Shop Chocolate Cupcake Pudding","Snack Pack Bakery Shop Chocolate Cupcake Pudding","1.49","0.0","","4 x 3.25 oz","4 x 3.25 oz","812.jpg",,"19"
"13845","Breakfast & Dairy","Dairy & Eggs","Refrigerated Pudding & Desserts","Snack Pack","Snack Pack Fat Free Chocolate Pudding","Snack Pack Fat Free Chocolate Pudding","1.29","0.0","","4 x 3.25 oz","4 x 3.25 oz","816.jpg",,"8"
"13846","Breakfast & Dairy","Dairy & Eggs","Refrigerated Pudding & Desserts","Snack Pack","Snack Pack Fat Free Tapicoa Pudding","Snack Pack Fat Free Tapicoa Pudding","1.49","0.0","","13 oz","13 oz","815.jpg",,"19"
"13847","Breakfast & Dairy","Dairy & Eggs","Refrigerated Pudding & Desserts","Snack Pack","Snack Pack Gel Strawberry","Snack Pack Gel Strawberry","1.49","0.0","","3.25 oz","3.25 oz","813.jpg",,"8"
"13848","Breakfast & Dairy","Dairy & Eggs","Refrigerated Pudding & Desserts","Snack Pack","Snack Pack Juicy Gels Strawberry And Orange","Snack Pack Juicy Gels Strawberry And Orange","1.49","0.0","","4 x 3.25 oz","4 x 3.25 oz","806.jpg",,"19"
"13849","Breakfast & Dairy","Dairy & Eggs","Refrigerated Pudding & Desserts","Snack Pack","Snack Pack Pudding Butter Scotch","Snack Pack Pudding Butter Scotch","1.49","0.0","","4 x 3.25 oz","4 x 3.25 oz","807.jpg",,"19"
"13850","Breakfast & Dairy","Dairy & Eggs","Refrigerated Pudding & Desserts","Snack Pack","Snack Pack Pudding Chocolate Butter Scotch Family Pack","Snack Pack Pudding Chocolate Butter Scotch Family Pack","4.09","0.0","","12 x 3.25 oz","12 x 3.25 oz","811.jpg",,"19"
"13851","Breakfast & Dairy","Dairy & Eggs","Refrigerated Pudding & Desserts","Snack Pack","Snack Pack Pudding Sugar Free Chocolate","Snack Pack Pudding Sugar Free Chocolate","1.49","0.0","","4 x 3.25 oz","4 x 3.25 oz","810.jpg",,"19"
"13852","Breakfast & Dairy","Dairy & Eggs","Refrigerated Pudding & Desserts","Snack Pack","Snack Pack Pudding Tapioca","Snack Pack Pudding Tapioca","1.49","0.0","","3.25 oz","3.25 oz","818.jpg",,"19"
"13853","Breakfast & Dairy","Dairy & Eggs","Refrigerated Pudding & Desserts","Snack Pack","Snack Pack Pudding Triples Chocolate Vanilla","Snack Pack Pudding Triples Chocolate Vanilla","1.49","0.0","","3.25 oz","3.25 oz","808.jpg",,"19"
"13854","Breakfast & Dairy","Dairy & Eggs","Refrigerated Pudding & Desserts","Snack Pack","Snack Pack Pudding Vanilla","Snack Pack Pudding Vanilla","1.49","0.0","","4 x 3.25 oz","4 x 3.25 oz","805.jpg",,"19"
"13855","Breakfast & Dairy","Dairy & Eggs","Refrigerated Pudding & Desserts","Swiss Miss","Swiss Miss Classic Butterscotch Pudding","Swiss Miss Classic Butterscotch Pudding","2.49","0.0","","24 oz","24 oz","829.jpg",,"19"
"13856","Breakfast & Dairy","Dairy & Eggs","Refrigerated Pudding & Desserts","Swiss Miss","Swiss Miss Creamy Milk Chocolate Pudding","Swiss Miss Creamy Milk Chocolate Pudding","3.09","0.0","","4 oz","4 oz","826.jpg",,"19"
"13857","Breakfast & Dairy","Dairy & Eggs","Refrigerated Pudding & Desserts","Swiss Miss","Swiss Miss Creamy Vanilla Pudding","Swiss Miss Creamy Vanilla Pudding","3.69","0.0","","4 oz","4 oz","827.jpg",,"19"
"13858","Breakfast & Dairy","Dairy & Eggs","Refrigerated Pudding & Desserts","Swiss Miss","Swiss Miss Old Fashioned Tapioca Pudding","Swiss Miss Old Fashioned Tapioca Pudding","3.09","0.0","","6 x 4 oz","6 x 4 oz","828.jpg",,"19"
"13859","Breakfast & Dairy","Dairy & Eggs","Refrigerated Pudding & Desserts","Swiss Miss","Swiss Miss Pudding Cups","Swiss Miss Pudding Cups","3.09","0.0","","6 x 3.5 oz","6 x 3.5 oz","Market Basket.jpg",,"19"
"13860","Breakfast & Dairy","Dairy & Eggs","Refrigerated Pudding & Desserts","Swiss Miss","Swiss Miss Triple Chocolate Dream Pudding","Swiss Miss Triple Chocolate Dream Pudding","3.09","0.0","","6 x 4 oz","6 x 4 oz","825.jpg",,"19"
"13861","Breakfast & Dairy","Dairy & Eggs","Refrigerated Pudding & Desserts","Wonky","Wonky Rice Pudding","Wonky Rice Pudding","2.49","0.0","","22 oz","22 oz","Market Basket.jpg",,"19"
"13862","Breakfast & Dairy","Dairy & Eggs","Soy & Lactose-Free","8th Continent","8th Continent Soymilk Original","8th Continent Soymilk Original","3.69","0.0","","64 fl oz","64 fl oz","14806.jpg",,"1"
"13863","Breakfast & Dairy","Dairy & Eggs","Soy & Lactose-Free","Blue Diamond","Blue Diamond Almond Milk Original","Blue Diamond Almond Milk Original","3.19","0.0","","32 oz","32 oz","Market Basket.jpg",,"1"
"13864","Breakfast & Dairy","Dairy & Eggs","Soy & Lactose-Free","Blue Diamond","Blue Diamond Unsweetened Vanilla Almondmilk Coconutmilk Blend","Blue Diamond Unsweetened Vanilla Almondmilk Coconutmilk Blend","3.09","0.0","","32 fl oz","32 fl oz","779.jpg",,"1"
"13865","Breakfast & Dairy","Dairy & Eggs","Soy & Lactose-Free","Blue Diamond Almond Breeze","Blue Diamond Almond Breeze Blue Diamond Almonds Almond Breeze Almondmilk Unsweetened Original Family Size","Blue Diamond Almond Breeze Blue Diamond Almonds Almond Breeze Almondmilk Unsweetened Original Family Size","5.79","0.0","","64 oz","64 oz","755.jpg",,"1"
"13866","Breakfast & Dairy","Dairy & Eggs","Soy & Lactose-Free","Blue Diamond Almond Breeze","Blue Diamond Almond Breeze Original Almondmilk","Blue Diamond Almond Breeze Original Almondmilk","5.79","0.0","","0.5 gal","0.5 gal","758.jpg",,"1"
"13867","Breakfast & Dairy","Dairy & Eggs","Soy & Lactose-Free","Blue Diamond Almond Breeze","Blue Diamond Almonds Blue Diamond Almond Breeze Original","Blue Diamond Almonds Blue Diamond Almond Breeze Original","3.69","0.0","","0.5 gal","0.5 gal","14801.jpg",,"1"
"13868","Breakfast & Dairy","Dairy & Eggs","Soy & Lactose-Free","Blue Diamond Almond Breeze Almondmilk","Blue Diamond Almond Breeze Almondmilk Blue Diamond Almond Breeze Almond Cashew Blend Unsweetened Vanilla","Blue Diamond Almond Breeze Almondmilk Blue Diamond Almond Breeze Almond Cashew Blend Unsweetened Vanilla","3.69","0.0","","0.5 gal","0.5 gal","746.jpg",,"1"
"13869","Breakfast & Dairy","Dairy & Eggs","Soy & Lactose-Free","Blue Diamond Almond Breeze Almondmilk","Blue Diamond Almond Breeze Almondmilk Blue Diamond Almond Breeze Almond Coconut Blend","Blue Diamond Almond Breeze Almondmilk Blue Diamond Almond Breeze Almond Coconut Blend","3.09","0.0","","32 fl oz","32 fl oz","753.jpg",,"1"
"13870","Breakfast & Dairy","Dairy & Eggs","Soy & Lactose-Free","Blue Diamond Almond Breeze Almondmilk","Blue Diamond Almond Breeze Almondmilk Blue Diamond Almond Breeze Almond Coconut Blend Unsweetened Original","Blue Diamond Almond Breeze Almondmilk Blue Diamond Almond Breeze Almond Coconut Blend Unsweetened Original","3.69","0.0","","64 fl oz","64 fl oz","752.jpg",,"1"
"13871","Breakfast & Dairy","Dairy & Eggs","Soy & Lactose-Free","Blue Diamond Almond Breeze Almondmilk","Blue Diamond Almond Breeze Almondmilk Blue Diamond Almond Breeze Chocolate","Blue Diamond Almond Breeze Almondmilk Blue Diamond Almond Breeze Chocolate","3.69","0.0","","0.5 gal","0.5 gal","748.jpg",,"1"
"13872","Breakfast & Dairy","Dairy & Eggs","Soy & Lactose-Free","Blue Diamond Almond Breeze Almondmilk","Blue Diamond Almond Breeze Almondmilk Blue Diamond Almonds Almond Breeze Almondmilk Original","Blue Diamond Almond Breeze Almondmilk Blue Diamond Almonds Almond Breeze Almondmilk Original","3.69","0.0","","64 fl oz","64 fl oz","747.jpg",,"1"
"13873","Breakfast & Dairy","Dairy & Eggs","Soy & Lactose-Free","Blue Diamond Almond Breeze Almondmilk","Blue Diamond Almond Breeze Almondmilk Blue Diamond Almonds Almond Breeze Almondmilk Vanilla","Blue Diamond Almond Breeze Almondmilk Blue Diamond Almonds Almond Breeze Almondmilk Vanilla","3.69","0.0","","64 fl oz","64 fl oz","745.jpg",,"1"
"13874","Breakfast & Dairy","Dairy & Eggs","Soy & Lactose-Free","Blue Diamond Almond Breeze Almondmilk","Blue Diamond Almond Breeze Almondmilk Blue Diamond Almonds Almond Breeze Almondmilk Vanilla Reduced Sugar","Blue Diamond Almond Breeze Almondmilk Blue Diamond Almonds Almond Breeze Almondmilk Vanilla Reduced Sugar","3.69","0.0","","64 fl oz","64 fl oz","749.jpg",,"1"
"13875","Breakfast & Dairy","Dairy & Eggs","Soy & Lactose-Free","Blue Diamond Almond Breeze Almondmilk","Blue Diamond Almond Breeze Almondmilk Blue Diamond Almonds Almond Breeze Almondmilk Vanilla Unsweetened","Blue Diamond Almond Breeze Almondmilk Blue Diamond Almonds Almond Breeze Almondmilk Vanilla Unsweetened","3.69","0.0","","64 fl oz","64 fl oz","750.jpg",,"1"
"13876","Breakfast & Dairy","Dairy & Eggs","Soy & Lactose-Free","Blue Diamond Almond Breeze Almondmilk","Blue Diamond Almond Breeze Almondmilk Unsweetened Original Almondmilk Non Dairy Milk Alternative","Blue Diamond Almond Breeze Almondmilk Unsweetened Original Almondmilk Non Dairy Milk Alternative","3.69","0.0","","64 fl oz","64 fl oz","744.jpg",,"1"
"13877","Breakfast & Dairy","Dairy & Eggs","Soy & Lactose-Free","Blue Diamond Almond Breeze Almondmilk","Blue Diamond Almond Breeze Almondmilk Vanilla","Blue Diamond Almond Breeze Almondmilk Vanilla","6.09","0.0","","96 fl oz","96 fl oz","751.jpg",,"1"
"13878","Breakfast & Dairy","Dairy & Eggs","Soy & Lactose-Free","Califia Farms","Califia Farms Original Almondmilk","Califia Farms Original Almondmilk","3.69","0.0","","48 oz","48 oz","786.jpg",,"1"
"13879","Breakfast & Dairy","Dairy & Eggs","Soy & Lactose-Free","Califia Farms","Califia Farms Toasted Coconut Almondmilk","Califia Farms Toasted Coconut Almondmilk","4.29","0.0","","48 fl oz","48 fl oz","787.jpg",,"1"
"13880","Breakfast & Dairy","Dairy & Eggs","Soy & Lactose-Free","Califia Farms","Califia Farms Unsweetened Almondmilk","Califia Farms Unsweetened Almondmilk","3.69","0.0","","48 oz","48 oz","785.jpg",,"1"
"13881","Breakfast & Dairy","Dairy & Eggs","Soy & Lactose-Free","Dream Blends","Dream Blends Coconut, Almond & Chia Drink, Original","Dream Blends Coconut, Almond & Chia Drink, Original","3.69","0.0","","32 oz","32 oz","14809.jpg",,"1"
"13882","Breakfast & Dairy","Dairy & Eggs","Soy & Lactose-Free","Dream Blends","Dream Blends Rice & Quinoa Drink, Original, Brick","Dream Blends Rice & Quinoa Drink, Original, Brick","3.69","0.0","","32 oz","32 oz","14810.jpg",,"1"
"13883","Breakfast & Dairy","Dairy & Eggs","Soy & Lactose-Free","Good Karma","Good Karma Flaxmilk Original vanilla","Good Karma Flaxmilk Original vanilla","3.09","0.0","","0.5 gal","0.5 gal","14805.jpg",,"1"
"13884","Breakfast & Dairy","Dairy & Eggs","Soy & Lactose-Free","Market Basket","Market Basket 100% Lactose Free Reduced Fat 2% Milk","Market Basket 100% Lactose Free Reduced Fat 2% Milk","3.69","0.0","","64 fl oz","64 fl oz","Market Basket.jpg",,"1"
"13885","Breakfast & Dairy","Dairy & Eggs","Soy & Lactose-Free","Market Basket","Market Basket 51% Vegetable Oil Spread","Market Basket 51% Vegetable Oil Spread","3.09","0.0","","45 oz","45 oz","Market Basket.jpg",,"1"
"13886","Breakfast & Dairy","Dairy & Eggs","Soy & Lactose-Free","Market Basket","Market Basket 58% Vegetable Oil Butter Like Spread","Market Basket 58% Vegetable Oil Butter Like Spread","1.69","0.0","","15 oz","15 oz","Market Basket.jpg",,"1"
"13887","Breakfast & Dairy","Dairy & Eggs","Soy & Lactose-Free","Market Basket","Market Basket 80% Vegetable Oil Margarine","Market Basket 80% Vegetable Oil Margarine","1.29","0.0","","16 oz","16 oz","Market Basket.jpg",,"1"
"13888","Breakfast & Dairy","Dairy & Eggs","Soy & Lactose-Free","Market Basket","Market Basket Almond Break All Natural Almondmilk","Market Basket Almond Break All Natural Almondmilk","3.09","0.0","","1 gal","1 gal","Market Basket.jpg",,"1"
"13889","Breakfast & Dairy","Dairy & Eggs","Soy & Lactose-Free","Market Basket","Market Basket Lactose Free Fat Free Milk","Market Basket Lactose Free Fat Free Milk","3.69","0.0","","0.5 gal","0.5 gal","Market Basket.jpg",,"1"
"13890","Breakfast & Dairy","Dairy & Eggs","Soy & Lactose-Free","Market Basket","Market Basket Lactose Free Whole Milk","Market Basket Lactose Free Whole Milk","3.69","0.0","","0.5 gal","0.5 gal","Market Basket.jpg",,"1"
"13891","Breakfast & Dairy","Dairy & Eggs","Soy & Lactose-Free","Market Basket","Market Basket Original Almondmilk","Market Basket Original Almondmilk","2.09","0.0","","32 fl oz","32 fl oz","Market Basket.jpg",,"1"
"13892","Breakfast & Dairy","Dairy & Eggs","Soy & Lactose-Free","Market Basket","Market Basket Original Soymilk","Market Basket Original Soymilk","2.09","0.0","","32 fl oz","32 fl oz","Market Basket.jpg",,"1"
"13893","Breakfast & Dairy","Dairy & Eggs","Soy & Lactose-Free","Market Basket","Market Basket Vanilla Almondmilk","Market Basket Vanilla Almondmilk","2.09","0.0","","32 fl oz","32 fl oz","Market Basket.jpg",,"1"
"13894","Breakfast & Dairy","Dairy & Eggs","Soy & Lactose-Free","Market Basket","Suzie's Quinoamilk Beverage, Enriched, Unsweetened","Suzie's Quinoamilk Beverage, Enriched, Unsweetened","4.89","0.0","","32 oz","32 oz","14797.jpg",,"1"
"13895","Breakfast & Dairy","Dairy & Eggs","Soy & Lactose-Free","Nasoya","Nasoya TofuBaked Sesame Ginger","Nasoya TofuBaked Sesame Ginger","4.59","0.0","","8 oz","8 oz","14802.jpg",,"20"
"13896","Breakfast & Dairy","Dairy & Eggs","Soy & Lactose-Free","Pacific","Pacific Hemp Original Plant Based Beverage","Pacific Hemp Original Plant Based Beverage","4.69","0.0","","32 fl oz","32 fl oz","782.jpg",,"1"
"13897","Breakfast & Dairy","Dairy & Eggs","Soy & Lactose-Free","Pacific","Pacific Organic Original Oat Plant Based Beverage","Pacific Organic Original Oat Plant Based Beverage","3.69","0.0","","32 oz","32 oz","781.jpg",,"1"
"13898","Breakfast & Dairy","Dairy & Eggs","Soy & Lactose-Free","Pacific","Pacific Ultra Soy Original","Pacific Ultra Soy Original","3.69","0.0","","32 fl oz","32 fl oz","784.jpg",,"1"
"13899","Breakfast & Dairy","Dairy & Eggs","Soy & Lactose-Free","Parmalat","Parmalat 1% Lowfat Milk Vitamin A&D","Parmalat 1% Lowfat Milk Vitamin A&D","2.49","0.0","","1 count","1 count","14796.jpg",,"1"
"13900","Breakfast & Dairy","Dairy & Eggs","Soy & Lactose-Free","Parmalat","Parmalat 2% Reduced Fat Milk Vitamin A&D","Parmalat 2% Reduced Fat Milk Vitamin A&D","2.49","0.0","","32 fl oz","32 fl oz","14808.jpg",,"1"
"13901","Breakfast & Dairy","Dairy & Eggs","Soy & Lactose-Free","Parmalat","Parmalat Whole Milk Vitamin D","Parmalat Whole Milk Vitamin D","3.99","0.0","","1 count","1 count","14795.jpg",,"1"
"13902","Breakfast & Dairy","Dairy & Eggs","Soy & Lactose-Free","Rolling Hills ","Rolling Hills Farm Original Organic Soymilk","Rolling Hills Farm Original Organic Soymilk","3.09","0.0","","0.5 gal","0.5 gal","14798.jpg",,"1"
"13903","Breakfast & Dairy","Dairy & Eggs","Soy & Lactose-Free","Rolling Hills Farm","Rolling Hills Farm Vanilla Organic Soymilk","Rolling Hills Farm Vanilla Organic Soymilk","3.09","0.0","","0.5 gal","0.5 gal","14804.jpg",,"1"
"13904","Breakfast & Dairy","Dairy & Eggs","Soy & Lactose-Free","Silk","Silk Dark Chocolate Almondmilk","Silk Dark Chocolate Almondmilk","3.69","0.0","","64 fl oz","64 fl oz","714.jpg",,"1"
"13905","Breakfast & Dairy","Dairy & Eggs","Soy & Lactose-Free","Silk","Silk Light Original Soymilk","Silk Light Original Soymilk","3.69","0.0","","64 fl oz","64 fl oz","723.jpg",,"1"
"13906","Breakfast & Dairy","Dairy & Eggs","Soy & Lactose-Free","Silk","Silk Unsweet Coconutmilk","Silk Unsweet Coconutmilk","3.09","0.0","","64 fl oz","64 fl oz","716.jpg",,"1"
"13907","Breakfast & Dairy","Dairy & Eggs","Soy & Lactose-Free","Silk","Silk Unsweet Vanilla Almondmilk","Silk Unsweet Vanilla Almondmilk","3.09","0.0","","64 fl oz","64 fl oz","711.jpg",,"1"
"13908","Breakfast & Dairy","Dairy & Eggs","Soy & Lactose-Free","Silk","Silk Unsweet Vanilla Organic Soymilk","Silk Unsweet Vanilla Organic Soymilk","3.69","0.0","","0.5 gal","0.5 gal","717.jpg",,"1"
"13909","Breakfast & Dairy","Dairy & Eggs","Soy & Lactose-Free","So Delicious","So Delicious Coconut Milk Creamer","So Delicious Coconut Milk Creamer","3.69","0.0","","32 oz","32 oz","737.jpg",,"1"
"13910","Breakfast & Dairy","Dairy & Eggs","Soy & Lactose-Free","So Delicious","So Delicious Creamer, Coconut Milk, French Vanilla","So Delicious Creamer, Coconut Milk, French Vanilla","2.39","0.0","","1 pint","1 pint","735.jpg",,"1"
"13911","Breakfast & Dairy","Dairy & Eggs","Soy & Lactose-Free","So Delicious","So Delicious Dairy Free Coconutmilk Coffee Creamer Original","So Delicious Dairy Free Coconutmilk Coffee Creamer Original","2.39","0.0","","16 oz","16 oz","740.jpg",,"1"
"13912","Breakfast & Dairy","Dairy & Eggs","Soy & Lactose-Free","So Delicious","So Delicious Dairy Free Cultured Coconut Milk Strawberry","So Delicious Dairy Free Cultured Coconut Milk Strawberry","1.49","0.0","","6 oz","6 oz","739.jpg",,"1"
"13913","Breakfast & Dairy","Dairy & Eggs","Soy & Lactose-Free","So Delicious","So Delicious Dairy Free French Vanilla Coconutmilk Organic Creamer","So Delicious Dairy Free French Vanilla Coconutmilk Organic Creamer","3.69","0.0","","946 ml","946 ml","736.jpg",,"1"
"13914","Breakfast & Dairy","Dairy & Eggs","Soy & Lactose-Free","So Delicious","So Delicious Dairy Free Organic Coconut Milk Beverage Unsweetened","So Delicious Dairy Free Organic Coconut Milk Beverage Unsweetened","3.29","0.0","","64 fl oz","64 fl oz","738.jpg",,"1"
"13915","Breakfast & Dairy","Dairy & Eggs","Soy & Lactose-Free","So Delicious","So Delicious Dairy Free Organic Unsweetened Coconutmilk","So Delicious Dairy Free Organic Unsweetened Coconutmilk","3.09","0.0","","6 x 32 fl oz","6 x 32 fl oz","741.jpg",,"1"
"13916","Breakfast & Dairy","Dairy & Eggs","Soy & Lactose-Free","So Delicious","So Delicious Dairy Free Original Organic Coconutmilk","So Delicious Dairy Free Original Organic Coconutmilk","3.09","0.0","","32 oz","32 oz","743.jpg",,"1"
"13917","Breakfast & Dairy","Dairy & Eggs","Soy & Lactose-Free","Vitasoy","Vitasoy Silken Tofu","Vitasoy Silken Tofu","1.29","0.0","","19 oz","19 oz","Market Basket.jpg",,"1"
"13918","Breakfast & Dairy","Dairy & Eggs","Soy & Lactose-Free","Westbrae","Westbrae Natural Westsoy Organic Original Soymilk Plain","Westbrae Natural Westsoy Organic Original Soymilk Plain","3.69","0.0","","32 fl oz","32 fl oz","14800.jpg",,"1"
"13919","Breakfast & Dairy","Dairy & Eggs","Soy & Lactose-Free Milk","Lactaid","Lactaid 100% Lactose Free 2% Reduced Fat Milk","Lactaid 100% Lactose Free 2% Reduced Fat Milk","6.24","0.0","","96 fl oz","96 fl oz","765.jpg",,"1"
"13920","Breakfast & Dairy","Dairy & Eggs","Soy & Lactose-Free Milk","Lactaid","Lactaid 100% Lactose Free Fat Free Milk","Lactaid 100% Lactose Free Fat Free Milk","6.24","0.0","","96 fl oz","96 fl oz","766.jpg",,"1"
"13921","Breakfast & Dairy","Dairy & Eggs","Soy & Lactose-Free Milk","Lactaid","Lactaid 100% Lactose Free Fat Free Milk","Lactaid 100% Lactose Free Fat Free Milk","4.86","0.0","","0.5 gal","0.5 gal","770.jpg",,"1"
"13922","Breakfast & Dairy","Dairy & Eggs","Soy & Lactose-Free Milk","Lactaid","Lactaid 100% Lactose Free Whole Milk","Lactaid 100% Lactose Free Whole Milk","6.24","0.0","","96 fl oz","96 fl oz","764.jpg",,"1"
"13923","Breakfast & Dairy","Dairy & Eggs","Soy & Lactose-Free Milk","Lactaid","Lactaid 100% Lactose Free Whole Milk","Lactaid 100% Lactose Free Whole Milk","4.86","0.0","","0.5 gal","0.5 gal","769.jpg",,"1"
"13924","Breakfast & Dairy","Dairy & Eggs","Soy & Lactose-Free Milk","Lactaid","Lactaid Lowfat Lactose Free Milk","Lactaid Lowfat Lactose Free Milk","6.24","0.0","","96 fl oz","96 fl oz","767.jpg",,"1"
"13925","Breakfast & Dairy","Dairy & Eggs","Soy & Lactose-Free Milk","Lactaid","Lactaid Whole Milk","Lactaid Whole Milk","4.86","0.0","","0.5 gal","0.5 gal","768.jpg",,"1"
"13926","Breakfast & Dairy","Dairy & Eggs","Specialty Cheeses","Bel Kaukauna","Bel Kaukauna Port Wine Spreadable Cheeseball","Bel Kaukauna Port Wine Spreadable Cheeseball","3.69","0.0","","10 oz","10 oz","5463.jpg",,"1"
"13927","Breakfast & Dairy","Dairy & Eggs","Specialty Cheeses","BelGioioso","BelGioioso Cheese","BelGioioso Cheese","4.29","0.0","","12 oz","12 oz","Market Basket.jpg",,"1"
"13928","Breakfast & Dairy","Dairy & Eggs","Specialty Cheeses","BelGioioso","BelGioioso Cheese Fontina Cheese","BelGioioso Cheese Fontina Cheese","4.89","0.0","","8 oz","8 oz","5464.jpg",,"1"
"13929","Breakfast & Dairy","Dairy & Eggs","Specialty Cheeses","BelGioioso","Belgioioso Parmesan Cheese","Belgioioso Parmesan Cheese","6.69","0.0","","12 oz","12 oz","Market Basket.jpg",,"1"
"13930","Breakfast & Dairy","Dairy & Eggs","Specialty Cheeses","Biazzo","Biazzo Old Fashioned Ricotta Cheese Whole Milk","Biazzo Old Fashioned Ricotta Cheese Whole Milk","4.29","0.0","","32 oz","32 oz","5462.jpg",,"1"
"13931","Breakfast & Dairy","Dairy & Eggs","Specialty Cheeses","Bucheron","Bucheron Soft Goat Cheese","Bucheron Soft Goat Cheese","10.99","0.0","","1 lb","1 lb","Market Basket.jpg",,"1"
"13932","Breakfast & Dairy","Dairy & Eggs","Specialty Cheeses","Buitoni","Buitoni Three Cheese Tortellini","Buitoni Three Cheese Tortellini","3.69","0.0","","9 oz","9 oz","Market Basket.jpg",,"1"
"13933","Breakfast & Dairy","Dairy & Eggs","Specialty Cheeses","Cabot","Cabot Swiss","Cabot Swiss","3.69","0.0","","8 oz","8 oz","Market Basket.jpg",,"1"
"13934","Breakfast & Dairy","Dairy & Eggs","Specialty Cheeses","Cabot Creamery","Cabot Creamery Seriously Sharp Cheddar Cheese","Cabot Creamery Seriously Sharp Cheddar Cheese","7.39","0.0","","1 lb","1 lb","Market Basket.jpg",,"1"
"13935","Breakfast & Dairy","Dairy & Eggs","Specialty Cheeses","Cambozola","Cambozola Triple Cream Blue","Cambozola Triple Cream Blue","15.89","0.0","","1 per lb","1 per lb","Market Basket.jpg",,"1"
"13936","Breakfast & Dairy","Dairy & Eggs","Specialty Cheeses","Dodoni","Dodoni Feta Cheese In Brine","Dodoni Feta Cheese In Brine","9.79","0.0","","14 oz","14 oz","17303.jpg",,"1"
"13937","Breakfast & Dairy","Dairy & Eggs","Specialty Cheeses","BelGioioso","BelGioioso Cheese Provolone Extra Sharp","BelGioioso Cheese Provolone Extra Sharp","4.29","0.0","","8 oz","8 oz","5461.jpg",,"1"
"13938","Breakfast & Dairy","Dairy & Eggs","Specialty Cheeses","BelGioioso","BelGioioso Fresh Mozzarella Cheese","BelGioioso Fresh Mozzarella Cheese","3.69","0.0","","8 oz","8 oz","Market Basket.jpg",,"1"
"13939","Breakfast & Dairy","Dairy & Eggs","Specialty Cheeses","Galbani","Galbani Sliced Mozzarella Cheese","Galbani Sliced Mozzarella Cheese","5.59","0.0","","1 lb","1 lb","Market Basket.jpg",,"1"
"13940","Breakfast & Dairy","Dairy & Eggs","Specialty Cheeses","Great Lakes","Great Lake American Cheese","Great Lake American Cheese","10.99","0.0","","3 lb","3 lb","Market Basket.jpg",,"1"
"13941","Breakfast & Dairy","Dairy & Eggs","Specialty Cheeses","Kerrygold","Kerrygold Kettygold Cheese Dubliner","Kerrygold Kettygold Cheese Dubliner","4.29","0.0","","7 oz","7 oz","17297.jpg",,"1"
"13942","Breakfast & Dairy","Dairy & Eggs","Specialty Cheeses","La Ricura","La Ricura Jalisco Cheese","La Ricura Jalisco Cheese","8.59","0.0","","14 oz","14 oz","Market Basket.jpg",,"1"
"13943","Breakfast & Dairy","Dairy & Eggs","Specialty Cheeses","La Ricura","La Ricura Mexican Cream","La Ricura Mexican Cream","8.59","0.0","","32 oz","32 oz","Market Basket.jpg",,"1"
"13944","Breakfast & Dairy","Dairy & Eggs","Specialty Cheeses","Land O' Lakes","Land O' Lakes American Cheese","Land O' Lakes American Cheese","6.09","0.0","","1 lb","1 lb","Market Basket.jpg",,"22"
"13945","Breakfast & Dairy","Dairy & Eggs","Specialty Cheeses","Land O' Lakes","Land O' Lakes Cheese","Land O' Lakes Cheese","6.59","0.0","","0.77 lb","0.77 lb","Market Basket.jpg",,"22"
"13946","Breakfast & Dairy","Dairy & Eggs","Specialty Cheeses","Market Basket","Hoffman House Sharp Cheese","Hoffman House Sharp Cheese","1.69","0.0","","1 per lb","1 per lb","Market Basket.jpg",,"1"
"13947","Breakfast & Dairy","Dairy & Eggs","Specialty Cheeses","Market Basket","Jalsberg Cheese","Jalsberg Cheese","8.59","0.0","","1 lb","1 lb","Market Basket.jpg",,"1"
"13948","Breakfast & Dairy","Dairy & Eggs","Specialty Cheeses","Market Basket","Le Gruyere Emmi Gruyere Cheese","Le Gruyere Emmi Gruyere Cheese","18.29","0.0","","1 per lb","1 per lb","17300.jpg",,"1"
"13949","Breakfast & Dairy","Dairy & Eggs","Specialty Cheeses","Market Basket","Market B Asiago Cheese","Market B Asiago Cheese","8.59","0.0","","1 lb","1 lb","Market Basket.jpg",,"1"
"13950","Breakfast & Dairy","Dairy & Eggs","Specialty Cheeses","Market Basket","Market Basket Brie Cheese","Market Basket Brie Cheese","7.39","0.0","","1 lb","1 lb","Market Basket.jpg",,"1"
"13951","Breakfast & Dairy","Dairy & Eggs","Specialty Cheeses","Market Basket","Market Basket Deluxe Yellow American Cheese","Market Basket Deluxe Yellow American Cheese","3.09","0.0","","16 count","16 count","Market Basket.jpg",,"1"
"13952","Breakfast & Dairy","Dairy & Eggs","Specialty Cheeses","Market Basket","Market Basket Double Cream Brie Cheese","Market Basket Double Cream Brie Cheese","4.49","0.0","","0.61 lb","0.61 lb","Market Basket.jpg",,"1"
"13953","Breakfast & Dairy","Dairy & Eggs","Specialty Cheeses","Market Basket","Market Basket Fancy Blend Cheese","Market Basket Fancy Blend Cheese","2.39","0.0","","8 oz","8 oz","Market Basket.jpg",,"1"
"13954","Breakfast & Dairy","Dairy & Eggs","Specialty Cheeses","Market Basket","Market Basket Fancy Blend Finely Shredded Cheese","Market Basket Fancy Blend Finely Shredded Cheese","4.89","0.0","","16 oz","16 oz","Market Basket.jpg",,"1"
"13955","Breakfast & Dairy","Dairy & Eggs","Specialty Cheeses","Market Basket","Market Basket Grated Parmesan & Romano Cheese","Market Basket Grated Parmesan & Romano Cheese","3.09","0.0","","8 oz","8 oz","Market Basket.jpg",,"1"
"13956","Breakfast & Dairy","Dairy & Eggs","Specialty Cheeses","Market Basket","Market Basket Harvarti With Dill","Market Basket Harvarti With Dill","4.69","0.0","","0.76 lb","0.76 lb","Market Basket.jpg",,"1"
"13957","Breakfast & Dairy","Dairy & Eggs","Specialty Cheeses","Market Basket","Market Basket Mexican Shredded Cheese","Market Basket Mexican Shredded Cheese","2.48","0.0","","8 oz","8 oz","Market Basket.jpg",,"1"
"13958","Breakfast & Dairy","Dairy & Eggs","Specialty Cheeses","Market Basket","Market Basket Monterey Jack Cheese","Market Basket Monterey Jack Cheese","5.49","0.0","","0.89 lb","0.89 lb","Market Basket.jpg",,"1"
"13959","Breakfast & Dairy","Dairy & Eggs","Specialty Cheeses","Market Basket","Market Basket Mozzarella","Market Basket Mozzarella","3.69","0.0","","10 oz","10 oz","Market Basket.jpg",,"1"
"13960","Breakfast & Dairy","Dairy & Eggs","Specialty Cheeses","Market Basket","Market Basket Mozzarella Natural Shredded Cheese","Market Basket Mozzarella Natural Shredded Cheese","2.48","0.0","","8 oz","8 oz","Market Basket.jpg",,"1"
"13961","Breakfast & Dairy","Dairy & Eggs","Specialty Cheeses","Market Basket","Market Basket Munster","Market Basket Munster","6.09","0.0","","1 per lb","1 per lb","Market Basket.jpg",,"1"
"13962","Breakfast & Dairy","Dairy & Eggs","Specialty Cheeses","Market Basket","Market Basket Parmesan Cheese","Market Basket Parmesan Cheese","3.09","0.0","","8 oz","8 oz","Market Basket.jpg",,"1"
"13963","Breakfast & Dairy","Dairy & Eggs","Specialty Cheeses","Market Basket","Market Basket Shaved Parmesan Cheese","Market Basket Shaved Parmesan Cheese","6.09","0.0","","12 oz","12 oz","Market Basket.jpg",,"1"
"13964","Breakfast & Dairy","Dairy & Eggs","Specialty Cheeses","Market Basket","Market Basket Shredded Cheddar Cheese","Market Basket Shredded Cheddar Cheese","4.89","0.0","","16 oz","16 oz","Market Basket.jpg",,"1"
"13965","Breakfast & Dairy","Dairy & Eggs","Specialty Cheeses","Market Basket","Market Basket Shredded Parmesan Cheese","Market Basket Shredded Parmesan Cheese","2.48","0.0","","7 oz","7 oz","Market Basket.jpg",,"1"
"13966","Breakfast & Dairy","Dairy & Eggs","Specialty Cheeses","Market Basket","Market Basket Shredded Parmesan Cheese","Market Basket Shredded Parmesan Cheese","6.09","0.0","","12 oz","12 oz","Market Basket.jpg",,"1"
"13967","Breakfast & Dairy","Dairy & Eggs","Specialty Cheeses","Market Basket","Market Basket Sliced Smoked Gouda","Market Basket Sliced Smoked Gouda","3.69","0.0","","10 oz","10 oz","Market Basket.jpg",,"1"
"13968","Breakfast & Dairy","Dairy & Eggs","Specialty Cheeses","Market Basket","Market Basket Swiss Cheese","Market Basket Swiss Cheese","6.09","0.0","","0.93 lb","0.93 lb","Market Basket.jpg",,"1"
"13969","Breakfast & Dairy","Dairy & Eggs","Specialty Cheeses","Market Basket","Market Basket White Cheddar Slices","Market Basket White Cheddar Slices","3.69","0.0","","10 oz","10 oz","Market Basket.jpg",,"1"
"13970","Breakfast & Dairy","Dairy & Eggs","Specialty Cheeses","Market Basket","Pecorino Romano","Pecorino Romano","7.89","0.0","","0.7 lb","0.7 lb","Market Basket.jpg",,"1"
"13971","Breakfast & Dairy","Dairy & Eggs","Specialty Cheeses","Market Basket","Pepper Jack Cheese","Pepper Jack Cheese","5.49","0.0","","1 lb","1 lb","Market Basket.jpg",,"1"
"13972","Breakfast & Dairy","Dairy & Eggs","Specialty Cheeses","Market Basket","Provolone Cheese","Provolone Cheese","5.49","0.0","","1 per lb","1 per lb","17298.jpg",,"1"
"13973","Breakfast & Dairy","Dairy & Eggs","Specialty Cheeses","Market Basket","Queso Fresco Guatemala","Queso Fresco Guatemala","4.79","0.0","","12 oz","12 oz","Market Basket.jpg",,"1"
"13974","Breakfast & Dairy","Dairy & Eggs","Specialty Cheeses","Market Basket","Reduced Fat Mozzarella","Reduced Fat Mozzarella","3.29","0.0","","8 oz","8 oz","Market Basket.jpg",,"1"
"13975","Breakfast & Dairy","Dairy & Eggs","Specialty Cheeses","Market Basket","St Clemens Danish Blue Cheese","St Clemens Danish Blue Cheese","6.09","0.0","","1 per lb","1 per lb","Market Basket.jpg",,"1"
"13976","Breakfast & Dairy","Dairy & Eggs","Specialty Cheeses","Market Basket","Tortellini Tricolor With Cheese","Tortellini Tricolor With Cheese","3.69","0.0","","16 oz","16 oz","Market Basket.jpg",,"1"
"13977","Breakfast & Dairy","Dairy & Eggs","Specialty Cheeses","Market Basket","Tour De Marze Brie","Tour De Marze Brie","9.19","0.0","","1 per lb","1 per lb","Market Basket.jpg",,"1"
"13978","Breakfast & Dairy","Dairy & Eggs","Specialty Cheeses","Milano's","Milano Grated Romano Cheese","Milano Grated Romano Cheese","3.59","0.0","","6 oz","6 oz","Market Basket.jpg",,"1"
"13979","Breakfast & Dairy","Dairy & Eggs","Specialty Cheeses","Monterey","Kraft Monterey Jack Cheese/Dried Apples/Granola Clusters Snack Trios","Kraft Monterey Jack Cheese/Dried Apples/Granola Clusters Snack Trios","3.69","0.0","","3 x 1.5 oz","3 x 1.5 oz","17305.jpg",,"1"
"13980","Breakfast & Dairy","Dairy & Eggs","Specialty Cheeses","Parmigiano","Parmigiano Cheese","Parmigiano Cheese","15.89","0.0","","1 lb","1 lb","17302.jpg",,"1"
"13981","Breakfast & Dairy","Dairy & Eggs","Specialty Cheeses","President","President Triple Creme Brie","President Triple Creme Brie","9.79","0.0","","1 per lb","1 per lb","Market Basket.jpg",,"1"
"13982","Breakfast & Dairy","Dairy & Eggs","Specialty Cheeses","Reny Picot","Reny Picot All Natural Gouda Cheese","Reny Picot All Natural Gouda Cheese","4.09","0.0","","1 per lb","1 per lb","17299.jpg",,"1"
"13983","Breakfast & Dairy","Dairy & Eggs","Specialty Cheeses","Stella","Stella Freshly Crumbled Blue Cheese","Stella Freshly Crumbled Blue Cheese","4.79","0.0","","10 oz","10 oz","Market Basket.jpg",,"1"
"13984","Breakfast & Dairy","Dairy & Eggs","Specialty Cheeses","Tropical","Tropical White Cheese Queso Blanco","Tropical White Cheese Queso Blanco","6.69","0.0","","16 oz","16 oz","17301.jpg",,"1"
"13985","Breakfast & Dairy","Dairy & Eggs","Yogurts/Dahi","Activia","Activia Fiber Fiber Strawberry & Cereal Lowfat Probiotic Yogurt","Activia Fiber Fiber Strawberry & Cereal Lowfat Probiotic Yogurt","2.49","0.0","","4 oz","4 oz","14713.jpg",,"1"
"13986","Breakfast & Dairy","Dairy & Eggs","Yogurts/Dahi","Activia","Activia Greek Activia Nonfat Greek Probiotic Yogurt Vanilla","Activia Greek Activia Nonfat Greek Probiotic Yogurt Vanilla","3.69","0.0","","5.3 oz","5.3 oz","14679.jpg",,"1"
"13987","Breakfast & Dairy","Dairy & Eggs","Yogurts/Dahi","Activia","Activia Light Light Raspberry Nonfat Probiotic Yogurt","Activia Light Light Raspberry Nonfat Probiotic Yogurt","3.09","0.0","","4 oz","4 oz","14712.jpg",,"1"
"13988","Breakfast & Dairy","Dairy & Eggs","Yogurts/Dahi","Activia","Activia Light Probiotic Blended Lowfat Strawberry Yogurt","Activia Light Probiotic Blended Lowfat Strawberry Yogurt","3.09","0.0","","4 oz","4 oz","14686.jpg",,"1"
"13989","Breakfast & Dairy","Dairy & Eggs","Yogurts/Dahi","Activia","Activia Mango Lowfat Yogurt Drink","Activia Mango Lowfat Yogurt Drink","0.99","0.0","","7 fl oz","7 fl oz","471.jpg",,"1"
"13990","Breakfast & Dairy","Dairy & Eggs","Yogurts/Dahi","Activia","Activia Peach Probiotic Dairy Drink","Activia Peach Probiotic Dairy Drink","0.99","0.0","","7 fl oz","7 fl oz","472.jpg",,"1"
"13991","Breakfast & Dairy","Dairy & Eggs","Yogurts/Dahi","Activia","Activia Probiotic Blended Lowfat Yogurt Peach & Strawberry","Activia Probiotic Blended Lowfat Yogurt Peach & Strawberry","6.99","0.0","","4 oz","4 oz","473.jpg",,"1"
"13992","Breakfast & Dairy","Dairy & Eggs","Yogurts/Dahi","Activia","Activia Probiotic Blended Lowfat Yogurt Strawberry & Blueberry","Activia Probiotic Blended Lowfat Yogurt Strawberry & Blueberry","7.19","0.0","","12 x 4 oz","12 x 4 oz","475.jpg",,"1"
"13993","Breakfast & Dairy","Dairy & Eggs","Yogurts/Dahi","Activia","Activia Probiotic Yogurt With Bifidus Light Vanilla","Activia Probiotic Yogurt With Bifidus Light Vanilla","3.09","0.0","","4 oz","4 oz","478.jpg",,"1"
"13994","Breakfast & Dairy","Dairy & Eggs","Yogurts/Dahi","Activia","Activia Strawberry Banana Lowfat Probiotic Yogurt","Activia Strawberry Banana Lowfat Probiotic Yogurt","3.09","0.0","","4 oz","4 oz","474.jpg",,"1"
"13995","Breakfast & Dairy","Dairy & Eggs","Yogurts/Dahi","Activia","Activia Strawberry Lowfat Yogurt Drink","Activia Strawberry Lowfat Yogurt Drink","0.99","0.0","","7 fl oz","7 fl oz","470.jpg",,"1"
"13996","Breakfast & Dairy","Dairy & Eggs","Yogurts/Dahi","Activia","Activia Yogurt, Lowfat","Activia Yogurt, Lowfat","7.19","0.0","","4 oz","4 oz","479.jpg",,"1"
"13997","Breakfast & Dairy","Dairy & Eggs","Yogurts/Dahi","Activia","Activia Yogurt, Nonfat, Light, Strawberry, Blueberry, 12 Pack","Activia Yogurt, Nonfat, Light, Strawberry, Blueberry, 12 Pack","6.99","0.0","","4 oz","4 oz","476.jpg",,"1"
"13998","Breakfast & Dairy","Dairy & Eggs","Yogurts/Dahi","Activia","Activia Yogurt, Nonfat, Strawberry Banana, Peach","Activia Yogurt, Nonfat, Strawberry Banana, Peach","6.99","0.0","","12 x 4 oz","12 x 4 oz","477.jpg",,"1"
"13999","Breakfast & Dairy","Dairy & Eggs","Yogurts/Dahi","Byrne","Byrne Hallow Farm Half Vanilla Greek Yogurt","Byrne Hallow Farm Half Vanilla Greek Yogurt","3.69","0.0","","32 oz","32 oz","Market Basket.jpg",,"1"
"14000","Breakfast & Dairy","Dairy & Eggs","Yogurts/Dahi","Cabot Creamery","Cabot Creamery Cabot Greek Lowfat Yogurt Plain","Cabot Creamery Cabot Greek Lowfat Yogurt Plain","4.59","0.0","","2 lb","2 lb","14664.jpg",,"1"
"14001","Breakfast & Dairy","Dairy & Eggs","Yogurts/Dahi","Chobani","Chobani 0% Milkfat Greek Yogurt Black Cherry On The Bottom","Chobani 0% Milkfat Greek Yogurt Black Cherry On The Bottom","1.29","0.0","","5.3 oz","5.3 oz","293.jpg",,"1"
"14002","Breakfast & Dairy","Dairy & Eggs","Yogurts/Dahi","Chobani","Chobani 0% Milkfat Non Fat Greek Yogurt Peach On The Bottom","Chobani 0% Milkfat Non Fat Greek Yogurt Peach On The Bottom","1.29","0.0","","5.3 oz","5.3 oz","268.jpg",,"1"
"14003","Breakfast & Dairy","Dairy & Eggs","Yogurts/Dahi","Chobani","Chobani 2% Milkfat Greek Yogurt Apricot On The Bottom","Chobani 2% Milkfat Greek Yogurt Apricot On The Bottom","1.29","0.0","","5.3 oz","5.3 oz","291.jpg",,"1"
"14004","Breakfast & Dairy","Dairy & Eggs","Yogurts/Dahi","Chobani","Chobani Autumn Harvest Crisp Low Fat Greek Yogurt","Chobani Autumn Harvest Crisp Low Fat Greek Yogurt","2.49","0.0","","5.3 oz","5.3 oz","303.jpg",,"1"
"14005","Breakfast & Dairy","Dairy & Eggs","Yogurts/Dahi","Chobani","Chobani Blueberry Blended Non Fat Greek Yogurt","Chobani Blueberry Blended Non Fat Greek Yogurt","4.79","0.0","","4 x 5.3 oz","4 x 5.3 oz","309.jpg",,"1"
"14006","Breakfast & Dairy","Dairy & Eggs","Yogurts/Dahi","Chobani","Chobani Flip Flip Low Fat Greek Yogurt Apple Crisp Twist","Chobani Flip Flip Low Fat Greek Yogurt Apple Crisp Twist","1.29","0.0","","5.3 oz","5.3 oz","14674.jpg",,"1"
"14007","Breakfast & Dairy","Dairy & Eggs","Yogurts/Dahi","Chobani","Chobani Flip Key Lime Crumble 4 Pack","Chobani Flip Key Lime Crumble 4 Pack","1.59","0.0","","4 x 5.3 oz","4 x 5.3 oz","256.jpg",,"1"
"14008","Breakfast & Dairy","Dairy & Eggs","Yogurts/Dahi","Chobani","Chobani Flip Low Fat Greek Yogurt Almond Coco Loco","Chobani Flip Low Fat Greek Yogurt Almond Coco Loco","1.29","0.0","","5.3 oz","5.3 oz","287.jpg",,"1"
"14009","Breakfast & Dairy","Dairy & Eggs","Yogurts/Dahi","Chobani","Chobani Flip Low Fat Greek Yogurt Chocolate Haze Craze","Chobani Flip Low Fat Greek Yogurt Chocolate Haze Craze","1.29","0.0","","4 x 3.5 oz","4 x 3.5 oz","282.jpg",,"1"
"14010","Breakfast & Dairy","Dairy & Eggs","Yogurts/Dahi","Chobani","Chobani Flip Low Fat Greek Yogurt Cinnamon Bun Fun","Chobani Flip Low Fat Greek Yogurt Cinnamon Bun Fun","1.29","0.0","","5.3 oz","5.3 oz","285.jpg",,"1"
"14011","Breakfast & Dairy","Dairy & Eggs","Yogurts/Dahi","Chobani","Chobani Flip Low Fat Greek Yogurt Coffee Brownie Bliss","Chobani Flip Low Fat Greek Yogurt Coffee Brownie Bliss","1.29","0.0","","5.3 oz","5.3 oz","296.jpg",,"1"
"14012","Breakfast & Dairy","Dairy & Eggs","Yogurts/Dahi","Chobani","Chobani Flip Low Fat Greek Yogurt Key Lime Crumble","Chobani Flip Low Fat Greek Yogurt Key Lime Crumble","1.29","0.0","","5.3 oz","5.3 oz","295.jpg",,"1"
"14013","Breakfast & Dairy","Dairy & Eggs","Yogurts/Dahi","Chobani","Chobani Flip Low Fat Greek Yogurt Nutty for 'Nana","Chobani Flip Low Fat Greek Yogurt Nutty for 'Nana","1.39","0.0","","5.3 oz","5.3 oz","300.jpg",,"1"
"14014","Breakfast & Dairy","Dairy & Eggs","Yogurts/Dahi","Chobani","Chobani Flip Low Fat Greek Yogurt Peanut Butter Cup","Chobani Flip Low Fat Greek Yogurt Peanut Butter Cup","1.29","0.0","","5.3 oz","5.3 oz","288.jpg",,"1"
"14015","Breakfast & Dairy","Dairy & Eggs","Yogurts/Dahi","Chobani","Chobani Flip Low Fat Greek Yogurt Peanut Butter Dream","Chobani Flip Low Fat Greek Yogurt Peanut Butter Dream","0.99","0.0","","5.3 oz","5.3 oz","267.jpg",,"1"
"14016","Breakfast & Dairy","Dairy & Eggs","Yogurts/Dahi","Chobani","Chobani Flip Low Fat Greek Yogurt Perfect Peach Cobbler","Chobani Flip Low Fat Greek Yogurt Perfect Peach Cobbler","1.29","0.0","","5.3 oz","5.3 oz","297.jpg",,"1"
"14017","Breakfast & Dairy","Dairy & Eggs","Yogurts/Dahi","Chobani","Chobani Flip Low Fat Greek Yogurt S'mores S'mores","Chobani Flip Low Fat Greek Yogurt S'mores S'mores","1.29","0.0","","5.3 oz","5.3 oz","272.jpg",,"1"
"14018","Breakfast & Dairy","Dairy & Eggs","Yogurts/Dahi","Chobani","Chobani Flip Low Fat Greek Yogurt Salted Caramel Crunch","Chobani Flip Low Fat Greek Yogurt Salted Caramel Crunch","1.59","0.0","","5.3 oz","5.3 oz","265.jpg",,"1"
"14019","Breakfast & Dairy","Dairy & Eggs","Yogurts/Dahi","Chobani","Chobani Flip Pistachio Paradise Low Fat Greek Yogurt","Chobani Flip Pistachio Paradise Low Fat Greek Yogurt","1.29","0.0","","5.3 oz","5.3 oz","298.jpg",,"1"
"14020","Breakfast & Dairy","Dairy & Eggs","Yogurts/Dahi","Chobani","Chobani Flip Pure Pear & Honey Whole Milk Greek Yogurt","Chobani Flip Pure Pear & Honey Whole Milk Greek Yogurt","1.49","0.0","","5.3 oz","5.3 oz","308.jpg",,"1"
"14021","Breakfast & Dairy","Dairy & Eggs","Yogurts/Dahi","Chobani","Chobani Flip S'more S'mores 4 Pack","Chobani Flip S'more S'mores 4 Pack","3.69","0.0","","4 x 5.3 oz","4 x 5.3 oz","254.jpg",,"1"
"14022","Breakfast & Dairy","Dairy & Eggs","Yogurts/Dahi","Chobani","Chobani Flip Triple Berry Am","Chobani Flip Triple Berry Am","1.59","0.0","","5.3 oz","5.3 oz","14659.jpg",,"1"
"14023","Breakfast & Dairy","Dairy & Eggs","Yogurts/Dahi","Chobani","Chobani Greek Yogurt Lemon","Chobani Greek Yogurt Lemon","1.29","0.0","","5.3 oz","5.3 oz","Market Basket.jpg",,"1"
"14024","Breakfast & Dairy","Dairy & Eggs","Yogurts/Dahi","Chobani","Chobani Greek Yogurt N/f Blue 4p","Chobani Greek Yogurt N/f Blue 4p","4.79","0.0","","5.3 oz","5.3 oz","275.jpg",,"1"
"14025","Breakfast & Dairy","Dairy & Eggs","Yogurts/Dahi","Chobani","Chobani Greek Yogurt N/f Chr","Chobani Greek Yogurt N/f Chr","4.79","0.0","","5.3 oz","5.3 oz","277.jpg",,"1"
"14026","Breakfast & Dairy","Dairy & Eggs","Yogurts/Dahi","Chobani","Chobani Greek Yogurt N/f Straw 4","Chobani Greek Yogurt N/f Straw 4","4.79","0.0","","4 x 5.3 oz","4 x 5.3 oz","261.jpg",,"1"
"14027","Breakfast & Dairy","Dairy & Eggs","Yogurts/Dahi","Chobani","Chobani Greek Yogurt N/f Van","Chobani Greek Yogurt N/f Van","4.79","0.0","","4 x 5.3 oz","4 x 5.3 oz","266.jpg",,"1"
"14028","Breakfast & Dairy","Dairy & Eggs","Yogurts/Dahi","Chobani","Chobani Greek Yogurt, Key Lime Blended, Value","Chobani Greek Yogurt, Key Lime Blended, Value","4.29","0.0","","5.3 oz","5.3 oz","286.jpg",,"1"
"14029","Breakfast & Dairy","Dairy & Eggs","Yogurts/Dahi","Chobani","Chobani Greek Yogurt, Non Fat Plain 0% Milk Fat, Value Pack","Chobani Greek Yogurt, Non Fat Plain 0% Milk Fat, Value Pack","3.69","0.0","","4 x 5.3 oz","4 x 5.3 oz","257.jpg",,"1"
"14030","Breakfast & Dairy","Dairy & Eggs","Yogurts/Dahi","Chobani","Chobani Low Fat Greek Yogurt Coconut Blend 2% Milk Fat","Chobani Low Fat Greek Yogurt Coconut Blend 2% Milk Fat","1.29","0.0","","5.3 oz","5.3 oz","289.jpg",,"1"
"14031","Breakfast & Dairy","Dairy & Eggs","Yogurts/Dahi","Chobani","Chobani Low Fat Greek Yogurt Key Lime Blended 2% Milk Fat","Chobani Low Fat Greek Yogurt Key Lime Blended 2% Milk Fat","1.29","0.0","","5.3 oz","5.3 oz","292.jpg",,"1"
"14032","Breakfast & Dairy","Dairy & Eggs","Yogurts/Dahi","Chobani","Chobani Low Fat Greek Yogurt Mango On The Bottom 2% Milk Fat","Chobani Low Fat Greek Yogurt Mango On The Bottom 2% Milk Fat","1.39","0.0","","5.3 oz","5.3 oz","262.jpg",,"1"
"14033","Breakfast & Dairy","Dairy & Eggs","Yogurts/Dahi","Chobani","Chobani Low Fat Greek Yogurt Mixed Berry Blended 2% Milk Fat","Chobani Low Fat Greek Yogurt Mixed Berry Blended 2% Milk Fat","1.29","0.0","","5.3 oz","5.3 oz","279.jpg",,"1"
"14034","Breakfast & Dairy","Dairy & Eggs","Yogurts/Dahi","Chobani","Chobani Low Fat Greek Yogurt Passion Fruit On The Bottom 2% Milk Fat","Chobani Low Fat Greek Yogurt Passion Fruit On The Bottom 2% Milk Fat","1.29","0.0","","5.3 oz","5.3 oz","278.jpg",,"1"
"14035","Breakfast & Dairy","Dairy & Eggs","Yogurts/Dahi","Chobani","Chobani Low Fat Greek Yogurt Pineapple On The Bottom","Chobani Low Fat Greek Yogurt Pineapple On The Bottom","4.79","0.0","","21.2 oz","21.2 oz","276.jpg",,"1"
"14036","Breakfast & Dairy","Dairy & Eggs","Yogurts/Dahi","Chobani","Chobani Low Fat Greek Yogurt Pineapple On The Bottom 2% Milk Fat","Chobani Low Fat Greek Yogurt Pineapple On The Bottom 2% Milk Fat","1.29","0.0","","5.3 oz","5.3 oz","273.jpg",,"1"
"14037","Breakfast & Dairy","Dairy & Eggs","Yogurts/Dahi","Chobani","Chobani Low Fat Greek Yogurt Strawberry Banana On The Bottom 2% Milk Fat","Chobani Low Fat Greek Yogurt Strawberry Banana On The Bottom 2% Milk Fat","1.29","0.0","","5.3 oz","5.3 oz","269.jpg",,"1"
"14038","Breakfast & Dairy","Dairy & Eggs","Yogurts/Dahi","Chobani","Chobani Low Fat Plain 2% Milkfat Greek Yogurt","Chobani Low Fat Plain 2% Milkfat Greek Yogurt","6.09","0.0","","32 oz","32 oz","255.jpg",,"1"
"14039","Breakfast & Dairy","Dairy & Eggs","Yogurts/Dahi","Chobani","Chobani Mighty Oats Blueberry Blended Low Fat Greek Yogurt","Chobani Mighty Oats Blueberry Blended Low Fat Greek Yogurt","1.29","0.0","","5.3 oz","5.3 oz","302.jpg",,"1"
"14040","Breakfast & Dairy","Dairy & Eggs","Yogurts/Dahi","Chobani","Chobani Non Fat Greek Yogurt Blueberry On The Bottom 0% Milk Fat","Chobani Non Fat Greek Yogurt Blueberry On The Bottom 0% Milk Fat","2.09","0.0","","5.3 oz","5.3 oz","260.jpg",,"1"
"14041","Breakfast & Dairy","Dairy & Eggs","Yogurts/Dahi","Chobani","Chobani Non Fat Greek Yogurt Peach On The Bottom","Chobani Non Fat Greek Yogurt Peach On The Bottom","4.79","0.0","","21.2 oz","21.2 oz","281.jpg",,"1"
"14042","Breakfast & Dairy","Dairy & Eggs","Yogurts/Dahi","Chobani","Chobani Non Fat Greek Yogurt Pomegranate On The Bottom 0% Milk Fat","Chobani Non Fat Greek Yogurt Pomegranate On The Bottom 0% Milk Fat","1.29","0.0","","5.3 oz","5.3 oz","284.jpg",,"1"
"14043","Breakfast & Dairy","Dairy & Eggs","Yogurts/Dahi","Chobani","Chobani Non Fat Greek Yogurt Raspberry On The Bottom","Chobani Non Fat Greek Yogurt Raspberry On The Bottom","4.29","0.0","","4 x 5.3 oz","4 x 5.3 oz","283.jpg",,"1"
"14044","Breakfast & Dairy","Dairy & Eggs","Yogurts/Dahi","Chobani","Chobani Non Fat Greek Yogurt Raspberry On The Bottom 0% Milk Fat","Chobani Non Fat Greek Yogurt Raspberry On The Bottom 0% Milk Fat","1.29","0.0","","5.3 oz","5.3 oz","294.jpg",,"1"
"14045","Breakfast & Dairy","Dairy & Eggs","Yogurts/Dahi","Chobani","Chobani Non Fat Greek Yogurt Strawberry On The Bottom 0% Milk Fat","Chobani Non Fat Greek Yogurt Strawberry On The Bottom 0% Milk Fat","1.29","0.0","","5.3 oz","5.3 oz","258.jpg",,"1"
"14046","Breakfast & Dairy","Dairy & Eggs","Yogurts/Dahi","Chobani","Chobani Non Fat Plain 0% Milkfat Greek Yogurt","Chobani Non Fat Plain 0% Milkfat Greek Yogurt","6.09","0.0","","32 oz","32 oz","263.jpg",,"1"
"14047","Breakfast & Dairy","Dairy & Eggs","Yogurts/Dahi","Chobani","Chobani Original Plain Non Fat Greek Yogurt","Chobani Original Plain Non Fat Greek Yogurt","3.59","0.0","","16 oz","16 oz","310.jpg",,"1"
"14048","Breakfast & Dairy","Dairy & Eggs","Yogurts/Dahi","Chobani","Chobani Simply 100 Pineapple Blended Non Fat Greek Yogurt","Chobani Simply 100 Pineapple Blended Non Fat Greek Yogurt","1.29","0.0","","5.3 oz","5.3 oz","305.jpg",,"1"
"14049","Breakfast & Dairy","Dairy & Eggs","Yogurts/Dahi","Chobani","Chobani Strawberry Blended 0% Milkfat Greek Yogurt","Chobani Strawberry Blended 0% Milkfat Greek Yogurt","6.09","0.0","","32 oz","32 oz","280.jpg",,"1"
"14050","Breakfast & Dairy","Dairy & Eggs","Yogurts/Dahi","Chobani","Chobani Vanilla Greek Yogurt 0% Fat","Chobani Vanilla Greek Yogurt 0% Fat","6.09","0.0","","32 oz","32 oz","Market Basket.jpg",,"1"
"14051","Breakfast & Dairy","Dairy & Eggs","Yogurts/Dahi","Chobani","Chobani Whole Milk Greek Yogurt Lemon & Cream Blended","Chobani Whole Milk Greek Yogurt Lemon & Cream Blended","1.29","0.0","","5.3 oz","5.3 oz","270.jpg",,"1"
"14052","Breakfast & Dairy","Dairy & Eggs","Yogurts/Dahi","Chobani","Chobani Whole Milk Greek Yogurt Orange & Cream Blended","Chobani Whole Milk Greek Yogurt Orange & Cream Blended","1.39","0.0","","5.3 oz","5.3 oz","259.jpg",,"1"
"14053","Breakfast & Dairy","Dairy & Eggs","Yogurts/Dahi","Chobani","Chobani Whole Milk Plain 5% Milkfat Greek Yogurt","Chobani Whole Milk Plain 5% Milkfat Greek Yogurt","6.09","0.0","","32 oz","32 oz","271.jpg",,"1"
"14054","Breakfast & Dairy","Dairy & Eggs","Yogurts/Dahi","Chobani","Chobani Yogurt, Coffee & Cream, Greek","Chobani Yogurt, Coffee & Cream, Greek","1.29","0.0","","5.3 oz","5.3 oz","274.jpg",,"1"
"14055","Breakfast & Dairy","Dairy & Eggs","Yogurts/Dahi","Chobani","Chobani Yogurt, Greek, Non Fat, Plain","Chobani Yogurt, Greek, Non Fat, Plain","1.29","0.0","","5.3 oz","5.3 oz","290.jpg",,"1"
"14056","Breakfast & Dairy","Dairy & Eggs","Yogurts/Dahi","Chobani","Chobani Yogurt, Greek, Non Fat, Vanilla Blended","Chobani Yogurt, Greek, Non Fat, Vanilla Blended","1.29","0.0","","5.3 oz","5.3 oz","264.jpg",,"1"
"14057","Breakfast & Dairy","Dairy & Eggs","Yogurts/Dahi","Danimals","Danimals Smoothie Rockin' Raspberry","Danimals Smoothie Rockin' Raspberry","3.29","0.0","","6 x 3.1 fl oz","6 x 3.1 fl oz","14654.jpg",,"1"
"14058","Breakfast & Dairy","Dairy & Eggs","Yogurts/Dahi","Danimals","Danimals Smoothie, Strikin' Strawberry Kiwi Flavor","Danimals Smoothie, Strikin' Strawberry Kiwi Flavor","2.49","0.0","","6 count","6 count","14650.jpg",,"1"
"14059","Breakfast & Dairy","Dairy & Eggs","Yogurts/Dahi","Danimals","Danimals Smoothies Seasonal Smoothie Drinks","Danimals Smoothies Seasonal Smoothie Drinks","5.29","0.0","","3.52 oz","3.52 oz","14708.jpg",,"1"
"14060","Breakfast & Dairy","Dairy & Eggs","Yogurts/Dahi","Danimals","Danimals Smoothies Variety Pack","Danimals Smoothies Variety Pack","4.89","0.0","","12 count","12 count","17943.jpg",,"1"
"14061","Breakfast & Dairy","Dairy & Eggs","Yogurts/Dahi","Danimals","Danimals Squeezables Strawberry Explosion Lowfat Yogurt","Danimals Squeezables Strawberry Explosion Lowfat Yogurt","4.89","0.0","","4 oz","4 oz","14644.jpg",,"1"
"14062","Breakfast & Dairy","Dairy & Eggs","Yogurts/Dahi","Danimals","Danimals Strawberry Banana Smoothies","Danimals Strawberry Banana Smoothies","3.29","0.0","","3.1 fl oz","3.1 fl oz","17944.jpg",,"1"
"14063","Breakfast & Dairy","Dairy & Eggs","Yogurts/Dahi","Danimals","Danimals Strawberry Explosion/Strikin' Strawberry Kiwi Smoothies","Danimals Strawberry Explosion/Strikin' Strawberry Kiwi Smoothies","5.29","0.0","","12 x 3.1 fl oz","12 x 3.1 fl oz","14646.jpg",,"1"
"14064","Breakfast & Dairy","Dairy & Eggs","Yogurts/Dahi","Danimals","Danimals Strawberry Explosion/Wild Watermelon Smoothies","Danimals Strawberry Explosion/Wild Watermelon Smoothies","4.89","0.0","","3.1 fl oz","3.1 fl oz","14645.jpg",,"1"
"14065","Breakfast & Dairy","Dairy & Eggs","Yogurts/Dahi","Danimals","Danimals Strawberry Smoothies","Danimals Strawberry Smoothies","3.29","0.0","","6 x 3.1 fl oz","6 x 3.1 fl oz","17945.jpg",,"1"
"14066","Breakfast & Dairy","Dairy & Eggs","Yogurts/Dahi","Dannon","Brand Dannon Fruit On The Bottom Fruit on the Bottom Lowfat Blueberry Yogurt Dannon Fruit on the Bottom Lowfat Blueberry Yogurt","Brand Dannon Fruit On The Bottom Fruit on the Bottom Lowfat Blueberry Yogurt Dannon Fruit on the Bottom Lowfat Blueberry Yogurt","2.49","0.0","","4 x 5.3 oz","4 x 5.3 oz","14685.jpg",,"1"
"14067","Breakfast & Dairy","Dairy & Eggs","Yogurts/Dahi","Dannon","Brand Dannon Fruit On The Bottom Fruit on the Bottom Strawberry Lowfat Yogurt Dannon Fruit on the Bottom Strawberry Lowfat Yogurt","Brand Dannon Fruit On The Bottom Fruit on the Bottom Strawberry Lowfat Yogurt Dannon Fruit on the Bottom Strawberry Lowfat Yogurt","2.49","0.0","","21.2 oz","21.2 oz","14678.jpg",,"1"
"14068","Breakfast & Dairy","Dairy & Eggs","Yogurts/Dahi","Dannon","DanActive Light Vanilla Probiotic Dannon Danactive Vanilla Probiotic Dairy Drink","DanActive Light Vanilla Probiotic Dannon Danactive Vanilla Probiotic Dairy Drink","6.09","0.0","","8 x 3.1 fl oz","8 x 3.1 fl oz","14667.jpg",,"1"
"14069","Breakfast & Dairy","Dairy & Eggs","Yogurts/Dahi","Dannon","Dannon Light & Fit Blended Original Mixed Berry Nonfat Yogurt 4","Dannon Light & Fit Blended Original Mixed Berry Nonfat Yogurt 4","2.09","0.0","","4 x 5.3 oz","4 x 5.3 oz","396.jpg",,"1"
"14070","Breakfast & Dairy","Dairy & Eggs","Yogurts/Dahi","Dannon","Dannon Activia Lowfat Probiotic Yogurt Blueberry","Dannon Activia Lowfat Probiotic Yogurt Blueberry","2.49","0.0","","4 oz","4 oz","379.jpg",,"1"
"14071","Breakfast & Dairy","Dairy & Eggs","Yogurts/Dahi","Dannon","Dannon Activia Lowfat Probiotic Yogurt Mixed Berry","Dannon Activia Lowfat Probiotic Yogurt Mixed Berry","3.09","0.0","","4 oz","4 oz","393.jpg",,"1"
"14072","Breakfast & Dairy","Dairy & Eggs","Yogurts/Dahi","Dannon","Dannon Activia Lowfat Probiotic Yogurt with Bifidus Strawberry","Dannon Activia Lowfat Probiotic Yogurt with Bifidus Strawberry","3.09","0.0","","4 oz","4 oz","402.jpg",,"1"
"14073","Breakfast & Dairy","Dairy & Eggs","Yogurts/Dahi","Dannon","Dannon Activia Lowfat Yogurt Vanilla","Dannon Activia Lowfat Yogurt Vanilla","6.69","0.0","","12 x 4 oz","12 x 4 oz","384.jpg",,"1"
"14074","Breakfast & Dairy","Dairy & Eggs","Yogurts/Dahi","Dannon","Dannon Activia Nonfat Light Probiotic Yogurt with Bifidus Peach","Dannon Activia Nonfat Light Probiotic Yogurt with Bifidus Peach","3.09","0.0","","4 oz","4 oz","382.jpg",,"1"
"14075","Breakfast & Dairy","Dairy & Eggs","Yogurts/Dahi","Dannon","Dannon All Natural Coffee Yogurt","Dannon All Natural Coffee Yogurt","2.49","0.0","","4 x 6 oz","4 x 6 oz","387.jpg",,"1"
"14076","Breakfast & Dairy","Dairy & Eggs","Yogurts/Dahi","Dannon","Dannon Drink Strawberry Dairy Drink","Dannon Drink Strawberry Dairy Drink","0.99","0.0","","7 oz","7 oz","14649.jpg",,"1"
"14077","Breakfast & Dairy","Dairy & Eggs","Yogurts/Dahi","Dannon","Dannon Greek Blended Strawberry Nonfat Yogurt","Dannon Greek Blended Strawberry Nonfat Yogurt","1.29","0.0","","5.3 oz","5.3 oz","405.jpg",,"1"
"14078","Breakfast & Dairy","Dairy & Eggs","Yogurts/Dahi","Dannon","Dannon Greek Blended Very Vanilla Fabulously Fat Free Yogurt","Dannon Greek Blended Very Vanilla Fabulously Fat Free Yogurt","5.39","0.0","","32 oz","32 oz","397.jpg",,"1"
"14079","Breakfast & Dairy","Dairy & Eggs","Yogurts/Dahi","Dannon","Dannon Greek Blended Very Vanilla Fabulously Fat Free Yogurt","Dannon Greek Blended Very Vanilla Fabulously Fat Free Yogurt","3.69","0.0","","4 x 5.3 oz","4 x 5.3 oz","401.jpg",,"1"
"14080","Breakfast & Dairy","Dairy & Eggs","Yogurts/Dahi","Dannon","Dannon Greek Nonfat Yogurt Black Cherry","Dannon Greek Nonfat Yogurt Black Cherry","1.29","0.0","","5.3 oz","5.3 oz","408.jpg",,"1"
"14081","Breakfast & Dairy","Dairy & Eggs","Yogurts/Dahi","Dannon","Dannon Greek Not So Traditional Blended Irresistible Raspberry Mousse Yogurt","Dannon Greek Not So Traditional Blended Irresistible Raspberry Mousse Yogurt","1.29","0.0","","5.3 oz","5.3 oz","407.jpg",,"1"
"14082","Breakfast & Dairy","Dairy & Eggs","Yogurts/Dahi","Dannon","Dannon Greek Plain Delicious Fabulously Fat Free Yogurt","Dannon Greek Plain Delicious Fabulously Fat Free Yogurt","5.29","0.0","","32 oz","32 oz","395.jpg",,"1"
"14083","Breakfast & Dairy","Dairy & Eggs","Yogurts/Dahi","Dannon","Dannon Greek Very Vanilla Fabulously Fat Free Yogurt","Dannon Greek Very Vanilla Fabulously Fat Free Yogurt","1.29","0.0","","5.3 oz","5.3 oz","409.jpg",,"1"
"14084","Breakfast & Dairy","Dairy & Eggs","Yogurts/Dahi","Dannon","Dannon Light & Fit Blueberry Nonfat Yogurt","Dannon Light & Fit Blueberry Nonfat Yogurt","2.49","0.0","","4 x 6 oz","4 x 6 oz","454.jpg",,"1"
"14085","Breakfast & Dairy","Dairy & Eggs","Yogurts/Dahi","Dannon","Dannon Light & Fit Dannon Greek Toasted Coconut Vanilla","Dannon Light & Fit Dannon Greek Toasted Coconut Vanilla","4.29","0.0","","4 x 5.3 oz","4 x 5.3 oz","448.jpg",,"1"
"14086","Breakfast & Dairy","Dairy & Eggs","Yogurts/Dahi","Dannon","Dannon Light & Fit Greek Greek Blended Strawberry Nonfat Yogurt","Dannon Light & Fit Greek Greek Blended Strawberry Nonfat Yogurt","4.29","0.0","","5.3 oz","5.3 oz","14691.jpg",,"1"
"14087","Breakfast & Dairy","Dairy & Eggs","Yogurts/Dahi","Dannon","Dannon Light & Fit Greek Light & Fit Greek Yogurt Vanilla","Dannon Light & Fit Greek Light & Fit Greek Yogurt Vanilla","5.39","0.0","","32 oz","32 oz","14669.jpg",,"1"
"14088","Breakfast & Dairy","Dairy & Eggs","Yogurts/Dahi","Dannon","Dannon Light & Fit Greek Strawberry Banana Nonfat Yogurt","Dannon Light & Fit Greek Strawberry Banana Nonfat Yogurt","4.29","0.0","","21.2 oz","21.2 oz","14680.jpg",,"1"
"14089","Breakfast & Dairy","Dairy & Eggs","Yogurts/Dahi","Dannon","Dannon Light & Fit Greek Yogurt Banana Cream","Dannon Light & Fit Greek Yogurt Banana Cream","4.29","0.0","","4 x 5.3 oz","4 x 5.3 oz","389.jpg",,"1"
"14090","Breakfast & Dairy","Dairy & Eggs","Yogurts/Dahi","Dannon","Dannon Light & Fit Light & Fit Nonfat Yogurt Peach 4 CT","Dannon Light & Fit Light & Fit Nonfat Yogurt Peach 4 CT","2.49","0.0","","4 x 6 oz","4 x 6 oz","449.jpg",,"1"
"14091","Breakfast & Dairy","Dairy & Eggs","Yogurts/Dahi","Dannon","Dannon Light & Fit Light & Fit Nonfat Yogurt Strawberry 4 CT","Dannon Light & Fit Light & Fit Nonfat Yogurt Strawberry 4 CT","2.49","0.0","","4 count","4 count","457.jpg",,"1"
"14092","Breakfast & Dairy","Dairy & Eggs","Yogurts/Dahi","Dannon","Dannon Light & Fit Nonfat Yogurt Blueberry","Dannon Light & Fit Nonfat Yogurt Blueberry","2.49","0.0","","4 x 5.3 oz","4 x 5.3 oz","381.jpg",,"1"
"14093","Breakfast & Dairy","Dairy & Eggs","Yogurts/Dahi","Dannon","Dannon Light & Fit Nonfat Yogurt Strawberry","Dannon Light & Fit Nonfat Yogurt Strawberry","2.49","0.0","","4 x 5.3 oz","4 x 5.3 oz","383.jpg",,"1"
"14094","Breakfast & Dairy","Dairy & Eggs","Yogurts/Dahi","Dannon","Dannon Light & Fit Nonfat Yogurt Strawberry Banana","Dannon Light & Fit Nonfat Yogurt Strawberry Banana","2.49","0.0","","4 x 5.3 oz","4 x 5.3 oz","377.jpg",,"1"
"14095","Breakfast & Dairy","Dairy & Eggs","Yogurts/Dahi","Dannon","Dannon Light & Fit Nonfat Yogurt Vanilla","Dannon Light & Fit Nonfat Yogurt Vanilla","2.49","0.0","","4 x 5.3 oz","4 x 5.3 oz","378.jpg",,"1"
"14096","Breakfast & Dairy","Dairy & Eggs","Yogurts/Dahi","Dannon","Dannon Light & Fit Nonfat Yogurt Vanilla","Dannon Light & Fit Nonfat Yogurt Vanilla","5.39","0.0","","32 oz","32 oz","392.jpg",,"1"
"14097","Breakfast & Dairy","Dairy & Eggs","Yogurts/Dahi","Dannon","Dannon Light & Fit Raspberry 6 Oz Light & Fit Nonfat Yogurt","Dannon Light & Fit Raspberry 6 Oz Light & Fit Nonfat Yogurt","2.49","0.0","","4 count","4 count","450.jpg",,"1"
"14098","Breakfast & Dairy","Dairy & Eggs","Yogurts/Dahi","Dannon","Dannon Light & Fit Strawberries & Cream Cultured Dairy Snack","Dannon Light & Fit Strawberries & Cream Cultured Dairy Snack","3.29","0.0","","4 oz","4 oz","14701.jpg",,"1"
"14099","Breakfast & Dairy","Dairy & Eggs","Yogurts/Dahi","Dannon","Dannon Light & Fit Strawberry Banana 6 Oz Light & Fit Nonfat Yogurt","Dannon Light & Fit Strawberry Banana 6 Oz Light & Fit Nonfat Yogurt","2.49","0.0","","4 count","4 count","456.jpg",,"1"
"14100","Breakfast & Dairy","Dairy & Eggs","Yogurts/Dahi","Dannon","Dannon Light & Fit Strawberry Cheesecake Nonfat Yogurt","Dannon Light & Fit Strawberry Cheesecake Nonfat Yogurt","2.09","0.0","","4 x 5.3 oz","4 x 5.3 oz","453.jpg",,"1"
"14101","Breakfast & Dairy","Dairy & Eggs","Yogurts/Dahi","Dannon","Dannon Light & Fit Strawberry Cheesecake Nonfat Yogurt","Dannon Light & Fit Strawberry Cheesecake Nonfat Yogurt","2.49","0.0","","24 oz","24 oz","455.jpg",,"1"
"14102","Breakfast & Dairy","Dairy & Eggs","Yogurts/Dahi","Dannon","Dannon Light & Fit Toasted Coconut Vanilla 6 Oz Light & Fit Nonfat Yogurt","Dannon Light & Fit Toasted Coconut Vanilla 6 Oz Light & Fit Nonfat Yogurt","2.49","0.0","","4 count","4 count","452.jpg",,"1"
"14103","Breakfast & Dairy","Dairy & Eggs","Yogurts/Dahi","Dannon","Dannon Light & Fit Toasted Coconut Vanilla Nonfat Yogurt","Dannon Light & Fit Toasted Coconut Vanilla Nonfat Yogurt","2.09","0.0","","4 x 5.3 oz","4 x 5.3 oz","447.jpg",,"1"
"14104","Breakfast & Dairy","Dairy & Eggs","Yogurts/Dahi","Dannon","Dannon Light & Fit Vanilla Nonfat Yogurt","Dannon Light & Fit Vanilla Nonfat Yogurt","2.49","0.0","","6 oz","6 oz","451.jpg",,"1"
"14105","Breakfast & Dairy","Dairy & Eggs","Yogurts/Dahi","Dannon","Dannon Nonfat Yogurt Black Cherry","Dannon Nonfat Yogurt Black Cherry","4.29","0.0","","21.2 oz","21.2 oz","399.jpg",,"1"
"14106","Breakfast & Dairy","Dairy & Eggs","Yogurts/Dahi","Dannon","Dannon Nonfat Yogurt Strawberry","Dannon Nonfat Yogurt Strawberry","3.69","0.0","","4 x 5.3 oz","4 x 5.3 oz","404.jpg",,"1"
"14107","Breakfast & Dairy","Dairy & Eggs","Yogurts/Dahi","Dannon","Dannon Oikos Triple Zero Blended Greek Yogurt Banana Creme","Dannon Oikos Triple Zero Blended Greek Yogurt Banana Creme","4.29","0.0","","4 x 5.3 oz","4 x 5.3 oz","380.jpg",,"1"
"14108","Breakfast & Dairy","Dairy & Eggs","Yogurts/Dahi","Dannon","Dannon OIkos Triple Zero Blended Greek Yogurt Mixed Berry","Dannon OIkos Triple Zero Blended Greek Yogurt Mixed Berry","3.69","0.0","","4 x 5.3 oz","4 x 5.3 oz","374.jpg",,"1"
"14109","Breakfast & Dairy","Dairy & Eggs","Yogurts/Dahi","Dannon","Dannon OIkos Triple Zero Blended Greek Yogurt Strawberry","Dannon OIkos Triple Zero Blended Greek Yogurt Strawberry","3.69","0.0","","4 x 5.3 oz","4 x 5.3 oz","376.jpg",,"1"
"14110","Breakfast & Dairy","Dairy & Eggs","Yogurts/Dahi","Dannon","Dannon Oikos Triple Zero Blended Greek Yogurt Vanilla","Dannon Oikos Triple Zero Blended Greek Yogurt Vanilla","3.69","0.0","","5.3 oz","5.3 oz","375.jpg",,"1"
"14111","Breakfast & Dairy","Dairy & Eggs","Yogurts/Dahi","Dannon","Dannon Original Greek Blueberry Nonfat Yogurt","Dannon Original Greek Blueberry Nonfat Yogurt","3.69","0.0","","4 x 5.3 oz","4 x 5.3 oz","385.jpg",,"1"
"14112","Breakfast & Dairy","Dairy & Eggs","Yogurts/Dahi","Dannon","Dannon Original Greek Peach Nonfat Yogurt","Dannon Original Greek Peach Nonfat Yogurt","4.29","0.0","","4 x 5.3 oz","4 x 5.3 oz","390.jpg",,"1"
"14113","Breakfast & Dairy","Dairy & Eggs","Yogurts/Dahi","Dannon","Dannon Original Greek Raspberry Nonfat Yogurt","Dannon Original Greek Raspberry Nonfat Yogurt","4.29","0.0","","4 x 5.3 oz","4 x 5.3 oz","398.jpg",,"1"
"14114","Breakfast & Dairy","Dairy & Eggs","Yogurts/Dahi","Dannon","Dannon Original Greek Salted Caramel Nonfat Yogurt","Dannon Original Greek Salted Caramel Nonfat Yogurt","3.69","0.0","","4 x 5.3 oz","4 x 5.3 oz","394.jpg",,"1"
"14115","Breakfast & Dairy","Dairy & Eggs","Yogurts/Dahi","Dannon","Dannon Original Greek Vanilla Nonfat Yogurt","Dannon Original Greek Vanilla Nonfat Yogurt","4.29","0.0","","4 x 5.3 oz","4 x 5.3 oz","386.jpg",,"1"
"14116","Breakfast & Dairy","Dairy & Eggs","Yogurts/Dahi","Dannon","Dannon Peach Yogurt","Dannon Peach Yogurt","2.49","0.0","","16 oz","16 oz","388.jpg",,"1"
"14117","Breakfast & Dairy","Dairy & Eggs","Yogurts/Dahi","Dannon","Dannon Yogurt Strawberry","Dannon Yogurt Strawberry","4.29","0.0","","4 x 5.3 oz","4 x 5.3 oz","391.jpg",,"1"
"14118","Breakfast & Dairy","Dairy & Eggs","Yogurts/Dahi","Danone","Danone Key Lime Nonfat Yogurt","Danone Key Lime Nonfat Yogurt","1.29","0.0","","5.3 oz","5.3 oz","14647.jpg",,"1"
"14119","Breakfast & Dairy","Dairy & Eggs","Yogurts/Dahi","Danone","Danone Nonfat Yogurt Banana Cream","Danone Nonfat Yogurt Banana Cream","1.29","0.0","","5.3 oz","5.3 oz","14693.jpg",,"1"
"14120","Breakfast & Dairy","Dairy & Eggs","Yogurts/Dahi","Danone","Danone Original Greek Strawberry Nonfat Yogurt","Danone Original Greek Strawberry Nonfat Yogurt","1.29","0.0","","5.3 oz","5.3 oz","14677.jpg",,"1"
"14121","Breakfast & Dairy","Dairy & Eggs","Yogurts/Dahi","Danone","Danone Original Greek Vanilla Nonfat Yogurt","Danone Original Greek Vanilla Nonfat Yogurt","1.29","0.0","","5.3 oz","5.3 oz","14706.jpg",,"1"
"14122","Breakfast & Dairy","Dairy & Eggs","Yogurts/Dahi","Fage","Fage Fat Free Blueberry Yogurt","Fage Fat Free Blueberry Yogurt","1.59","0.0","","5.3 oz","5.3 oz","419.jpg",,"1"
"14123","Breakfast & Dairy","Dairy & Eggs","Yogurts/Dahi","Fage","Fage Fruyo Greek Nonfat Strained Yogurt Vanilla","Fage Fruyo Greek Nonfat Strained Yogurt Vanilla","2.19","0.0","","6 oz","6 oz","431.jpg",,"1"
"14124","Breakfast & Dairy","Dairy & Eggs","Yogurts/Dahi","Fage","Fage Greek Strained Yogurt with Cherry","Fage Greek Strained Yogurt with Cherry","1.29","0.0","","5.3 oz","5.3 oz","426.jpg",,"1"
"14125","Breakfast & Dairy","Dairy & Eggs","Yogurts/Dahi","Fage","Fage Greek Strained Yogurt with Honey","Fage Greek Strained Yogurt with Honey","1.59","0.0","","5.3 oz","5.3 oz","412.jpg",,"1"
"14126","Breakfast & Dairy","Dairy & Eggs","Yogurts/Dahi","Fage","Fage Greek Strained Yogurt with Mango","Fage Greek Strained Yogurt with Mango","1.59","0.0","","5.3 oz","5.3 oz","423.jpg",,"1"
"14127","Breakfast & Dairy","Dairy & Eggs","Yogurts/Dahi","Fage","Fage Greek Strained Yogurt with Peach","Fage Greek Strained Yogurt with Peach","1.59","0.0","","5.3 oz","5.3 oz","421.jpg",,"1"
"14128","Breakfast & Dairy","Dairy & Eggs","Yogurts/Dahi","Fage","Fage Greek Strained Yogurt with Raspberry","Fage Greek Strained Yogurt with Raspberry","1.49","0.0","","5.3 oz","5.3 oz","422.jpg",,"1"
"14129","Breakfast & Dairy","Dairy & Eggs","Yogurts/Dahi","Fage","Fage Milkfat Greek Strained Yogurt","Fage Milkfat Greek Strained Yogurt","3.69","0.0","","17.6 oz","17.6 oz","420.jpg",,"1"
"14130","Breakfast & Dairy","Dairy & Eggs","Yogurts/Dahi","Fage","Fage Milkfat Greek Strained Yogurt with Honey","Fage Milkfat Greek Strained Yogurt with Honey","1.59","0.0","","5.3 oz","5.3 oz","427.jpg",,"1"
"14131","Breakfast & Dairy","Dairy & Eggs","Yogurts/Dahi","Fage","Fage Milkfat Greek Strained Yogurt with Mixed Berries","Fage Milkfat Greek Strained Yogurt with Mixed Berries","4.59","0.0","","5.3 oz","5.3 oz","424.jpg",,"1"
"14132","Breakfast & Dairy","Dairy & Eggs","Yogurts/Dahi","Fage","Fage Milkfat Greek Strained Yogurt with Strawberry","Fage Milkfat Greek Strained Yogurt with Strawberry","1.59","0.0","","5.3 oz","5.3 oz","416.jpg",,"1"
"14133","Breakfast & Dairy","Dairy & Eggs","Yogurts/Dahi","Fage","Fage Total 0% Milkfat All Natural Nonfat Greek Strained Yogurt","Fage Total 0% Milkfat All Natural Nonfat Greek Strained Yogurt","6.09","0.0","","35.3 oz","35.3 oz","414.jpg",,"1"
"14134","Breakfast & Dairy","Dairy & Eggs","Yogurts/Dahi","Fage","Fage Total 2% Milkfat All Natural Lowfat Greek Strained Yogurt","Fage Total 2% Milkfat All Natural Lowfat Greek Strained Yogurt","1.49","0.0","","7 oz","7 oz","418.jpg",,"1"
"14135","Breakfast & Dairy","Dairy & Eggs","Yogurts/Dahi","Fage","Fage Total All Natural Whole Milk 5% Milkfat Greek Strained Yogurt","Fage Total All Natural Whole Milk 5% Milkfat Greek Strained Yogurt","1.49","0.0","","7 oz","7 oz","411.jpg",,"1"
"14136","Breakfast & Dairy","Dairy & Eggs","Yogurts/Dahi","Fage","Fage Total Greek Strained Yogurt","Fage Total Greek Strained Yogurt","3.69","0.0","","17.6 oz","17.6 oz","425.jpg",,"1"
"14137","Breakfast & Dairy","Dairy & Eggs","Yogurts/Dahi","Fage","Fage Total Milkfat Greek Strained Yogurt","Fage Total Milkfat Greek Strained Yogurt","6.09","0.0","","35.3 oz","35.3 oz","413.jpg",,"1"
"14138","Breakfast & Dairy","Dairy & Eggs","Yogurts/Dahi","Fage","Fage Total Milkfat Greek Strained Yogurt","Fage Total Milkfat Greek Strained Yogurt","3.69","0.0","","17.6 oz","17.6 oz","417.jpg",,"1"
"14139","Breakfast & Dairy","Dairy & Eggs","Yogurts/Dahi","Fage","Fage Total Nonfat Greek Strained Yogurt","Fage Total Nonfat Greek Strained Yogurt","1.59","0.0","","6 oz","6 oz","415.jpg",,"1"
"14140","Breakfast & Dairy","Dairy & Eggs","Yogurts/Dahi","Hood","Hood Frozen Yogurt Fat Free Vanilla Bean","Hood Frozen Yogurt Fat Free Vanilla Bean","3.69","0.0","","1.5 count","1.5 count","14704.jpg",,"1"
"14141","Breakfast & Dairy","Dairy & Eggs","Yogurts/Dahi","Icelandic","Icelandic Provisions Blueberry Bilberry Skyr","Icelandic Provisions Blueberry Bilberry Skyr","1.69","0.0","","5.3 oz","5.3 oz","14632.jpg",,"1"
"14142","Breakfast & Dairy","Dairy & Eggs","Yogurts/Dahi","Icelandic","Icelandic Provisions Coconut Skyr","Icelandic Provisions Coconut Skyr","1.69","0.0","","5.3 oz","5.3 oz","14640.jpg",,"1"
"14143","Breakfast & Dairy","Dairy & Eggs","Yogurts/Dahi","Icelandic","Icelandic Provisions Key Lime Skyr","Icelandic Provisions Key Lime Skyr","1.69","0.0","","5.3 oz","5.3 oz","14639.jpg",,"1"
"14144","Breakfast & Dairy","Dairy & Eggs","Yogurts/Dahi","Icelandic","Icelandic Provisions Peach Cloudberry Skyr","Icelandic Provisions Peach Cloudberry Skyr","1.69","0.0","","5.3 oz","5.3 oz","14633.jpg",,"1"
"14145","Breakfast & Dairy","Dairy & Eggs","Yogurts/Dahi","Icelandic","Icelandic Provisions Raspberry Skyr","Icelandic Provisions Raspberry Skyr","1.69","0.0","","5.3 oz","5.3 oz","14634.jpg",,"1"
"14146","Breakfast & Dairy","Dairy & Eggs","Yogurts/Dahi","Icelandic","Icelandic Provisions Strawberry Ligonberry Skyr","Icelandic Provisions Strawberry Ligonberry Skyr","1.69","0.0","","5.3 oz","5.3 oz","14641.jpg",,"1"
"14147","Breakfast & Dairy","Dairy & Eggs","Yogurts/Dahi","Kellogg's","YoCrunch Strawberry Lowfat Yogurt with Kellogg's Granola","YoCrunch Strawberry Lowfat Yogurt with Kellogg's Granola","0.89","0.0","","6 oz","6 oz","461.jpg",,"1"
"14148","Breakfast & Dairy","Dairy & Eggs","Yogurts/Dahi","Kemps","Kemps Low Fat Neapolitan Frozen Yogurt","Kemps Low Fat Neapolitan Frozen Yogurt","3.69","0.0","","1.5 count","1.5 count","14707.jpg",,"1"
"14149","Breakfast & Dairy","Dairy & Eggs","Yogurts/Dahi","Lifeway","Lifeway Blueberry Cultured Lowfat Milk","Lifeway Blueberry Cultured Lowfat Milk","3.69","0.0","","32 oz","32 oz","14675.jpg",,"1"
"14150","Breakfast & Dairy","Dairy & Eggs","Yogurts/Dahi","Lifeway","Lifeway Blueberry Organic Kefir Natural Cultured Lowfat Milk","Lifeway Blueberry Organic Kefir Natural Cultured Lowfat Milk","3.69","0.0","","32 fl oz","32 fl oz","14642.jpg",,"1"
"14151","Breakfast & Dairy","Dairy & Eggs","Yogurts/Dahi","Lifeway","Lifeway Cherry Cultured Lowfat Milk","Lifeway Cherry Cultured Lowfat Milk","3.69","0.0","","32 fl oz","32 fl oz","14697.jpg",,"1"
"14152","Breakfast & Dairy","Dairy & Eggs","Yogurts/Dahi","Lifeway","Lifeway Kefir Plain Unsweetened Cultured Lowfat Milk","Lifeway Kefir Plain Unsweetened Cultured Lowfat Milk","3.69","0.0","","32 fl oz","32 fl oz","14689.jpg",,"1"
"14153","Breakfast & Dairy","Dairy & Eggs","Yogurts/Dahi","Lifeway","Lifeway Madagascar Vanilla Cultured Lowfat Milk","Lifeway Madagascar Vanilla Cultured Lowfat Milk","3.69","0.0","","32 oz","32 oz","14676.jpg",,"1"
"14154","Breakfast & Dairy","Dairy & Eggs","Yogurts/Dahi","Lifeway","Lifeway Organic Plain Unsweetened Cultured Lowfat Milk","Lifeway Organic Plain Unsweetened Cultured Lowfat Milk","4.79","0.0","","32 fl oz","32 fl oz","14694.jpg",,"1"
"14155","Breakfast & Dairy","Dairy & Eggs","Yogurts/Dahi","Lifeway","Lifeway Peach Cultured Lowfat Milk","Lifeway Peach Cultured Lowfat Milk","3.69","0.0","","32 fl oz","32 fl oz","14705.jpg",,"1"
"14156","Breakfast & Dairy","Dairy & Eggs","Yogurts/Dahi","Lifeway","Lifeway Pomegranate Cultured Lowfat Milk","Lifeway Pomegranate Cultured Lowfat Milk","3.69","0.0","","32 oz","32 oz","14684.jpg",,"1"
"14157","Breakfast & Dairy","Dairy & Eggs","Yogurts/Dahi","Lifeway","Lifeway Raspberry Cultured Lowfat Milk","Lifeway Raspberry Cultured Lowfat Milk","3.69","0.0","","32 fl oz","32 fl oz","14711.jpg",,"1"
"14158","Breakfast & Dairy","Dairy & Eggs","Yogurts/Dahi","Lifeway","Lifeway Strawberry Kefir Cultured Lowfat Milk","Lifeway Strawberry Kefir Cultured Lowfat Milk","3.69","0.0","","32 fl oz","32 fl oz","14683.jpg",,"1"
"14159","Breakfast & Dairy","Dairy & Eggs","Yogurts/Dahi","Light & Fit","Light & Fit Greek Cherry Nonfat Yogurt","Light & Fit Greek Cherry Nonfat Yogurt","1.89","0.0","","5.3 oz","5.3 oz","14696.jpg",,"1"
"14160","Breakfast & Dairy","Dairy & Eggs","Yogurts/Dahi","Light & Fit","Light & Fit Greek Crunch Caramel Fudge Pretzel","Light & Fit Greek Crunch Caramel Fudge Pretzel","1.29","0.0","","5 oz","5 oz","14671.jpg",,"1"
"14161","Breakfast & Dairy","Dairy & Eggs","Yogurts/Dahi","Light & Fit","Light & Fit Greek Strawberry Banana Nonfat Yogurt","Light & Fit Greek Strawberry Banana Nonfat Yogurt","1.59","0.0","","5.3 oz","5.3 oz","14690.jpg",,"1"
"14162","Breakfast & Dairy","Dairy & Eggs","Yogurts/Dahi","Market Basket","La Yogurt Sabor Latino Probiotic Lowfat Mango/Guava Variety Pack Yogurt","La Yogurt Sabor Latino Probiotic Lowfat Mango/Guava Variety Pack Yogurt","2.39","0.0","","4 x 6 oz","4 x 6 oz","14698.jpg",,"1"
"14163","Breakfast & Dairy","Dairy & Eggs","Yogurts/Dahi","Market Basket","Market Basket Black Cherry Greek Yogurt","Market Basket Black Cherry Greek Yogurt","1.09","0.0","","6 oz","6 oz","Market Basket.jpg",,"1"
"14164","Breakfast & Dairy","Dairy & Eggs","Yogurts/Dahi","Market Basket","Market Basket Blueberry Fruit On The Bottom","Market Basket Blueberry Fruit On The Bottom","0.69","0.0","","6 oz","6 oz","Market Basket.jpg",,"1"
"14165","Breakfast & Dairy","Dairy & Eggs","Yogurts/Dahi","Market Basket","Market Basket Blueberry Greek Yogurt","Market Basket Blueberry Greek Yogurt","1.09","0.0","","6 oz","6 oz","Market Basket.jpg",,"1"
"14166","Breakfast & Dairy","Dairy & Eggs","Yogurts/Dahi","Market Basket","Market Basket Cherry","Market Basket Cherry","0.59","0.0","","6 oz","6 oz","Market Basket.jpg",,"1"
"14167","Breakfast & Dairy","Dairy & Eggs","Yogurts/Dahi","Market Basket","Market Basket Coconut Greek Yogurt","Market Basket Coconut Greek Yogurt","0.99","0.0","","5.3 oz","5.3 oz","Market Basket.jpg",,"1"
"14168","Breakfast & Dairy","Dairy & Eggs","Yogurts/Dahi","Market Basket","Market Basket Greek Nonfat Vanilla Yogurt","Market Basket Greek Nonfat Vanilla Yogurt","4.89","0.0","","32 oz","32 oz","Market Basket.jpg",,"1"
"14169","Breakfast & Dairy","Dairy & Eggs","Yogurts/Dahi","Market Basket","Market Basket Greek Nonfat Yogurt","Market Basket Greek Nonfat Yogurt","4.89","0.0","","32 oz","32 oz","Market Basket.jpg",,"1"
"14170","Breakfast & Dairy","Dairy & Eggs","Yogurts/Dahi","Market Basket","Market Basket Greek Nonfat Yogurt Lemon","Market Basket Greek Nonfat Yogurt Lemon","1.09","0.0","","5.3 oz","5.3 oz","Market Basket.jpg",,"1"
"14171","Breakfast & Dairy","Dairy & Eggs","Yogurts/Dahi","Market Basket","Market Basket Key Lime Yogurt","Market Basket Key Lime Yogurt","0.69","0.0","","6 oz","6 oz","Market Basket.jpg",,"1"
"14172","Breakfast & Dairy","Dairy & Eggs","Yogurts/Dahi","Market Basket","Market Basket Mango Greek Nonfat Yogurt","Market Basket Mango Greek Nonfat Yogurt","1.09","0.0","","5.3 oz","5.3 oz","Market Basket.jpg",,"1"
"14173","Breakfast & Dairy","Dairy & Eggs","Yogurts/Dahi","Market Basket","Market Basket Mixed Berry Fruit On The Bottom","Market Basket Mixed Berry Fruit On The Bottom","0.59","0.0","","6 oz","6 oz","Market Basket.jpg",,"1"
"14174","Breakfast & Dairy","Dairy & Eggs","Yogurts/Dahi","Market Basket","Market Basket Peach Greek Yogurt","Market Basket Peach Greek Yogurt","1.09","0.0","","6 oz","6 oz","Market Basket.jpg",,"1"
"14175","Breakfast & Dairy","Dairy & Eggs","Yogurts/Dahi","Market Basket","Market Basket Peach Lowfat Yogurt","Market Basket Peach Lowfat Yogurt","2.39","0.0","","32 oz","32 oz","Market Basket.jpg",,"1"
"14176","Breakfast & Dairy","Dairy & Eggs","Yogurts/Dahi","Market Basket","Market Basket Plain Greek Yogurt","Market Basket Plain Greek Yogurt","1.09","0.0","","6 oz","6 oz","Market Basket.jpg",,"1"
"14177","Breakfast & Dairy","Dairy & Eggs","Yogurts/Dahi","Market Basket","Market Basket Plain Lowfat Yogurt","Market Basket Plain Lowfat Yogurt","2.39","0.0","","32 oz","32 oz","Market Basket.jpg",,"1"
"14178","Breakfast & Dairy","Dairy & Eggs","Yogurts/Dahi","Market Basket","Market Basket Plain Nonfat Greek Yogurt","Market Basket Plain Nonfat Greek Yogurt","4.89","0.0","","32 oz","32 oz","Market Basket.jpg",,"1"
"14179","Breakfast & Dairy","Dairy & Eggs","Yogurts/Dahi","Market Basket","Market Basket Plain Nonfat Yogurt","Market Basket Plain Nonfat Yogurt","2.39","0.0","","32 oz","32 oz","Market Basket.jpg",,"1"
"14180","Breakfast & Dairy","Dairy & Eggs","Yogurts/Dahi","Market Basket","Market Basket Plain Whole Milk Yogurt","Market Basket Plain Whole Milk Yogurt","2.39","0.0","","32 oz","32 oz","Market Basket.jpg",,"1"
"14181","Breakfast & Dairy","Dairy & Eggs","Yogurts/Dahi","Market Basket","Market Basket Plain Yogurt 1.5%","Market Basket Plain Yogurt 1.5%","0.69","0.0","","6 oz","6 oz","Market Basket.jpg",,"1"
"14182","Breakfast & Dairy","Dairy & Eggs","Yogurts/Dahi","Market Basket","Market Basket Raspberry Fruit On The Bottom","Market Basket Raspberry Fruit On The Bottom","0.69","0.0","","6 oz","6 oz","Market Basket.jpg",,"1"
"14183","Breakfast & Dairy","Dairy & Eggs","Yogurts/Dahi","Market Basket","Market Basket Raspberry Greek Yogurt","Market Basket Raspberry Greek Yogurt","1.09","0.0","","6 oz","6 oz","Market Basket.jpg",,"1"
"14184","Breakfast & Dairy","Dairy & Eggs","Yogurts/Dahi","Market Basket","Market Basket Strawberry Banana Fruit On The Bottom","Market Basket Strawberry Banana Fruit On The Bottom","0.69","0.0","","6 oz","6 oz","Market Basket.jpg",,"1"
"14185","Breakfast & Dairy","Dairy & Eggs","Yogurts/Dahi","Market Basket","Market Basket Strawberry Banana Greek Yogurt","Market Basket Strawberry Banana Greek Yogurt","1.09","0.0","","6 oz","6 oz","Market Basket.jpg",,"1"
"14186","Breakfast & Dairy","Dairy & Eggs","Yogurts/Dahi","Market Basket","Market Basket Strawberry Fruit On The Bottom","Market Basket Strawberry Fruit On The Bottom","0.69","0.0","","6 oz","6 oz","Market Basket.jpg",,"1"
"14187","Breakfast & Dairy","Dairy & Eggs","Yogurts/Dahi","Market Basket","Market Basket Strawberry Greek Yogurt","Market Basket Strawberry Greek Yogurt","1.09","0.0","","6 oz","6 oz","Market Basket.jpg",,"1"
"14188","Breakfast & Dairy","Dairy & Eggs","Yogurts/Dahi","Market Basket","Market Basket Strawberry Lowfat Yogurt","Market Basket Strawberry Lowfat Yogurt","2.39","0.0","","32 oz","32 oz","Market Basket.jpg",,"1"
"14189","Breakfast & Dairy","Dairy & Eggs","Yogurts/Dahi","Market Basket","Market Basket Vanilla Greek Yogurt","Market Basket Vanilla Greek Yogurt","1.09","0.0","","6 oz","6 oz","Market Basket.jpg",,"1"
"14190","Breakfast & Dairy","Dairy & Eggs","Yogurts/Dahi","Market Basket","Market Basket Vanilla Nonfat Yogurt","Market Basket Vanilla Nonfat Yogurt","2.39","0.0","","32 oz","32 oz","Market Basket.jpg",,"1"
"14191","Breakfast & Dairy","Dairy & Eggs","Yogurts/Dahi","Market Basket","Muller Greek Corner Strawberry Lowfat Yogurt","Muller Greek Corner Strawberry Lowfat Yogurt","1.29","0.0","","5.3 oz","5.3 oz","14637.jpg",,"1"
"14192","Breakfast & Dairy","Dairy & Eggs","Yogurts/Dahi","Noosa","noosa Blueberry Yoghurt","noosa Blueberry Yoghurt","2.49","0.0","","8 oz","8 oz","14660.jpg",,"1"
"14193","Breakfast & Dairy","Dairy & Eggs","Yogurts/Dahi","Noosa","noosa Lemon Yogurt","noosa Lemon Yogurt","3.69","0.0","","8 oz","8 oz","14652.jpg",,"1"
"14194","Breakfast & Dairy","Dairy & Eggs","Yogurts/Dahi","Noosa","noosa Peach Yoghurt","noosa Peach Yoghurt","2.49","0.0","","8 oz","8 oz","14655.jpg",,"1"
"14195","Breakfast & Dairy","Dairy & Eggs","Yogurts/Dahi","Noosa","noosa Raspberry Yoghurt","noosa Raspberry Yoghurt","2.49","0.0","","8 oz","8 oz","14658.jpg",,"1"
"14196","Breakfast & Dairy","Dairy & Eggs","Yogurts/Dahi","Oikos","Oikos Greek Not So Traditional Blended Irresistible Raspberry Mousse Yogurt 4","Oikos Greek Not So Traditional Blended Irresistible Raspberry Mousse Yogurt 4","3.69","0.0","","4 x 5.3 oz","4 x 5.3 oz","14692.jpg",,"1"
"14197","Breakfast & Dairy","Dairy & Eggs","Yogurts/Dahi","Oikos","Oikos Nonfat Greek Yogurt Blueberry","Oikos Nonfat Greek Yogurt Blueberry","1.29","0.0","","5.3 oz","5.3 oz","14714.jpg",,"1"
"14198","Breakfast & Dairy","Dairy & Eggs","Yogurts/Dahi","Oikos","Oikos Nonfat Yogurt Blueberry","Oikos Nonfat Yogurt Blueberry","4.99","0.0","","4 x 5.3 oz","4 x 5.3 oz","14716.jpg",,"1"
"14199","Breakfast & Dairy","Dairy & Eggs","Yogurts/Dahi","Oikos","Oikos Traditional Greek Yogurt Coffee","Oikos Traditional Greek Yogurt Coffee","1.29","0.0","","5.3 oz","5.3 oz","14636.jpg",,"1"
"14200","Breakfast & Dairy","Dairy & Eggs","Yogurts/Dahi","Oikos","Oikos Triple Zero Banana Crme Blended Greek Yogurt","Oikos Triple Zero Banana Crme Blended Greek Yogurt","1.29","0.0","","5.3 oz","5.3 oz","14682.jpg",,"1"
"14201","Breakfast & Dairy","Dairy & Eggs","Yogurts/Dahi","Oikos","Oikos Triple Zero Dannon Oikos Triple Zero Blended Greek Nonfat Yogurt Salted Caramel","Oikos Triple Zero Dannon Oikos Triple Zero Blended Greek Nonfat Yogurt Salted Caramel","4.29","0.0","","4 x 5.3 oz","4 x 5.3 oz","17942.jpg",,"1"
"14202","Breakfast & Dairy","Dairy & Eggs","Yogurts/Dahi","Oikos","Oikos Triple Zero Salted Caramel Blended Greek Yogurt","Oikos Triple Zero Salted Caramel Blended Greek Yogurt","1.29","0.0","","5.3 oz","5.3 oz","17946.jpg",,"1"
"14203","Breakfast & Dairy","Dairy & Eggs","Yogurts/Dahi","Oikos","Oikos Triple Zero Vanilla Blended Greek Yogurt","Oikos Triple Zero Vanilla Blended Greek Yogurt","1.29","0.0","","5.3 oz","5.3 oz","14648.jpg",,"1"
"14204","Breakfast & Dairy","Dairy & Eggs","Yogurts/Dahi","Oikos","Oikos Triple Zero Vanilla Blended Nonfat Greek Yogurt","Oikos Triple Zero Vanilla Blended Nonfat Greek Yogurt","5.39","0.0","","32 oz","32 oz","14651.jpg",,"1"
"14205","Breakfast & Dairy","Dairy & Eggs","Yogurts/Dahi","Oreo","YoCrunch Cookies n Cream Lowfat Yogurt with Oreo Cookie Pieces","YoCrunch Cookies n Cream Lowfat Yogurt with Oreo Cookie Pieces","0.89","0.0","","6 oz","6 oz","464.jpg",,"1"
"14206","Breakfast & Dairy","Dairy & Eggs","Yogurts/Dahi","Reese's","YoCrunch Vanilla with Reese's Pieces Lowfat Yogurt","YoCrunch Vanilla with Reese's Pieces Lowfat Yogurt","0.89","0.0","","6 oz","6 oz","467.jpg",,"1"
"14207","Breakfast & Dairy","Dairy & Eggs","Yogurts/Dahi","Siggi's","Siggi's 0% Milkfat Yogurt Plain","Siggi's 0% Milkfat Yogurt Plain","4.89","0.0","","24 oz","24 oz","440.jpg",,"1"
"14208","Breakfast & Dairy","Dairy & Eggs","Yogurts/Dahi","Siggi's","Siggi's Icelandic Style Skyr Blueberry Non fat Yogurt","Siggi's Icelandic Style Skyr Blueberry Non fat Yogurt","1.99","0.0","","5.3 oz","5.3 oz","444.jpg",,"1"
"14209","Breakfast & Dairy","Dairy & Eggs","Yogurts/Dahi","Siggi's","Siggi's Icelandic Style Skyr Non Fat Yogurt, Vanilla","Siggi's Icelandic Style Skyr Non Fat Yogurt, Vanilla","1.89","0.0","","5.3 oz","5.3 oz","433.jpg",,"1"
"14210","Breakfast & Dairy","Dairy & Eggs","Yogurts/Dahi","Siggi's","Siggi's Nonfat Acai & Mixed Berries Yogurt","Siggi's Nonfat Acai & Mixed Berries Yogurt","1.69","0.0","","5.3 oz","5.3 oz","443.jpg",,"1"
"14211","Breakfast & Dairy","Dairy & Eggs","Yogurts/Dahi","Siggi's","Siggi's Raspberry Yogurt","Siggi's Raspberry Yogurt","1.59","0.0","","5.3 oz","5.3 oz","442.jpg",,"1"
"14212","Breakfast & Dairy","Dairy & Eggs","Yogurts/Dahi","Siggi's","Siggi's Strained Non Fat Peach Icelandic Style Skyr Yogurt","Siggi's Strained Non Fat Peach Icelandic Style Skyr Yogurt","1.69","0.0","","5.3 oz","5.3 oz","441.jpg",,"1"
"14213","Breakfast & Dairy","Dairy & Eggs","Yogurts/Dahi","Siggi's","Siggi's Strained Non Fat Strawberry Icelandic Style Skyr Yogurt","Siggi's Strained Non Fat Strawberry Icelandic Style Skyr Yogurt","1.59","0.0","","5.3 oz","5.3 oz","438.jpg",,"1"
"14214","Breakfast & Dairy","Dairy & Eggs","Yogurts/Dahi","Siggi's","Siggi's Strained Non Fat Yogurt Coconut","Siggi's Strained Non Fat Yogurt Coconut","1.89","0.0","","5.3 oz","5.3 oz","437.jpg",,"1"
"14215","Breakfast & Dairy","Dairy & Eggs","Yogurts/Dahi","Siggi's","Siggi's Strained Non Fat Yogurt Plain","Siggi's Strained Non Fat Yogurt Plain","1.29","0.0","","5.3 oz","5.3 oz","435.jpg",,"1"
"14216","Breakfast & Dairy","Dairy & Eggs","Yogurts/Dahi","Siggi's","Siggi's Strained Whole Milk Yogurt Blueberry","Siggi's Strained Whole Milk Yogurt Blueberry","1.69","0.0","","4.4 oz","4.4 oz","445.jpg",,"1"
"14217","Breakfast & Dairy","Dairy & Eggs","Yogurts/Dahi","Siggi's","Siggi's Swedish Style Whole Milk Drinkable Yogurt Strawberry","Siggi's Swedish Style Whole Milk Drinkable Yogurt Strawberry","1.69","0.0","","8 fl oz","8 fl oz","432.jpg",,"1"
"14218","Breakfast & Dairy","Dairy & Eggs","Yogurts/Dahi","Siggi's","Siggi's Whole Milk Yogurt Vanilla","Siggi's Whole Milk Yogurt Vanilla","1.69","0.0","","4.4 oz","4.4 oz","439.jpg",,"1"
"14219","Breakfast & Dairy","Dairy & Eggs","Yogurts/Dahi","Siggi's","Siggi's Whole Milk Drinkable Yogurt Blueberry","Siggi's Whole Milk Drinkable Yogurt Blueberry","1.69","0.0","","8 fl oz","8 fl oz","434.jpg",,"1"
"14220","Breakfast & Dairy","Dairy & Eggs","Yogurts/Dahi","Siggi's","Siggi's Whole Milk Yogurt Strawberry & Rhubarb","Siggi's Whole Milk Yogurt Strawberry & Rhubarb","1.69","0.0","","4.4 oz","4.4 oz","436.jpg",,"1"
"14221","Breakfast & Dairy","Dairy & Eggs","Yogurts/Dahi","Siggi's","Siggi's Yogurt, Strained Non Fat, Icelandic Style Skyr, Orange & Ginger","Siggi's Yogurt, Strained Non Fat, Icelandic Style Skyr, Orange & Ginger","1.69","0.0","","5.3 oz","5.3 oz","446.jpg",,"1"
"14222","Breakfast & Dairy","Dairy & Eggs","Yogurts/Dahi","Silk","Silk Blueberry Dairy Free Yogurt Alternative","Silk Blueberry Dairy Free Yogurt Alternative","1.59","0.0","","5.3 oz","5.3 oz","14673.jpg",,"1"
"14223","Breakfast & Dairy","Dairy & Eggs","Yogurts/Dahi","Silk","Silk Strawberry Dairy Free Yogurt Alternative","Silk Strawberry Dairy Free Yogurt Alternative","1.59","0.0","","5.3 oz","5.3 oz","14666.jpg",,"1"
"14224","Breakfast & Dairy","Dairy & Eggs","Yogurts/Dahi","So Delicious","So Delicious Dairy Free Coconut Milk Plain Yogurt Alternative","So Delicious Dairy Free Coconut Milk Plain Yogurt Alternative","1.59","0.0","","5.3 oz","5.3 oz","14681.jpg",,"1"
"14225","Breakfast & Dairy","Dairy & Eggs","Yogurts/Dahi","So Delicious","So Delicious Dairy Free Coconut Milk Raspberry","So Delicious Dairy Free Coconut Milk Raspberry","1.59","0.0","","5.3 oz","5.3 oz","14665.jpg",,"1"
"14226","Breakfast & Dairy","Dairy & Eggs","Yogurts/Dahi","So Delicious","So Delicious Dairy Free Coconut Milk Strawberry","So Delicious Dairy Free Coconut Milk Strawberry","1.59","0.0","","5.3 oz","5.3 oz","14662.jpg",,"1"
"14227","Breakfast & Dairy","Dairy & Eggs","Yogurts/Dahi","So Delicious","So Delicious Dairy Free Coconut Milk Yogurt Alternative Blueberry","So Delicious Dairy Free Coconut Milk Yogurt Alternative Blueberry","1.59","0.0","","5.3 oz","5.3 oz","14668.jpg",,"1"
"14228","Breakfast & Dairy","Dairy & Eggs","Yogurts/Dahi","So Delicious","So Delicious Dairy Free Coconut Milk Yogurt Alternative Vanilla","So Delicious Dairy Free Coconut Milk Yogurt Alternative Vanilla","1.89","0.0","","5.3 oz","5.3 oz","14657.jpg",,"1"
"14229","Breakfast & Dairy","Dairy & Eggs","Yogurts/Dahi","Stonyfield Organic","Stonyfield Organic Classic Strawberry Yogurt","Stonyfield Organic Classic Strawberry Yogurt","0.99","0.0","","5.3 oz","5.3 oz","352.jpg",,"1"
"14230","Breakfast & Dairy","Dairy & Eggs","Yogurts/Dahi","Stonyfield Organic","Stonyfield Organic Dairy Free Vanilla Soy Yogurt","Stonyfield Organic Dairy Free Vanilla Soy Yogurt","0.99","0.0","","6 oz","6 oz","336.jpg",,"1"
"14231","Breakfast & Dairy","Dairy & Eggs","Yogurts/Dahi","Stonyfield Organic","Stonyfield Organic Kids Lemonade & Strawberry Lowfat Yogurt","Stonyfield Organic Kids Lemonade & Strawberry Lowfat Yogurt","3.89","0.0","","8 x 2 oz","8 x 2 oz","364.jpg",,"1"
"14232","Breakfast & Dairy","Dairy & Eggs","Yogurts/Dahi","Stonyfield Organic","Stonyfield Organic Kids Strawberry & Strawberry Banana Lowfat Yogurt Variety Pac","Stonyfield Organic Kids Strawberry & Strawberry Banana Lowfat Yogurt Variety Pac","4.59","0.0","","6 x 4 oz","6 x 4 oz","331.jpg",,"1"
"14233","Breakfast & Dairy","Dairy & Eggs","Yogurts/Dahi","Stonyfield Organic","Stonyfield Organic Lowfat Peach Yogurt","Stonyfield Organic Lowfat Peach Yogurt","0.99","0.0","","6 oz","6 oz","359.jpg",,"1"
"14234","Breakfast & Dairy","Dairy & Eggs","Yogurts/Dahi","Stonyfield Organic","Stonyfield Organic Lowfat Vanilla Yogurt","Stonyfield Organic Lowfat Vanilla Yogurt","1.29","0.0","","6 oz","6 oz","369.jpg",,"1"
"14235","Breakfast & Dairy","Dairy & Eggs","Yogurts/Dahi","Stonyfield Organic","Stonyfield Organic Organic Blueberry on the Bottom Nonfat Yogurt","Stonyfield Organic Organic Blueberry on the Bottom Nonfat Yogurt","1.29","0.0","","5.3 oz","5.3 oz","349.jpg",,"1"
"14236","Breakfast & Dairy","Dairy & Eggs","Yogurts/Dahi","Stonyfield Organic","Stonyfield Organic Organic Dairy Free Raspberry Soy Yogurt","Stonyfield Organic Organic Dairy Free Raspberry Soy Yogurt","0.99","0.0","","5.3 oz","5.3 oz","347.jpg",,"1"
"14237","Breakfast & Dairy","Dairy & Eggs","Yogurts/Dahi","Stonyfield Organic","Stonyfield Organic Organic Dairy Free Strawberry Soy Yogurt","Stonyfield Organic Organic Dairy Free Strawberry Soy Yogurt","0.99","0.0","","5.3 oz","5.3 oz","316.jpg",,"1"
"14238","Breakfast & Dairy","Dairy & Eggs","Yogurts/Dahi","Stonyfield Organic","Stonyfield Organic Organic Greek Plain Nonfat Yogurt","Stonyfield Organic Organic Greek Plain Nonfat Yogurt","4.79","0.0","","5.3 oz","5.3 oz","361.jpg",,"1"
"14239","Breakfast & Dairy","Dairy & Eggs","Yogurts/Dahi","Stonyfield Organic","Stonyfield Organic Organic Greek Plain Nonfat Yogurt","Stonyfield Organic Organic Greek Plain Nonfat Yogurt","8.49","0.0","","32 oz","32 oz","366.jpg",,"1"
"14240","Breakfast & Dairy","Dairy & Eggs","Yogurts/Dahi","Stonyfield Organic","Stonyfield Organic Organic Greek Plain Whole Milk Yogurt","Stonyfield Organic Organic Greek Plain Whole Milk Yogurt","8.49","0.0","","30 oz","30 oz","371.jpg",,"1"
"14241","Breakfast & Dairy","Dairy & Eggs","Yogurts/Dahi","Stonyfield Organic","Stonyfield Organic Organic Greek Vanilla Bean Nonfat Yogurt","Stonyfield Organic Organic Greek Vanilla Bean Nonfat Yogurt","2.39","0.0","","32 oz","32 oz","327.jpg",,"1"
"14242","Breakfast & Dairy","Dairy & Eggs","Yogurts/Dahi","Stonyfield Organic","Stonyfield Organic Organic Greek Whole Milk Plain Yogurt","Stonyfield Organic Organic Greek Whole Milk Plain Yogurt","1.29","0.0","","5.3 oz","5.3 oz","357.jpg",,"1"
"14243","Breakfast & Dairy","Dairy & Eggs","Yogurts/Dahi","Stonyfield Organic","Stonyfield Organic Organic Kids Blueberry Lowfat Yogurt","Stonyfield Organic Organic Kids Blueberry Lowfat Yogurt","5.39","0.0","","4 x 3.5 oz","4 x 3.5 oz","317.jpg",,"1"
"14244","Breakfast & Dairy","Dairy & Eggs","Yogurts/Dahi","Stonyfield Organic","Stonyfield Organic Organic Kids Blueberry Lowfat Yogurt","Stonyfield Organic Organic Kids Blueberry Lowfat Yogurt","1.59","0.0","","3.5 oz","3.5 oz","337.jpg",,"1"
"14245","Breakfast & Dairy","Dairy & Eggs","Yogurts/Dahi","Stonyfield Organic","Stonyfield Organic Organic Kids Strawberry Banana Lowfat Yogurt","Stonyfield Organic Organic Kids Strawberry Banana Lowfat Yogurt","1.59","0.0","","3.5 oz","3.5 oz","314.jpg",,"1"
"14246","Breakfast & Dairy","Dairy & Eggs","Yogurts/Dahi","Stonyfield Organic","Stonyfield Organic Organic Kids Strawberry Banana Lowfat Yogurt Smoothies","Stonyfield Organic Organic Kids Strawberry Banana Lowfat Yogurt Smoothies","3.69","0.0","","6 x 3.1 fl oz","6 x 3.1 fl oz","318.jpg",,"1"
"14247","Breakfast & Dairy","Dairy & Eggs","Yogurts/Dahi","Stonyfield Organic","Stonyfield Organic Organic Kids Strawberry Banana Whole Milk Yogurt","Stonyfield Organic Organic Kids Strawberry Banana Whole Milk Yogurt","4.59","0.0","","4 oz","4 oz","373.jpg",,"1"
"14248","Breakfast & Dairy","Dairy & Eggs","Yogurts/Dahi","Stonyfield Organic","Stonyfield Organic Organic Kids Strawberry Lowfat Yogurt","Stonyfield Organic Organic Kids Strawberry Lowfat Yogurt","5.39","0.0","","4 x 3.5 oz","4 x 3.5 oz","313.jpg",,"1"
"14249","Breakfast & Dairy","Dairy & Eggs","Yogurts/Dahi","Stonyfield Organic","Stonyfield Organic Organic Kids Strawberry Lowfat Yogurt","Stonyfield Organic Organic Kids Strawberry Lowfat Yogurt","1.29","0.0","","3.7 oz","3.7 oz","323.jpg",,"1"
"14250","Breakfast & Dairy","Dairy & Eggs","Yogurts/Dahi","Stonyfield Organic","Stonyfield Organic Organic Kids Strawberry Lowfat Yogurt","Stonyfield Organic Organic Kids Strawberry Lowfat Yogurt","4.29","0.0","","2 oz","2 oz","340.jpg",,"1"
"14251","Breakfast & Dairy","Dairy & Eggs","Yogurts/Dahi","Stonyfield Organic","Stonyfield Organic Organic Kids Very Berry Lowfat Yogurt Smoothies","Stonyfield Organic Organic Kids Very Berry Lowfat Yogurt Smoothies","3.69","0.0","","6 x 3.1 fl oz","6 x 3.1 fl oz","322.jpg",,"1"
"14252","Breakfast & Dairy","Dairy & Eggs","Yogurts/Dahi","Stonyfield Organic","Stonyfield Organic Organic Oh My Yog! Gingered Pear Yogurt","Stonyfield Organic Organic Oh My Yog! Gingered Pear Yogurt","1.89","0.0","","6 oz","6 oz","365.jpg",,"1"
"14253","Breakfast & Dairy","Dairy & Eggs","Yogurts/Dahi","Stonyfield Organic","Stonyfield Organic Organic Oh My Yog! Madagascar Vanilla Bean Yogurt","Stonyfield Organic Organic Oh My Yog! Madagascar Vanilla Bean Yogurt","1.89","0.0","","6 oz","6 oz","353.jpg",,"1"
"14254","Breakfast & Dairy","Dairy & Eggs","Yogurts/Dahi","Stonyfield Organic","Stonyfield Organic Organic Pear Spinach Mango Whole Milk Yogurt","Stonyfield Organic Organic Pear Spinach Mango Whole Milk Yogurt","1.59","0.0","","3.5 oz","3.5 oz","332.jpg",,"1"
"14255","Breakfast & Dairy","Dairy & Eggs","Yogurts/Dahi","Stonyfield Organic","Stonyfield Organic Organic Plain Lowfat Yogurt","Stonyfield Organic Organic Plain Lowfat Yogurt","4.29","0.0","","32 oz","32 oz","328.jpg",,"1"
"14256","Breakfast & Dairy","Dairy & Eggs","Yogurts/Dahi","Stonyfield Organic","Stonyfield Organic Organic Plain Nonfat Yogurt","Stonyfield Organic Organic Plain Nonfat Yogurt","0.99","0.0","","5.3 oz","5.3 oz","370.jpg",,"1"
"14257","Breakfast & Dairy","Dairy & Eggs","Yogurts/Dahi","Stonyfield Organic","Stonyfield Organic Organic Plain Whole Milk Probiotic Yogurt","Stonyfield Organic Organic Plain Whole Milk Probiotic Yogurt","4.79","0.0","","32 oz","32 oz","329.jpg",,"1"
"14258","Breakfast & Dairy","Dairy & Eggs","Yogurts/Dahi","Stonyfield Organic","Stonyfield Organic Organic Probiotic Peach Lowfat Yogurt Protein Smoothie","Stonyfield Organic Organic Probiotic Peach Lowfat Yogurt Protein Smoothie","1.89","0.0","","10 fl oz","10 fl oz","335.jpg",,"1"
"14259","Breakfast & Dairy","Dairy & Eggs","Yogurts/Dahi","Stonyfield Organic","Stonyfield Organic Organic Strawberry Fruit On The Bottom Low Fat Yogurt","Stonyfield Organic Organic Strawberry Fruit On The Bottom Low Fat Yogurt","1.09","0.0","","6 oz","6 oz","356.jpg",,"1"
"14260","Breakfast & Dairy","Dairy & Eggs","Yogurts/Dahi","Stonyfield Organic","Stonyfield Organic Organic Strawberry Lowfat Yogurt","Stonyfield Organic Organic Strawberry Lowfat Yogurt","0.99","0.0","","6 oz","6 oz","351.jpg",,"1"
"14261","Breakfast & Dairy","Dairy & Eggs","Yogurts/Dahi","Stonyfield Organic","Stonyfield Organic Organic Vanilla Lowfat Yogurt","Stonyfield Organic Organic Vanilla Lowfat Yogurt","4.79","0.0","","32 oz","32 oz","343.jpg",,"1"
"14262","Breakfast & Dairy","Dairy & Eggs","Yogurts/Dahi","Stonyfield Organic","Stonyfield Organic Organic Vanilla Nonfat Yogurt","Stonyfield Organic Organic Vanilla Nonfat Yogurt","4.89","0.0","","32 oz","32 oz","354.jpg",,"1"
"14263","Breakfast & Dairy","Dairy & Eggs","Yogurts/Dahi","Stonyfield Organic","Stonyfield Organic Organic Vanilla Whole Milk Probiotic Yogurt","Stonyfield Organic Organic Vanilla Whole Milk Probiotic Yogurt","4.79","0.0","","32 oz","32 oz","325.jpg",,"1"
"14264","Breakfast & Dairy","Dairy & Eggs","Yogurts/Dahi","Stonyfield Organic","Stonyfield Organic Organic Vanilla Whole Milk Probiotic Yogurt","Stonyfield Organic Organic Vanilla Whole Milk Probiotic Yogurt","4.79","0.0","","32 oz","32 oz","326.jpg",,"1"
"14265","Breakfast & Dairy","Dairy & Eggs","Yogurts/Dahi","Stonyfield Organic","Stonyfield Organic Organic Yokids Strawberry Banana Lowfat Organic Yogurt","Stonyfield Organic Organic Yokids Strawberry Banana Lowfat Organic Yogurt","2.99","0.0","","3.7 oz","3.7 oz","368.jpg",,"1"
"14266","Breakfast & Dairy","Dairy & Eggs","Yogurts/Dahi","Stonyfield Organic","Stonyfield Organic Plain Nonfat Yogurt","Stonyfield Organic Plain Nonfat Yogurt","4.79","0.0","","32 oz","32 oz","345.jpg",,"1"
"14267","Breakfast & Dairy","Dairy & Eggs","Yogurts/Dahi","Stonyfield Organic","Stonyfield Organic Probiotic Strawberry Lowfat Yogurt Smoothies","Stonyfield Organic Probiotic Strawberry Lowfat Yogurt Smoothies","4.59","0.0","","6 fl oz","6 fl oz","341.jpg",,"1"
"14268","Breakfast & Dairy","Dairy & Eggs","Yogurts/Dahi","Stonyfield Organic","Stonyfield Organic Probiotic Wild Berry Lowfat Yogurt Smoothies","Stonyfield Organic Probiotic Wild Berry Lowfat Yogurt Smoothies","4.59","0.0","","4 x 6 fl oz","4 x 6 fl oz","324.jpg",,"1"
"14269","Breakfast & Dairy","Dairy & Eggs","Yogurts/Dahi","Stonyfield Organic","Stonyfield Organic Strawberry Lowfat Yogurt Protein Smoothie","Stonyfield Organic Strawberry Lowfat Yogurt Protein Smoothie","1.89","0.0","","10 fl oz","10 fl oz","319.jpg",,"1"
"14270","Breakfast & Dairy","Dairy & Eggs","Yogurts/Dahi","Stonyfield Organic","Stonyfield Organic Strawberry Whole Milk Probiotic Yogurt","Stonyfield Organic Strawberry Whole Milk Probiotic Yogurt","4.29","0.0","","32 oz","32 oz","334.jpg",,"1"
"14271","Breakfast & Dairy","Dairy & Eggs","Yogurts/Dahi","Stonyfield Organic","Stonyfield Organic Vanilla Classic Yogurt","Stonyfield Organic Vanilla Classic Yogurt","0.99","0.0","","5.3 oz","5.3 oz","344.jpg",,"1"
"14272","Breakfast & Dairy","Dairy & Eggs","Yogurts/Dahi","Stonyfield Organic","Stonyfield Organic Whole Milk Strawberry Beet Berry Yogurt","Stonyfield Organic Whole Milk Strawberry Beet Berry Yogurt","1.29","0.0","","3.7 oz","3.7 oz","320.jpg",,"1"
"14273","Breakfast & Dairy","Dairy & Eggs","Yogurts/Dahi","Stonyfield Organic","Stonyfield Organic Whole Milk Vanilla Yogurt","Stonyfield Organic Whole Milk Vanilla Yogurt","1.29","0.0","","5.3 oz","5.3 oz","321.jpg",,"1"
"14274","Breakfast & Dairy","Dairy & Eggs","Yogurts/Dahi","Stonyfield Organic","Stonyfield Organic Wild Berry Lowfat Yogurt Protein Smoothie","Stonyfield Organic Wild Berry Lowfat Yogurt Protein Smoothie","1.89","0.0","","10 fl oz","10 fl oz","315.jpg",,"1"
"14275","Breakfast & Dairy","Dairy & Eggs","Yogurts/Dahi","Stonyfield Organic","Stonyfield Organic YoBaby Apple/Blueberry Whole Milk Yogurt with Probiotics","Stonyfield Organic YoBaby Apple/Blueberry Whole Milk Yogurt with Probiotics","4.59","0.0","","4 oz","4 oz","330.jpg",,"1"
"14276","Breakfast & Dairy","Dairy & Eggs","Yogurts/Dahi","Stonyfield Organic","Stonyfield Organic YoBaby Vanilla Whole Milk Yogurt with Probiotics","Stonyfield Organic YoBaby Vanilla Whole Milk Yogurt with Probiotics","4.59","0.0","","6 count","6 count","350.jpg",,"1"
"14277","Breakfast & Dairy","Dairy & Eggs","Yogurts/Dahi","Stonyfield Organic","Stonyfield Organic Yogurt, Greek, Nonfat, Salted Caramel on the Bottom","Stonyfield Organic Yogurt, Greek, Nonfat, Salted Caramel on the Bottom","1.29","0.0","","5.3 oz","5.3 oz","362.jpg",,"1"
"14278","Breakfast & Dairy","Dairy & Eggs","Yogurts/Dahi","YoCrunch","YoCrunch Lowfat Yogurt Cookies N' Cream","YoCrunch Lowfat Yogurt Cookies N' Cream","3.36","0.0","","4 x 4.1 oz","4 x 4.1 oz","460.jpg",,"1"
"14279","Breakfast & Dairy","Dairy & Eggs","Yogurts/Dahi","YoCrunch","YoCrunch Lowfat Yogurt Vanilla with M&M's","YoCrunch Lowfat Yogurt Vanilla with M&M's","3.36","0.0","","4 x 4.1 oz","4 x 4.1 oz","458.jpg",,"1"
"14280","Breakfast & Dairy","Dairy & Eggs","Yogurts/Dahi","YoCrunch","YoCrunch Strawberry Lowfat Yogurt with M&M's","YoCrunch Strawberry Lowfat Yogurt with M&M's","0.99","0.0","","6 oz","6 oz","459.jpg",,"1"
"14281","Breakfast & Dairy","Dairy & Eggs","Yogurts/Dahi","YoCrunch","YoCrunch Vanilla Lowfat Yogurt with Chips Ahoy Cookie Pieces","YoCrunch Vanilla Lowfat Yogurt with Chips Ahoy Cookie Pieces","0.89","0.0","","6 oz","6 oz","465.jpg",,"1"
"14282","Breakfast & Dairy","Dairy & Eggs","Yogurts/Dahi","YoCrunch","YoCrunch Vanilla Lowfat Yogurt with M&M's","YoCrunch Vanilla Lowfat Yogurt with M&M's","0.89","0.0","","6 oz","6 oz","462.jpg",,"1"
"14283","Breakfast & Dairy","Dairy & Eggs","Yogurts/Dahi","YoCrunch","YoCrunch Vanilla Lowfat Yogurt with Snickers Pieces","YoCrunch Vanilla Lowfat Yogurt with Snickers Pieces","2.19","0.0","","6 oz","6 oz","466.jpg",,"1"
"14284","Breakfast & Dairy","Dairy & Eggs","Yogurts/Dahi","YoCrunch","YoCrunch Vanilla Lowfat Yogurt with Twix Pieces","YoCrunch Vanilla Lowfat Yogurt with Twix Pieces","2.19","0.0","","6 oz","6 oz","463.jpg",,"1"
"14285","Breakfast & Dairy","Dairy & Eggs","Yogurts/Dahi","Yoplait","Yoplait Black Berry Pomegranate Light","Yoplait Black Berry Pomegranate Light","0.79","0.0","","6 oz","6 oz","Market Basket.jpg",,"1"
"14286","Breakfast & Dairy","Dairy & Eggs","Yogurts/Dahi","Yoplait","Yoplait Go Gurt Avengers Assemble Super Punch/Hero Berry Variety Pack Portable Low Fat Yogurt","Yoplait Go Gurt Avengers Assemble Super Punch/Hero Berry Variety Pack Portable Low Fat Yogurt","2.99","0.0","","8 x 2.25 oz","8 x 2.25 oz","191.jpg",,"1"
"14287","Breakfast & Dairy","Dairy & Eggs","Yogurts/Dahi","Yoplait","Yoplait Go Gurt Berry Smoothie/Strawberry Smoothie Variety Pack Portable Low Fat Yogurt","Yoplait Go Gurt Berry Smoothie/Strawberry Smoothie Variety Pack Portable Low Fat Yogurt","3.29","0.0","","8 x 2.25 oz","8 x 2.25 oz","221.jpg",,"1"
"14288","Breakfast & Dairy","Dairy & Eggs","Yogurts/Dahi","Yoplait","Yoplait Go Gurt Cool Cotton Candy/Burstin' Melon Berry Variety Pack Portable Low Fat Yogurt","Yoplait Go Gurt Cool Cotton Candy/Burstin' Melon Berry Variety Pack Portable Low Fat Yogurt","2.99","0.0","","8 x 2.25 oz","8 x 2.25 oz","204.jpg",,"1"
"14289","Breakfast & Dairy","Dairy & Eggs","Yogurts/Dahi","Yoplait","Yoplait Go Gurt SpongeBob SquarePants Strawberry Riptide/Sponge Berry Variety Pack Portable Low Fat Yogurt","Yoplait Go Gurt SpongeBob SquarePants Strawberry Riptide/Sponge Berry Variety Pack Portable Low Fat Yogurt","2.99","0.0","","8 x 2.25 oz","8 x 2.25 oz","190.jpg",,"1"
"14290","Breakfast & Dairy","Dairy & Eggs","Yogurts/Dahi","Yoplait","Yoplait Go Gurt Strawberry Splash/Berry Blue Blast Variety Pack Portable Low Fat Yogurt","Yoplait Go Gurt Strawberry Splash/Berry Blue Blast Variety Pack Portable Low Fat Yogurt","3.09","0.0","","8 x 2.25 oz","8 x 2.25 oz","192.jpg",,"1"
"14291","Breakfast & Dairy","Dairy & Eggs","Yogurts/Dahi","Yoplait","Yoplait Go Gurt, Portable Low Fat Yogurt Variet, Strawberry Banana & Watermelon","Yoplait Go Gurt, Portable Low Fat Yogurt Variet, Strawberry Banana & Watermelon","2.09","0.0","","8 count","8 count","208.jpg",,"1"
"14292","Breakfast & Dairy","Dairy & Eggs","Yogurts/Dahi","Yoplait","Yoplait Greek 100 Calories Peach Fat Free Yogurt","Yoplait Greek 100 Calories Peach Fat Free Yogurt","3.69","0.0","","4 x 5.3 oz","4 x 5.3 oz","253.jpg",,"1"
"14293","Breakfast & Dairy","Dairy & Eggs","Yogurts/Dahi","Yoplait","Yoplait Kid Yogurt, SpongeBob SquarePants Variety Pack of Strawberry and Strawberry Banana Yogurt, Value Pack","Yoplait Kid Yogurt, SpongeBob SquarePants Variety Pack of Strawberry and Strawberry Banana Yogurt, Value Pack","4.79","0.0","","8 x 4 oz","8 x 4 oz","188.jpg",,"1"
"14294","Breakfast & Dairy","Dairy & Eggs","Yogurts/Dahi","Yoplait","Yoplait Lactose Free Yogurt French Vanilla","Yoplait Lactose Free Yogurt French Vanilla","0.79","0.0","","6 oz","6 oz","196.jpg",,"1"
"14295","Breakfast & Dairy","Dairy & Eggs","Yogurts/Dahi","Yoplait","Yoplait Light Blueberry Patch/Strawberry Variety Pack Fat Free Yogurt","Yoplait Light Blueberry Patch/Strawberry Variety Pack Fat Free Yogurt","4.89","0.0","","8 x 6 oz","8 x 6 oz","242.jpg",,"1"
"14296","Breakfast & Dairy","Dairy & Eggs","Yogurts/Dahi","Yoplait","Yoplait Light Harvest Peach/Strawberry Variety Pack Fat Free Yogurt","Yoplait Light Harvest Peach/Strawberry Variety Pack Fat Free Yogurt","4.89","0.0","","6 oz","6 oz","232.jpg",,"1"
"14297","Breakfast & Dairy","Dairy & Eggs","Yogurts/Dahi","Yoplait","Yoplait Light Lemon Cream Pie Fat Free Yogurt","Yoplait Light Lemon Cream Pie Fat Free Yogurt","0.79","0.0","","6 oz","6 oz","217.jpg",,"1"
"14298","Breakfast & Dairy","Dairy & Eggs","Yogurts/Dahi","Yoplait","Yoplait Light Thick & Creamy Key Lime Pie Fat Free Yogurt","Yoplait Light Thick & Creamy Key Lime Pie Fat Free Yogurt","0.79","0.0","","6 oz","6 oz","207.jpg",,"1"
"14299","Breakfast & Dairy","Dairy & Eggs","Yogurts/Dahi","Yoplait","Yoplait Light White Chocolate Strawberry Fat Free Yogurt","Yoplait Light White Chocolate Strawberry Fat Free Yogurt","0.79","0.0","","6 oz","6 oz","225.jpg",,"1"
"14300","Breakfast & Dairy","Dairy & Eggs","Yogurts/Dahi","Yoplait","Yoplait Light Yogurt, Fat Free Yogurt, Blueberry Patch","Yoplait Light Yogurt, Fat Free Yogurt, Blueberry Patch","0.79","0.0","","6 oz","6 oz","246.jpg",,"1"
"14301","Breakfast & Dairy","Dairy & Eggs","Yogurts/Dahi","Yoplait","Yoplait Light Yogurt, Fat Free Yogurt, Harvest Peach","Yoplait Light Yogurt, Fat Free Yogurt, Harvest Peach","0.79","0.0","","6 oz","6 oz","215.jpg",,"1"
"14302","Breakfast & Dairy","Dairy & Eggs","Yogurts/Dahi","Yoplait","Yoplait Light Yogurt, Fat Free Yogurt, Key Lime Pie","Yoplait Light Yogurt, Fat Free Yogurt, Key Lime Pie","0.79","0.0","","6 oz","6 oz","234.jpg",,"1"
"14303","Breakfast & Dairy","Dairy & Eggs","Yogurts/Dahi","Yoplait","Yoplait Light Yogurt, Fat Free Yogurt, Orange Creme","Yoplait Light Yogurt, Fat Free Yogurt, Orange Creme","0.79","0.0","","6 oz","6 oz","228.jpg",,"1"
"14304","Breakfast & Dairy","Dairy & Eggs","Yogurts/Dahi","Yoplait","Yoplait Light Yogurt, Fat Free Yogurt, Red Raspberry","Yoplait Light Yogurt, Fat Free Yogurt, Red Raspberry","0.79","0.0","","6 oz","6 oz","239.jpg",,"1"
"14305","Breakfast & Dairy","Dairy & Eggs","Yogurts/Dahi","Yoplait","Yoplait Light Yogurt, Fat Free Yogurt, Strawberry","Yoplait Light Yogurt, Fat Free Yogurt, Strawberry","0.79","0.0","","6 oz","6 oz","236.jpg",,"1"
"14306","Breakfast & Dairy","Dairy & Eggs","Yogurts/Dahi","Yoplait","Yoplait Light Yogurt, Fat Free Yogurt, Strawberry Banana","Yoplait Light Yogurt, Fat Free Yogurt, Strawberry Banana","0.79","0.0","","6 oz","6 oz","205.jpg",,"1"
"14307","Breakfast & Dairy","Dairy & Eggs","Yogurts/Dahi","Yoplait","Yoplait Light Yogurt, Strawberry and Harvest Peach, Fat Free","Yoplait Light Yogurt, Strawberry and Harvest Peach, Fat Free","5.49","0.0","","8 x 6 oz","8 x 6 oz","214.jpg",,"1"
"14308","Breakfast & Dairy","Dairy & Eggs","Yogurts/Dahi","Yoplait","Yoplait Light Yogurt, Very Cherry, Fat Free Yogurt","Yoplait Light Yogurt, Very Cherry, Fat Free Yogurt","0.79","0.0","","6 oz","6 oz","244.jpg",,"1"
"14309","Breakfast & Dairy","Dairy & Eggs","Yogurts/Dahi","Yoplait","Yoplait Light Yogurt, Very Vanilla, Fat Free Yogurt","Yoplait Light Yogurt, Very Vanilla, Fat Free Yogurt","0.79","0.0","","6 oz","6 oz","235.jpg",,"1"
"14310","Breakfast & Dairy","Dairy & Eggs","Yogurts/Dahi","Yoplait","Yoplait Original Cherry Orchard/Harvest Peach Variety Pack Low Fat Yogurt","Yoplait Original Cherry Orchard/Harvest Peach Variety Pack Low Fat Yogurt","4.89","0.0","","8 x 6 oz","8 x 6 oz","216.jpg",,"1"
"14311","Breakfast & Dairy","Dairy & Eggs","Yogurts/Dahi","Yoplait","Yoplait Original French Vanilla/Orange Creme Variety Pack Low Fat Yogurt","Yoplait Original French Vanilla/Orange Creme Variety Pack Low Fat Yogurt","5.49","0.0","","8 x 6 oz","8 x 6 oz","241.jpg",,"1"
"14312","Breakfast & Dairy","Dairy & Eggs","Yogurts/Dahi","Yoplait","Yoplait Original Strawberry Low Fat Yogurt","Yoplait Original Strawberry Low Fat Yogurt","5.49","0.0","","8 x 6 oz","8 x 6 oz","252.jpg",,"1"
"14313","Breakfast & Dairy","Dairy & Eggs","Yogurts/Dahi","Yoplait","Yoplait Original Strawberry/Harvest Peach Variety Pack Low Fat Yogurt","Yoplait Original Strawberry/Harvest Peach Variety Pack Low Fat Yogurt","4.89","0.0","","8 x 6 oz","8 x 6 oz","222.jpg",,"1"
"14314","Breakfast & Dairy","Dairy & Eggs","Yogurts/Dahi","Yoplait","Yoplait Original Strawberry/Mixed Berry Variety Pack Low Fat Yogurt","Yoplait Original Strawberry/Mixed Berry Variety Pack Low Fat Yogurt","4.09","0.0","","8 x 6 oz","8 x 6 oz","199.jpg",,"1"
"14315","Breakfast & Dairy","Dairy & Eggs","Yogurts/Dahi","Yoplait","Yoplait Original Strawberry/Strawberry Banana Variety Pack Low Fat Yogurt","Yoplait Original Strawberry/Strawberry Banana Variety Pack Low Fat Yogurt","4.89","0.0","","8 x 6 oz","8 x 6 oz","220.jpg",,"1"
"14316","Breakfast & Dairy","Dairy & Eggs","Yogurts/Dahi","Yoplait","Yoplait Original Yogurt, Cherry Orchard, Low Fat Yogurt","Yoplait Original Yogurt, Cherry Orchard, Low Fat Yogurt","0.79","0.0","","6 oz","6 oz","200.jpg",,"1"
"14317","Breakfast & Dairy","Dairy & Eggs","Yogurts/Dahi","Yoplait","Yoplait Original Yogurt, French Vanilla, Low Fat Yogurt","Yoplait Original Yogurt, French Vanilla, Low Fat Yogurt","0.79","0.0","","6 oz","6 oz","213.jpg",,"1"
"14318","Breakfast & Dairy","Dairy & Eggs","Yogurts/Dahi","Yoplait","Yoplait Original Yogurt, Key Lime Pie, Low Fat Yogurt","Yoplait Original Yogurt, Key Lime Pie, Low Fat Yogurt","0.79","0.0","","6 oz","6 oz","201.jpg",,"1"
"14319","Breakfast & Dairy","Dairy & Eggs","Yogurts/Dahi","Yoplait","Yoplait Original Yogurt, Low Fat Yogurt, Pina Colada","Yoplait Original Yogurt, Low Fat Yogurt, Pina Colada","0.79","0.0","","6 oz","6 oz","243.jpg",,"1"
"14320","Breakfast & Dairy","Dairy & Eggs","Yogurts/Dahi","Yoplait","Yoplait Original Yogurt, Low Fat Yogurt, Strawberry","Yoplait Original Yogurt, Low Fat Yogurt, Strawberry","3.09","0.0","","32 oz","32 oz","194.jpg",,"1"
"14321","Breakfast & Dairy","Dairy & Eggs","Yogurts/Dahi","Yoplait","Yoplait Original Yogurt, Low Fat Yogurt, Strawberry Kiwi","Yoplait Original Yogurt, Low Fat Yogurt, Strawberry Kiwi","0.79","0.0","","6 oz","6 oz","223.jpg",,"1"
"14322","Breakfast & Dairy","Dairy & Eggs","Yogurts/Dahi","Yoplait","Yoplait Original Yogurt, Mixed Berry, Low Fat Yogurt","Yoplait Original Yogurt, Mixed Berry, Low Fat Yogurt","0.79","0.0","","6 oz","6 oz","231.jpg",,"1"
"14323","Breakfast & Dairy","Dairy & Eggs","Yogurts/Dahi","Yoplait","Yoplait Original Yogurt, Mountain Blueberry, Low Fat Yogurt","Yoplait Original Yogurt, Mountain Blueberry, Low Fat Yogurt","0.79","0.0","","6 oz","6 oz","218.jpg",,"1"
"14324","Breakfast & Dairy","Dairy & Eggs","Yogurts/Dahi","Yoplait","Yoplait Original Yogurt, Orange Crme, Low Fat Yogurt","Yoplait Original Yogurt, Orange Crme, Low Fat Yogurt","0.79","0.0","","6 oz","6 oz","233.jpg",,"1"
"14325","Breakfast & Dairy","Dairy & Eggs","Yogurts/Dahi","Yoplait","Yoplait Original Yogurt, Original Strawberry, Low Fat Yogurt","Yoplait Original Yogurt, Original Strawberry, Low Fat Yogurt","0.79","0.0","","6 oz","6 oz","202.jpg",,"1"
"14326","Breakfast & Dairy","Dairy & Eggs","Yogurts/Dahi","Yoplait","Yoplait Original Yogurt, Red Raspberry, Low Fat Yogurt","Yoplait Original Yogurt, Red Raspberry, Low Fat Yogurt","0.79","0.0","","6 oz","6 oz","227.jpg",,"1"
"14327","Breakfast & Dairy","Dairy & Eggs","Yogurts/Dahi","Yoplait","Yoplait Original Yogurt, Strawberry Banana, Low Fat Yogurt","Yoplait Original Yogurt, Strawberry Banana, Low Fat Yogurt","3.09","0.0","","2 lb","2 lb","245.jpg",,"1"
"14328","Breakfast & Dairy","Dairy & Eggs","Yogurts/Dahi","Yoplait","Yoplait Original Yogurt, Strawberry Low Fat Yogurt","Yoplait Original Yogurt, Strawberry Low Fat Yogurt","5.49","0.0","","8 x 6 oz","8 x 6 oz","226.jpg",,"1"
"14329","Breakfast & Dairy","Dairy & Eggs","Yogurts/Dahi","Yoplait","Yoplait Original Yogurt, Vanilla, Low Fat Yogurt","Yoplait Original Yogurt, Vanilla, Low Fat Yogurt","3.09","0.0","","2 lb","2 lb","219.jpg",,"1"
"14330","Breakfast & Dairy","Dairy & Eggs","Yogurts/Dahi","Yoplait","Yoplait Simply...Go Gurt Mixed Berry Portable Low Fat Yogurt","Yoplait Simply...Go Gurt Mixed Berry Portable Low Fat Yogurt","3.09","0.0","","8 x 2.25 oz","8 x 2.25 oz","14695.jpg",,"1"
"14331","Breakfast & Dairy","Dairy & Eggs","Yogurts/Dahi","Yoplait","Yoplait Simply...Go Gurt Strawberry Portable Low Fat Yogurt","Yoplait Simply...Go Gurt Strawberry Portable Low Fat Yogurt","3.09","0.0","","8 x 2.25 oz","8 x 2.25 oz","249.jpg",,"1"
"14332","Breakfast & Dairy","Dairy & Eggs","Yogurts/Dahi","Yoplait","Yoplait Thick & Creamy Strawberry Flavored Lowfat Yogurt","Yoplait Thick & Creamy Strawberry Flavored Lowfat Yogurt","0.79","0.0","","6 oz","6 oz","195.jpg",,"1"
"14333","Breakfast & Dairy","Dairy & Eggs","Yogurts/Dahi","Yoplait","Yoplait Thick & Creamy Vanilla Lowfat Yogurt","Yoplait Thick & Creamy Vanilla Lowfat Yogurt","0.79","0.0","","6 oz","6 oz","224.jpg",,"1"
"14334","Breakfast & Dairy","Dairy & Eggs","Yogurts/Dahi","Yoplait","Yoplait Very Vanilla Pumpkin Pie Light","Yoplait Very Vanilla Pumpkin Pie Light","4.89","0.0","","8 count","8 count","248.jpg",,"1"
"14335","Breakfast & Dairy","Dairy & Eggs","Yogurts/Dahi","Yoplait","Yoplait Whips Yogurt Vanilla Crme","Yoplait Whips Yogurt Vanilla Crme","0.79","0.0","","4 oz","4 oz","210.jpg",,"1"
"14336","Breakfast & Dairy","Dairy & Eggs","Yogurts/Dahi","Yoplait","Yoplait Whips Yogurt, Low Fat Yogurt Mousse, Gluten Free, Raspberry Mousse","Yoplait Whips Yogurt, Low Fat Yogurt Mousse, Gluten Free, Raspberry Mousse","0.79","0.0","","4 oz","4 oz","206.jpg",,"1"
"14337","Breakfast & Dairy","Dairy & Eggs","Yogurts/Dahi","Yoplait","Yoplait Whips! Yogurt, Cherry Cheesecake","Yoplait Whips! Yogurt, Cherry Cheesecake","0.79","0.0","","4 oz","4 oz","189.jpg",,"1"
"14338","Breakfast & Dairy","Dairy & Eggs","Yogurts/Dahi","Yoplait","Yoplait Whips! Yogurt, Chocolate","Yoplait Whips! Yogurt, Chocolate","0.79","0.0","","4 oz","4 oz","193.jpg",,"1"
"14339","Breakfast & Dairy","Dairy & Eggs","Yogurts/Dahi","Yoplait","Yoplait Whips! Yogurt, Key Lime Pie","Yoplait Whips! Yogurt, Key Lime Pie","0.79","0.0","","4 oz","4 oz","209.jpg",,"1"
"14340","Breakfast & Dairy","Dairy & Eggs","Yogurts/Dahi","Yoplait","Yoplait Whips! Yogurt, Orange Crme, Low Fat Yogurt Mousse, Gluten Free","Yoplait Whips! Yogurt, Orange Crme, Low Fat Yogurt Mousse, Gluten Free","0.79","0.0","","4 oz","4 oz","211.jpg",,"1"
"14341","Breakfast & Dairy","Dairy & Eggs","Yogurts/Dahi","Yoplait","Yoplait Yogurt, Lactose Free Yogurt, Strawberry","Yoplait Yogurt, Lactose Free Yogurt, Strawberry","0.79","0.0","","6 oz","6 oz","230.jpg",,"1"
"14342","Breakfast & Dairy","Tea & Coffee","Coffee","Boston's Best","Boston's Best Breakfast Blend Ground Gourmet Coffee","Boston's Best Breakfast Blend Ground Gourmet Coffee","4.89","0.0","","12 oz","12 oz","16293.jpg",,"8"
"14343","Breakfast & Dairy","Tea & Coffee","Coffee","Boston's Best","Boston's Best Coffee Roasters Vanilla Hazelnut Ground Coffee","Boston's Best Coffee Roasters Vanilla Hazelnut Ground Coffee","4.89","0.0","","12 oz","12 oz","16287.jpg",,"8"
"14344","Breakfast & Dairy","Tea & Coffee","Coffee","Cafe Bustelo","Cafe Bustelo Coffee, Dark Roast, Espresso Style, K Cup Pods, Box","Cafe Bustelo Coffee, Dark Roast, Espresso Style, K Cup Pods, Box","8.59","0.0","","12 x 0.37 oz","12 x 0.37 oz","16278.jpg",,"8"
"14345","Breakfast & Dairy","Tea & Coffee","Coffee","Cafe Bustelo","Cafe Bustelo Espresso Ground Coffee","Cafe Bustelo Espresso Ground Coffee","3.69","0.0","","10 oz","10 oz","16277.jpg",,"8"
"14346","Breakfast & Dairy","Tea & Coffee","Coffee","Cafe Bustelo","Cafe Bustelo Espresso Ground Coffee","Cafe Bustelo Espresso Ground Coffee","5.49","0.0","","10 oz","10 oz","16286.jpg",,"8"
"14347","Breakfast & Dairy","Tea & Coffee","Coffee","Cafe Bustelo","Cafe Bustelo Espresso Ground Coffee","Cafe Bustelo Espresso Ground Coffee","4.29","0.0","","6 oz","6 oz","16292.jpg",,"8"
"14348","Breakfast & Dairy","Tea & Coffee","Coffee","Cafe Bustelo","Cafe Bustelo Espresso Instant Coffee","Cafe Bustelo Espresso Instant Coffee","7.39","0.0","","7.05 oz","7.05 oz","16281.jpg",,"8"
"14349","Breakfast & Dairy","Tea & Coffee","Coffee","Cafe Jose","Cafe Jose Tarrazu Reserve","Cafe Jose Tarrazu Reserve","8.59","0.0","","12 oz","12 oz","No Image.jpg",,"8"
"14350","Breakfast & Dairy","Tea & Coffee","Coffee","Chock Full O' Nuts","Chock Full O' Nuts 100% Colombian Medium Ground Coffee","Chock Full O' Nuts 100% Colombian Medium Ground Coffee","4.89","0.0","","10.3 oz","10.3 oz","16302.jpg",,"8"
"14351","Breakfast & Dairy","Tea & Coffee","Coffee","Chock Full O' Nuts","Chock Full O' Nuts French Roast Ground Coffee","Chock Full O' Nuts French Roast Ground Coffee","8.59","0.0","","26 oz","26 oz","16291.jpg",,"8"
"14352","Breakfast & Dairy","Tea & Coffee","Coffee","Chock Full O' Nuts","Chock Full O' Nuts Gourmet Roast Ground Coffee","Chock Full O' Nuts Gourmet Roast Ground Coffee","10.99","0.0","","26 oz","26 oz","16298.jpg",,"8"
"14353","Breakfast & Dairy","Tea & Coffee","Coffee","Chock Full O' Nuts","Chock Full O' Nuts Original Medium Roast Ground Coffee","Chock Full O' Nuts Original Medium Roast Ground Coffee","3.69","0.0","","11.3 oz","11.3 oz","16290.jpg",,"8"
"14354","Breakfast & Dairy","Tea & Coffee","Coffee","Dunkin' Donuts","Dunkin' Donuts Dark Roast Ground Coffee Dunkin' Dark","Dunkin' Donuts Dark Roast Ground Coffee Dunkin' Dark","8.59","0.0","","11 oz","11 oz","3376.jpg",,"8"
"14355","Breakfast & Dairy","Tea & Coffee","Coffee","Dunkin' Donuts","Dunkin' Donuts Dunkin Donuts French Vanilla Ground Coffee","Dunkin' Donuts Dunkin Donuts French Vanilla Ground Coffee","8.59","0.0","","12 oz","12 oz","3380.jpg",,"8"
"14356","Breakfast & Dairy","Tea & Coffee","Coffee","Dunkin' Donuts","Dunkin' Donuts Hazelnut Ground Coffee","Dunkin' Donuts Hazelnut Ground Coffee","8.59","0.0","","12 oz","12 oz","3377.jpg",,"8"
"14357","Breakfast & Dairy","Tea & Coffee","Coffee","Dunkin' Donuts","Dunkin' Donuts K Cup Pods Medium Roast Coffee Original Blend","Dunkin' Donuts K Cup Pods Medium Roast Coffee Original Blend","7.39","0.0","","10 x 0.37 oz","10 x 0.37 oz","3375.jpg",,"8"
"14358","Breakfast & Dairy","Tea & Coffee","Coffee","Dunkin' Donuts","Dunkin' Donuts Medium Roast Dunkin' Decaf Ground Coffee","Dunkin' Donuts Medium Roast Dunkin' Decaf Ground Coffee","8.59","0.0","","12 oz","12 oz","3379.jpg",,"8"
"14359","Breakfast & Dairy","Tea & Coffee","Coffee","Dunkin' Donuts","Dunkin' Donuts Medium Roast Ground Coffee 100% Colombian","Dunkin' Donuts Medium Roast Ground Coffee 100% Colombian","8.59","0.0","","11 oz","11 oz","3382.jpg",,"8"
"14360","Breakfast & Dairy","Tea & Coffee","Coffee","Dunkin' Donuts","Dunkin' Donuts Medium Roast Original Blend Ground Coffee","Dunkin' Donuts Medium Roast Original Blend Ground Coffee","8.59","0.0","","12 oz","12 oz","3378.jpg",,"8"
"14361","Breakfast & Dairy","Tea & Coffee","Coffee","Dunkin' Donuts","Dunkin' Donuts Medium Roast Whole Bean Coffee Original Blend","Dunkin' Donuts Medium Roast Whole Bean Coffee Original Blend","8.59","0.0","","12 oz","12 oz","3383.jpg",,"8"
"14362","Breakfast & Dairy","Tea & Coffee","Coffee","Dunkin' Donuts","Dunkin' Donuts Original Iced Coffee Bottle","Dunkin' Donuts Original Iced Coffee Bottle","3.09","0.0","","13.7 oz","13.7 oz","3381.jpg",,"17"
"14363","Breakfast & Dairy","Tea & Coffee","Coffee","Eight O'Clock","Eight O'Clock Coffee Eight O'Clock The Original Whole Bean Coffee Medium Roast","Eight O'Clock Coffee Eight O'Clock The Original Whole Bean Coffee Medium Roast","15.79","0.0","","24 oz","24 oz","16273.jpg",,"8"
"14364","Breakfast & Dairy","Tea & Coffee","Coffee","Eight O'Clock","Eight O'Clock Coffee Eight O'Clock Whole Bean 100% Colombian Peaks Coffee","Eight O'Clock Coffee Eight O'Clock Whole Bean 100% Colombian Peaks Coffee","9.79","0.0","","22 oz","22 oz","16274.jpg",,"8"
"14365","Breakfast & Dairy","Tea & Coffee","Coffee","Eight O'Clock","Eight O'Clock Coffee Ground 100% Colombian Peaks Medium","Eight O'Clock Coffee Ground 100% Colombian Peaks Medium","9.79","0.0","","22 oz","22 oz","16275.jpg",,"8"
"14366","Breakfast & Dairy","Tea & Coffee","Coffee","Folgers ","Folgers Classic Decaf Ground Coffee Medium","Folgers Classic Decaf Ground Coffee Medium","6.09","0.0","","11.3 oz","11.3 oz","3345.jpg",,"8"
"14367","Breakfast & Dairy","Tea & Coffee","Coffee","Folgers ","Folgers Coffee","Folgers Coffee","6.09","0.0","","10.3 oz","10.3 oz","3337.jpg",,"8"
"14368","Breakfast & Dairy","Tea & Coffee","Coffee","Folgers ","Folgers Coffee","Folgers Coffee","4.29","0.0","","10.8 oz","10.8 oz","3344.jpg",,"8"
"14369","Breakfast & Dairy","Tea & Coffee","Coffee","Folgers ","Folgers Coffee Crystals, Instant, Classic Roast, Jar","Folgers Coffee Crystals, Instant, Classic Roast, Jar","6.09","0.0","","8 oz","8 oz","3346.jpg",,"8"
"14370","Breakfast & Dairy","Tea & Coffee","Coffee","Folgers ","Folgers Coffee Singles, Medium, Classic Roast, Bags","Folgers Coffee Singles, Medium, Classic Roast, Bags","10.99","0.0","","38 count","38 count","3336.jpg",,"8"
"14371","Breakfast & Dairy","Tea & Coffee","Coffee","Folgers ","Folgers Coffee, Breakfast Blend, Mild, Ground, Roast Master Series, Tub","Folgers Coffee, Breakfast Blend, Mild, Ground, Roast Master Series, Tub","6.09","0.0","","10.8 oz","10.8 oz","3339.jpg",,"8"
"14372","Breakfast & Dairy","Tea & Coffee","Coffee","Folgers ","Folgers Coffee, Classic Decaf, Ground, Tub","Folgers Coffee, Classic Decaf, Ground, Tub","10.99","0.0","","22.6 oz","22.6 oz","3347.jpg",,"8"
"14373","Breakfast & Dairy","Tea & Coffee","Coffee","Folgers ","Folgers Coffee, Classic Roast, Medium, Ground, Jar","Folgers Coffee, Classic Roast, Medium, Ground, Jar","6.09","0.0","","11.3 oz","11.3 oz","3343.jpg",,"8"
"14374","Breakfast & Dairy","Tea & Coffee","Coffee","Folgers ","Folgers Coffee, Classic Roast, Medium, Ground, Tub","Folgers Coffee, Classic Roast, Medium, Ground, Tub","9.79","0.0","","30.5 oz","30.5 oz","3341.jpg",,"8"
"14375","Breakfast & Dairy","Tea & Coffee","Coffee","Folgers ","Folgers Coffee, Medium Roast, Lively Colombian, K Cup Pods, Value Pack","Folgers Coffee, Medium Roast, Lively Colombian, K Cup Pods, Value Pack","18.29","0.0","","36 count","36 count","3340.jpg",,"8"
"14376","Breakfast & Dairy","Tea & Coffee","Coffee","Folgers ","Folgers Instant Coffee Crystals Classic Decaf Single Serve Packets 6 CT","Folgers Instant Coffee Crystals Classic Decaf Single Serve Packets 6 CT","1.29","0.0","","6 count","6 count","3348.jpg",,"8"
"14377","Breakfast & Dairy","Tea & Coffee","Coffee","Folgers ","Folgers Instant Coffee Crystals Classic Roast Single Serve Packets","Folgers Instant Coffee Crystals Classic Roast Single Serve Packets","1.29","0.0","","7 count","7 count","3338.jpg",,"8"
"14378","Breakfast & Dairy","Tea & Coffee","Coffee","Folgers ","Folgers K Cup Pods Medium Dark Roast 100% Colombian","Folgers K Cup Pods Medium Dark Roast 100% Colombian","7.39","0.0","","12 count","12 count","3349.jpg",,"8"
"14379","Breakfast & Dairy","Tea & Coffee","Coffee","Folgers ","Folgers Keurig Coffee K Cup Pods Medium Roast","Folgers Keurig Coffee K Cup Pods Medium Roast","21.99","0.0","","36 x 0.28 oz","36 x 0.28 oz","3342.jpg",,"8"
"14380","Breakfast & Dairy","Tea & Coffee","Coffee","French Market & Chicory","French Market & Chicory Medium Dark Roast Ground Coffee","French Market & Chicory Medium Dark Roast Ground Coffee","6.09","0.0","","12 oz","12 oz","16296.jpg",,"8"
"14381","Breakfast & Dairy","Tea & Coffee","Coffee","Gevalia","Gevalia Espresso Roast Ground Coffee, Caffeinated","Gevalia Espresso Roast Ground Coffee, Caffeinated","7.39","0.0","","12 oz","12 oz","16305.jpg",,"8"
"14382","Breakfast & Dairy","Tea & Coffee","Coffee","Gevalia","Gevalia French Roast Ground Arabica Coffee","Gevalia French Roast Ground Arabica Coffee","7.39","0.0","","12 oz","12 oz","16295.jpg",,"8"
"14383","Breakfast & Dairy","Tea & Coffee","Coffee","Gevalia","Gevalia House Blend Ground Arabica Coffee","Gevalia House Blend Ground Arabica Coffee","7.39","0.0","","12 oz","12 oz","16297.jpg",,"8"
"14384","Breakfast & Dairy","Tea & Coffee","Coffee","Gevalia","Gevalia Medium Roast Columbia Arabica Ground Coffee","Gevalia Medium Roast Columbia Arabica Ground Coffee","7.39","0.0","","12 oz","12 oz","16300.jpg",,"8"
"14385","Breakfast & Dairy","Tea & Coffee","Coffee","Green Mountain","Green Mountain Coffee Coffee K Cup Pods Wild Mountain Blueberry","Green Mountain Coffee Coffee K Cup Pods Wild Mountain Blueberry","8.59","0.0","","12 x 0.33 oz","12 x 0.33 oz","3357.jpg",,"8"
"14386","Breakfast & Dairy","Tea & Coffee","Coffee","Green Mountain","Green Mountain Coffee Dark Roast Coffee Dark Magic","Green Mountain Coffee Dark Roast Coffee Dark Magic","8.59","0.0","","12 count","12 count","3351.jpg",,"8"
"14387","Breakfast & Dairy","Tea & Coffee","Coffee","Green Mountain","Green Mountain Coffee Decaf Light Roast Ground Coffee Breakfast Blend","Green Mountain Coffee Decaf Light Roast Ground Coffee Breakfast Blend","8.59","0.0","","12 oz","12 oz","3363.jpg",,"8"
"14388","Breakfast & Dairy","Tea & Coffee","Coffee","Green Mountain","Green Mountain Coffee French Vanilla Decaf K Cup Packs Coffee","Green Mountain Coffee French Vanilla Decaf K Cup Packs Coffee","8.59","0.0","","12 x 0.33 oz","12 x 0.33 oz","3361.jpg",,"8"
"14389","Breakfast & Dairy","Tea & Coffee","Coffee","Green Mountain","Green Mountain Coffee French Vanilla Light Roast Coffee K Cups","Green Mountain Coffee French Vanilla Light Roast Coffee K Cups","8.59","0.0","","12 x 0.33 oz","12 x 0.33 oz","3352.jpg",,"8"
"14390","Breakfast & Dairy","Tea & Coffee","Coffee","Green Mountain","Green Mountain Coffee Ground Flavored Coffee Hazelnut","Green Mountain Coffee Ground Flavored Coffee Hazelnut","8.59","0.0","","12 oz","12 oz","3362.jpg",,"8"
"14391","Breakfast & Dairy","Tea & Coffee","Coffee","Green Mountain","Green Mountain Coffee Hazelnut K Cup Packs Coffee","Green Mountain Coffee Hazelnut K Cup Packs Coffee","6.09","0.0","","36 x 0.33 oz","36 x 0.33 oz","3360.jpg",,"8"
"14392","Breakfast & Dairy","Tea & Coffee","Coffee","Green Mountain","Green Mountain Coffee K Cup Pods Breakfast Blend","Green Mountain Coffee K Cup Pods Breakfast Blend","7.39","0.0","","12 count","12 count","3355.jpg",,"8"
"14393","Breakfast & Dairy","Tea & Coffee","Coffee","Green Mountain","Green Mountain Coffee K Cup Pods Carmel Vanilla Cream","Green Mountain Coffee K Cup Pods Carmel Vanilla Cream","8.59","0.0","","12 count","12 count","3354.jpg",,"8"
"14394","Breakfast & Dairy","Tea & Coffee","Coffee","Green Mountain","Green Mountain Coffee K Cup Pods Colombia Select","Green Mountain Coffee K Cup Pods Colombia Select","8.59","0.0","","12 count","12 count","3350.jpg",,"8"
"14395","Breakfast & Dairy","Tea & Coffee","Coffee","Green Mountain","Green Mountain Coffee K Cup Pods Dark Roast Coffee Sumatra Reserve","Green Mountain Coffee K Cup Pods Dark Roast Coffee Sumatra Reserve","7.39","0.0","","12 count","12 count","3359.jpg",,"8"
"14396","Breakfast & Dairy","Tea & Coffee","Coffee","Green Mountain","Green Mountain Coffee K Cup Pods Half Caff","Green Mountain Coffee K Cup Pods Half Caff","7.39","0.0","","12 count","12 count","3356.jpg",,"8"
"14397","Breakfast & Dairy","Tea & Coffee","Coffee","Green Mountain","Green Mountain Coffee K Cup Pods Hazelnut","Green Mountain Coffee K Cup Pods Hazelnut","8.59","0.0","","12 count","12 count","3353.jpg",,"8"
"14398","Breakfast & Dairy","Tea & Coffee","Coffee","Green Mountain","Green Mountain Coffee Medium Roast Ground Coffee Nantucket Blend","Green Mountain Coffee Medium Roast Ground Coffee Nantucket Blend","8.59","0.0","","12 count","12 count","3358.jpg",,"8"
"14399","Breakfast & Dairy","Tea & Coffee","Coffee","International Delight","International Delight Caramel Macchiato Iced Coffee","International Delight Caramel Macchiato Iced Coffee","4.59","0.0","","0.5 gal","0.5 gal","16271.jpg",,"1"
"14400","Breakfast & Dairy","Tea & Coffee","Coffee","International Delight","International Delight Mocha Iced Coffee","International Delight Mocha Iced Coffee","3.69","0.0","","64 fl oz","64 fl oz","16269.jpg",,"1"
"14401","Breakfast & Dairy","Tea & Coffee","Coffee","International Delight","International Delight Mocha Light Iced Coffee","International Delight Mocha Light Iced Coffee","4.59","0.0","","64 oz","64 oz","16283.jpg",,"1"
"14402","Breakfast & Dairy","Tea & Coffee","Coffee","LavAzza","LavAzza Caffe Espresso Medium Roast Ground Coffee","LavAzza Caffe Espresso Medium Roast Ground Coffee","6.09","0.0","","8 oz","8 oz","16282.jpg",,"8"
"14403","Breakfast & Dairy","Tea & Coffee","Coffee","LavAzza","LavAzza Medium Roast Decaffeinated Ground Coffee Espresso","LavAzza Medium Roast Decaffeinated Ground Coffee Espresso","8.59","0.0","","8 oz","8 oz","16304.jpg",,"8"
"14404","Breakfast & Dairy","Tea & Coffee","Coffee","Market Basket","Market Basket #2 Coffee Filters","Market Basket #2 Coffee Filters","2.49","0.0","","100 count","100 count","Market Basket.jpg",,"8"
"14405","Breakfast & Dairy","Tea & Coffee","Coffee","Market Basket","Market Basket Brand Coffee Singles","Market Basket Brand Coffee Singles","4.29","0.0","","19 count","19 count","Market Basket.jpg",,"8"
"14406","Breakfast & Dairy","Tea & Coffee","Coffee","Market Basket","Market Basket Cappuccino","Market Basket Cappuccino","0.59","0.0","","6 oz","6 oz","Market Basket.jpg",,"8"
"14407","Breakfast & Dairy","Tea & Coffee","Coffee","Market Basket","Market Basket Coffee Singles","Market Basket Coffee Singles","4.29","0.0","","19 count","19 count","Market Basket.jpg",,"8"
"14408","Breakfast & Dairy","Tea & Coffee","Coffee","Market Basket","Market Basket French Roast Whole Bean Coffee","Market Basket French Roast Whole Bean Coffee","7.39","0.0","","20 oz","20 oz","Market Basket.jpg",,"8"
"14409","Breakfast & Dairy","Tea & Coffee","Coffee","Market Basket","Market Basket French Vanilla Creme Coffee","Market Basket French Vanilla Creme Coffee","4.89","0.0","","11 oz","11 oz","Market Basket.jpg",,"8"
"14410","Breakfast & Dairy","Tea & Coffee","Coffee","Market Basket","Market Basket French Vanilla Whole Bean Coffee","Market Basket French Vanilla Whole Bean Coffee","7.39","0.0","","22 oz","22 oz","Market Basket.jpg",,"8"
"14411","Breakfast & Dairy","Tea & Coffee","Coffee","Market Basket","Market Basket Hazelnut Cream Whole Bean Coffee","Market Basket Hazelnut Cream Whole Bean Coffee","7.39","0.0","","22 oz","22 oz","Market Basket.jpg",,"8"
"14412","Breakfast & Dairy","Tea & Coffee","Coffee","Market Basket","Market Basket Hazelnut Creme","Market Basket Hazelnut Creme","4.89","0.0","","11 oz","11 oz","Market Basket.jpg",,"8"
"14413","Breakfast & Dairy","Tea & Coffee","Coffee","Market Basket","Market Basket House Blend Decaf","Market Basket House Blend Decaf","4.89","0.0","","11 oz","11 oz","Market Basket.jpg",,"8"
"14414","Breakfast & Dairy","Tea & Coffee","Coffee","Maxwell House","Maxwell House 100% Colombian Ground Coffee","Maxwell House 100% Colombian Ground Coffee","9.79","0.0","","28 oz","28 oz","3388.jpg",,"8"
"14415","Breakfast & Dairy","Tea & Coffee","Coffee","Maxwell House","Maxwell House Breakfast Blend Ground Coffee","Maxwell House Breakfast Blend Ground Coffee","15.89","0.0","","29.3 oz","29.3 oz","3390.jpg",,"8"
"14416","Breakfast & Dairy","Tea & Coffee","Coffee","Maxwell House","Maxwell House Decaf Original Roast Ground Coffee","Maxwell House Decaf Original Roast Ground Coffee","3.69","0.0","","11 oz","11 oz","3389.jpg",,"8"
"14417","Breakfast & Dairy","Tea & Coffee","Coffee","Maxwell House","Maxwell House French Roast Ground Coffee","Maxwell House French Roast Ground Coffee","9.79","0.0","","33 oz","33 oz","3387.jpg",,"8"
"14418","Breakfast & Dairy","Tea & Coffee","Coffee","Maxwell House","Maxwell House International Cafe Cafe Vienna Cafe Style Beverage Mix","Maxwell House International Cafe Cafe Vienna Cafe Style Beverage Mix","3.69","0.0","","9 oz","9 oz","16289.jpg",,"8"
"14419","Breakfast & Dairy","Tea & Coffee","Coffee","Maxwell House","Maxwell House Light Roast Breakfast Blend Ground Coffee, Caffeinated","Maxwell House Light Roast Breakfast Blend Ground Coffee, Caffeinated","5.99","0.0","","11 oz","11 oz","3391.jpg",,"8"
"14420","Breakfast & Dairy","Tea & Coffee","Coffee","Maxwell House","Maxwell House Morning Boost Ground Coffee","Maxwell House Morning Boost Ground Coffee","4.29","0.0","","11.5 oz","11.5 oz","3384.jpg",,"8"
"14421","Breakfast & Dairy","Tea & Coffee","Coffee","Maxwell House","Maxwell House Original Medium Roast Ground Coffee","Maxwell House Original Medium Roast Ground Coffee","7.39","0.0","","30.6 oz","30.6 oz","3385.jpg",,"8"
"14422","Breakfast & Dairy","Tea & Coffee","Coffee","Maxwell House","Maxwell House Original Roast Ground Coffee","Maxwell House Original Roast Ground Coffee","3.69","0.0","","11.5 oz","11.5 oz","3386.jpg",,"8"
"14423","Breakfast & Dairy","Tea & Coffee","Coffee","Medaglia D'Oro","Medaglia D'Oro Caffe Espresso Coffee","Medaglia D'Oro Caffe Espresso Coffee","5.49","0.0","","10 oz","10 oz","16301.jpg",,"8"
"14424","Breakfast & Dairy","Tea & Coffee","Coffee","Melitta","Melitta Cafe de Europa Classique Supreme Medium Roast Ground Coffee","Melitta Cafe de Europa Classique Supreme Medium Roast Ground Coffee","6.09","0.0","","11 oz","11 oz","16276.jpg",,"8"
"14425","Breakfast & Dairy","Tea & Coffee","Coffee","Melitta","Melitta Classic Blend Medium Roast Ground Coffee","Melitta Classic Blend Medium Roast Ground Coffee","12.19","0.0","","22 oz","22 oz","3394.jpg",,"8"
"14426","Breakfast & Dairy","Tea & Coffee","Coffee","Melitta","Melitta Natural Brown Paper Basket Coffee Filters","Melitta Natural Brown Paper Basket Coffee Filters","1.89","0.0","","200 count","200 count","3396.jpg",,"8"
"14427","Breakfast & Dairy","Tea & Coffee","Coffee","Melitta","Melitta Super Premium Coffee Filters #2 Natural Brown","Melitta Super Premium Coffee Filters #2 Natural Brown","1.69","0.0","","40 count","40 count","3395.jpg",,"8"
"14428","Breakfast & Dairy","Tea & Coffee","Coffee","Melitta","Melitta Super Premium White Cone Coffee Filters","Melitta Super Premium White Cone Coffee Filters","3.69","0.0","","100 count","100 count","3392.jpg",,"8"
"14429","Breakfast & Dairy","Tea & Coffee","Coffee","Melitta","Melitta White Paper 8 12 Cups Basket Coffee Filters","Melitta White Paper 8 12 Cups Basket Coffee Filters","1.59","0.0","","200 count","200 count","3393.jpg",,"8"
"14430","Breakfast & Dairy","Tea & Coffee","Coffee","Nescafe","Nescafe Clasico Dark Roast Instant Coffee","Nescafe Clasico Dark Roast Instant Coffee","1.29","0.0","","7 oz","7 oz","16285.jpg",,"8"
"14431","Breakfast & Dairy","Tea & Coffee","Coffee","Nescafe","Nescafe Instant Coffee","Nescafe Instant Coffee","7.39","0.0","","7 oz","7 oz","16284.jpg",,"8"
"14432","Breakfast & Dairy","Tea & Coffee","Coffee","Nescafe","Nescafe Taster's Choice Decaf House Blend Instant Coffee","Nescafe Taster's Choice Decaf House Blend Instant Coffee","12.19","0.0","","7 oz","7 oz","3397.jpg",,"8"
"14433","Breakfast & Dairy","Tea & Coffee","Coffee","Nescafe","Nescafe Taster's Choice Decaf House Blend Instant Coffee","Nescafe Taster's Choice Decaf House Blend Instant Coffee","3.69","0.0","","20 x 0.07 oz","20 x 0.07 oz","3402.jpg",,"8"
"14434","Breakfast & Dairy","Tea & Coffee","Coffee","Nescafe","Nescafe Taster's Choice French Roast Instant Coffee","Nescafe Taster's Choice French Roast Instant Coffee","10.39","0.0","","7 oz","7 oz","3400.jpg",,"8"
"14435","Breakfast & Dairy","Tea & Coffee","Coffee","Nescafe","Nescafe Taster's Choice House Blend Instant Coffee","Nescafe Taster's Choice House Blend Instant Coffee","10.39","0.0","","7 oz","7 oz","3398.jpg",,"8"
"14436","Breakfast & Dairy","Tea & Coffee","Coffee","Nescafe","Nescafe Taster's Choice House Blend Instant Coffee","Nescafe Taster's Choice House Blend Instant Coffee","4.09","0.0","","22 count","22 count","3401.jpg",,"8"
"14437","Breakfast & Dairy","Tea & Coffee","Coffee","Nescafe","Nescafe Taster's Choice House Blend Medium Light Roast Instant Coffee","Nescafe Taster's Choice House Blend Medium Light Roast Instant Coffee","10.39","0.0","","7 oz","7 oz","3399.jpg",,"8"
"14438","Breakfast & Dairy","Tea & Coffee","Coffee","New England Coffee","New England Coffee Breakfast Blend Ground Coffee","New England Coffee Breakfast Blend Ground Coffee","12.19","0.0","","24 oz","24 oz","3366.jpg",,"8"
"14439","Breakfast & Dairy","Tea & Coffee","Coffee","New England Coffee","New England Coffee Chocolate Cappuccino Ground Coffee","New England Coffee Chocolate Cappuccino Ground Coffee","7.39","0.0","","11 oz","11 oz","3364.jpg",,"8"
"14440","Breakfast & Dairy","Tea & Coffee","Coffee","New England Coffee","New England Coffee Coffee, Freshly Ground, Medium Roast, Breakfast Blend, Bag","New England Coffee Coffee, Freshly Ground, Medium Roast, Breakfast Blend, Bag","7.39","0.0","","11 oz","11 oz","3365.jpg",,"8"
"14441","Breakfast & Dairy","Tea & Coffee","Coffee","New England Coffee","New England Coffee Colombian Supremo Ground Coffee","New England Coffee Colombian Supremo Ground Coffee","7.39","0.0","","11 oz","11 oz","3374.jpg",,"8"
"14442","Breakfast & Dairy","Tea & Coffee","Coffee","New England Coffee","New England Coffee Colombian Supremo Medium Roasted Coffee K Cup Pods","New England Coffee Colombian Supremo Medium Roasted Coffee K Cup Pods","7.39","0.0","","12 count","12 count","3369.jpg",,"8"
"14443","Breakfast & Dairy","Tea & Coffee","Coffee","New England Coffee","New England Coffee Decaffeinated Breakfast Blend Ground Coffee","New England Coffee Decaffeinated Breakfast Blend Ground Coffee","7.39","0.0","","10 oz","10 oz","3367.jpg",,"8"
"14444","Breakfast & Dairy","Tea & Coffee","Coffee","New England Coffee","New England Coffee Eyeopener Blend Ground Coffee","New England Coffee Eyeopener Blend Ground Coffee","7.39","0.0","","9 oz","9 oz","3371.jpg",,"8"
"14445","Breakfast & Dairy","Tea & Coffee","Coffee","New England Coffee","New England Coffee Hazelnut Creme Ground Coffee","New England Coffee Hazelnut Creme Ground Coffee","10.99","0.0","","22 oz","22 oz","3372.jpg",,"8"
"14446","Breakfast & Dairy","Tea & Coffee","Coffee","New England Coffee","New England Coffee Hazelnut Creme Ground Coffee","New England Coffee Hazelnut Creme Ground Coffee","7.39","0.0","","11 oz","11 oz","3373.jpg",,"8"
"14447","Breakfast & Dairy","Tea & Coffee","Coffee","New England Coffee","New England Coffee K Cup Pods Coffee Donut Shop Blend","New England Coffee K Cup Pods Coffee Donut Shop Blend","7.39","0.0","","12 x 0.4 oz","12 x 0.4 oz","3368.jpg",,"8"
"14448","Breakfast & Dairy","Tea & Coffee","Coffee","New England Coffee","New England Coffee K Cup Pods Coffee French Roast","New England Coffee K Cup Pods Coffee French Roast","7.39","0.0","","12 x 0.4 oz","12 x 0.4 oz","3370.jpg",,"8"
"14449","Breakfast & Dairy","Tea & Coffee","Coffee","Newman's Own","Newman's Own Organics. Newman's Special Blend Medium Roast Coffee Extra Bold Coffee K Cup Pods","Newman's Own Organics. Newman's Special Blend Medium Roast Coffee Extra Bold Coffee K Cup Pods","8.59","0.0","","12 count","12 count","16280.jpg",,"8"
"14450","Breakfast & Dairy","Tea & Coffee","Coffee","Peet's Coffee","Peet's Coffee Big Bang Medium Roast Ground Coffee","Peet's Coffee Big Bang Medium Roast Ground Coffee","10.99","0.0","","12 oz","12 oz","3322.jpg",,"8"
"14451","Breakfast & Dairy","Tea & Coffee","Coffee","Peet's Coffee","Peet's Coffee Big Bang Medium Roast Ground Coffee","Peet's Coffee Big Bang Medium Roast Ground Coffee","15.89","0.0","","20 oz","20 oz","3329.jpg",,"8"
"14452","Breakfast & Dairy","Tea & Coffee","Coffee","Peet's Coffee","Peet's Coffee Blend Dark Roast Whole Bean Coffee","Peet's Coffee Blend Dark Roast Whole Bean Coffee","10.99","0.0","","12 oz","12 oz","3324.jpg",,"8"
"14453","Breakfast & Dairy","Tea & Coffee","Coffee","Peet's Coffee","Peet's Coffee Caf Domingo Medium Roast Coffee K Cup Pods","Peet's Coffee Caf Domingo Medium Roast Coffee K Cup Pods","7.39","0.0","","10 x 0.43 oz","10 x 0.43 oz","3317.jpg",,"8"
"14454","Breakfast & Dairy","Tea & Coffee","Coffee","Peet's Coffee","Peet's Coffee Caf Domingo Medium Roast Ground Coffee","Peet's Coffee Caf Domingo Medium Roast Ground Coffee","10.99","0.0","","12 oz","12 oz","3320.jpg",,"8"
"14455","Breakfast & Dairy","Tea & Coffee","Coffee","Peet's Coffee","Peet's Coffee Colombia Luminosa Light Roast Ground Coffee","Peet's Coffee Colombia Luminosa Light Roast Ground Coffee","10.99","0.0","","12 oz","12 oz","3334.jpg",,"8"
"14456","Breakfast & Dairy","Tea & Coffee","Coffee","Peet's Coffee","Peet's Coffee Dark Roast Ground Coffee Colombia","Peet's Coffee Dark Roast Ground Coffee Colombia","10.99","0.0","","12 oz","12 oz","3330.jpg",,"8"
"14457","Breakfast & Dairy","Tea & Coffee","Coffee","Peet's Coffee","Peet's Coffee Decaf Dark Roast Coffee House Blend","Peet's Coffee Decaf Dark Roast Coffee House Blend","10.99","0.0","","12 oz","12 oz","3335.jpg",,"8"
"14458","Breakfast & Dairy","Tea & Coffee","Coffee","Peet's Coffee","Peet's Coffee French Roast Dark Roast Coffee K Cup Pods","Peet's Coffee French Roast Dark Roast Coffee K Cup Pods","10.99","0.0","","10 x 0.43 oz","10 x 0.43 oz","3326.jpg",,"8"
"14459","Breakfast & Dairy","Tea & Coffee","Coffee","Peet's Coffee","Peet's Coffee French Roast Dark Roast Ground Coffee","Peet's Coffee French Roast Dark Roast Ground Coffee","15.89","0.0","","20 oz","20 oz","3323.jpg",,"8"
"14460","Breakfast & Dairy","Tea & Coffee","Coffee","Peet's Coffee","Peet's Coffee French Roast Dark Roast Ground Coffee","Peet's Coffee French Roast Dark Roast Ground Coffee","10.99","0.0","","12 oz","12 oz","3327.jpg",,"8"
"14461","Breakfast & Dairy","Tea & Coffee","Coffee","Peet's Coffee","Peet's Coffee French Roast Dark Roast Whole Bean Coffee","Peet's Coffee French Roast Dark Roast Whole Bean Coffee","10.99","0.0","","12 oz","12 oz","3321.jpg",,"8"
"14462","Breakfast & Dairy","Tea & Coffee","Coffee","Peet's Coffee","Peet's Coffee House Blend Dark Roast Coffee KCup Pods","Peet's Coffee House Blend Dark Roast Coffee KCup Pods","10.99","0.0","","10 x 0.47 oz","10 x 0.47 oz","3318.jpg",,"8"
"14463","Breakfast & Dairy","Tea & Coffee","Coffee","Peet's Coffee","Peet's Coffee House Blend Dark Roast Ground Coffee","Peet's Coffee House Blend Dark Roast Ground Coffee","10.99","0.0","","12 oz","12 oz","3325.jpg",,"8"
"14464","Breakfast & Dairy","Tea & Coffee","Coffee","Peet's Coffee","Peet's Coffee House Blend Dark Roast Whole Bean Coffee","Peet's Coffee House Blend Dark Roast Whole Bean Coffee","10.99","0.0","","12 oz","12 oz","3332.jpg",,"8"
"14465","Breakfast & Dairy","Tea & Coffee","Coffee","Peet's Coffee","Peet's Coffee Italian Roast Dark Roast Ground Coffee","Peet's Coffee Italian Roast Dark Roast Ground Coffee","10.99","0.0","","12 oz","12 oz","3328.jpg",,"8"
"14466","Breakfast & Dairy","Tea & Coffee","Coffee","Peet's Coffee","Peet's Coffee K Cup Pods Dark Roast Coffee Major Dickason's Blend","Peet's Coffee K Cup Pods Dark Roast Coffee Major Dickason's Blend","10.99","0.0","","10 count","10 count","3316.jpg",,"8"
"14467","Breakfast & Dairy","Tea & Coffee","Coffee","Peet's Coffee","Peet's Coffee Major Dickason's Blend Dark Roast Ground Coffee","Peet's Coffee Major Dickason's Blend Dark Roast Ground Coffee","8.74","0.0","","12 oz","12 oz","3319.jpg",,"8"
"14468","Breakfast & Dairy","Tea & Coffee","Coffee","Peet's Coffee","Peet's Coffee Medium Roast Coffee Brazil Minas Naturals","Peet's Coffee Medium Roast Coffee Brazil Minas Naturals","10.99","0.0","","12 oz","12 oz","16288.jpg",,"8"
"14469","Breakfast & Dairy","Tea & Coffee","Coffee","Peet's Coffee","Peet's Coffee Sumatra Dark Roast","Peet's Coffee Sumatra Dark Roast","10.99","0.0","","12 oz","12 oz","3333.jpg",,"8"
"14470","Breakfast & Dairy","Tea & Coffee","Coffee","Pilon","Pilon Coffee, Ground, Espresso","Pilon Coffee, Ground, Espresso","4.89","0.0","","10 oz","10 oz","16294.jpg",,"8"
"14471","Breakfast & Dairy","Tea & Coffee","Coffee","Pilon","Pilon Espresso Coffee Decaffeinated Ground Coffee","Pilon Espresso Coffee Decaffeinated Ground Coffee","5.49","0.0","","10 oz","10 oz","16303.jpg",,"8"
"14472","Breakfast & Dairy","Tea & Coffee","Coffee","Royal","Gevalia Kaffe Kaffe Dark Royal Roast Coffee Pods","Gevalia Kaffe Kaffe Dark Royal Roast Coffee Pods","7.39","0.0","","12 count","12 count","16279.jpg",,"8"
"14473","Breakfast & Dairy","Tea & Coffee","Coffee","StarBucks","Starbucks Blonde K Cup Coffee Pods  Veranda Blend for Keurig Brewers","Starbucks Blonde K Cup Coffee Pods  Veranda Blend for Keurig Brewers","9.79","0.0","","10 count","10 count","3311.jpg",,"8"
"14474","Breakfast & Dairy","Tea & Coffee","Coffee","StarBucks","Starbucks Cold Brew Black Unsweetened Coffee","Starbucks Cold Brew Black Unsweetened Coffee","3.69","0.0","","11 fl oz","11 fl oz","3307.jpg",,"17"
"14475","Breakfast & Dairy","Tea & Coffee","Coffee","StarBucks","Starbucks Colombia Single Origin Medium Roast Ground Coffee","Starbucks Colombia Single Origin Medium Roast Ground Coffee","9.79","0.0","","12 oz","12 oz","3314.jpg",,"8"
"14476","Breakfast & Dairy","Tea & Coffee","Coffee","StarBucks","Starbucks Dark K Cup Coffee Pods  French Roast for Keurig Brewers","Starbucks Dark K Cup Coffee Pods  French Roast for Keurig Brewers","9.79","0.0","","10 x 0.42 oz","10 x 0.42 oz","3306.jpg",,"8"
"14477","Breakfast & Dairy","Tea & Coffee","Coffee","StarBucks","Starbucks Dark Roast Ground Coffee  Caff Verona  100% Arabica","Starbucks Dark Roast Ground Coffee  Caff Verona  100% Arabica","9.79","0.0","","12 oz","12 oz","3313.jpg",,"8"
"14478","Breakfast & Dairy","Tea & Coffee","Coffee","StarBucks","Starbucks Dark Roast Ground Coffee  Sumatra  100% Arabica","Starbucks Dark Roast Ground Coffee  Sumatra  100% Arabica","8.59","0.0","","12 oz","12 oz","3303.jpg",,"8"
"14479","Breakfast & Dairy","Tea & Coffee","Coffee","StarBucks","Starbucks Decaf House Blend Medium Roast Ground Coffee","Starbucks Decaf House Blend Medium Roast Ground Coffee","9.79","0.0","","12 oz","12 oz","3315.jpg",,"8"
"14480","Breakfast & Dairy","Tea & Coffee","Coffee","StarBucks","Starbucks Frappuccino Chilled Coffee Drink Mocha Light","Starbucks Frappuccino Chilled Coffee Drink Mocha Light","7.99","0.0","","4 x 9.5 oz","4 x 9.5 oz","3299.jpg",,"8"
"14481","Breakfast & Dairy","Tea & Coffee","Coffee","StarBucks","Starbucks Frappuccino Frappuccino Chilled Coffee Drink Coffee","Starbucks Frappuccino Frappuccino Chilled Coffee Drink Coffee","7.39","0.0","","9.5 fl oz","9.5 fl oz","16268.jpg",,"17"
"14482","Breakfast & Dairy","Tea & Coffee","Coffee","StarBucks","Starbucks Frappuccino Mocha Chilled Coffee Drink","Starbucks Frappuccino Mocha Chilled Coffee Drink","7.39","0.0","","9.5 fl oz","9.5 fl oz","3300.jpg",,"17"
"14483","Breakfast & Dairy","Tea & Coffee","Coffee","StarBucks","Starbucks Frappuccino Vanilla Chilled Coffee Drink","Starbucks Frappuccino Vanilla Chilled Coffee Drink","7.39","0.0","","9.5 fl oz","9.5 fl oz","3296.jpg",,"17"
"14484","Breakfast & Dairy","Tea & Coffee","Coffee","StarBucks","Starbucks French Roast Dark Roast Ground Coffee","Starbucks French Roast Dark Roast Ground Coffee","9.79","0.0","","12 oz","12 oz","3308.jpg",,"8"
"14485","Breakfast & Dairy","Tea & Coffee","Coffee","StarBucks","Starbucks House Blend Medium Roast Ground Coffee","Starbucks House Blend Medium Roast Ground Coffee","9.79","0.0","","12 oz","12 oz","3312.jpg",,"8"
"14486","Breakfast & Dairy","Tea & Coffee","Coffee","StarBucks","Starbucks Iced Coffee Dark Roast","Starbucks Iced Coffee Dark Roast","4.89","0.0","","48 fl oz","48 fl oz","3295.jpg",,"1"
"14487","Breakfast & Dairy","Tea & Coffee","Coffee","StarBucks","Starbucks Iced Coffee Medium Roast Coffee with Milk Sweetened","Starbucks Iced Coffee Medium Roast Coffee with Milk Sweetened","7.39","0.0","","4 x 11 oz","4 x 11 oz","3305.jpg",,"8"
"14488","Breakfast & Dairy","Tea & Coffee","Coffee","StarBucks","Starbucks Iced Coffee Unsweetened Premium Coffee Beverage","Starbucks Iced Coffee Unsweetened Premium Coffee Beverage","5.39","0.0","","48 fl oz","48 fl oz","3294.jpg",,"1"
"14489","Breakfast & Dairy","Tea & Coffee","Coffee","StarBucks","Starbucks Medium K Cup Coffee Pods  Breakfast Blend for Keurig Brewers","Starbucks Medium K Cup Coffee Pods  Breakfast Blend for Keurig Brewers","9.79","0.0","","10 x 0.44 oz","10 x 0.44 oz","3301.jpg",,"8"
"14490","Breakfast & Dairy","Tea & Coffee","Coffee","StarBucks","Starbucks Medium K Cup Coffee Pods  Pike Place Roast for Keurig Brewers","Starbucks Medium K Cup Coffee Pods  Pike Place Roast for Keurig Brewers","9.79","0.0","","10 x 0.44 oz","10 x 0.44 oz","3302.jpg",,"8"
"14491","Breakfast & Dairy","Tea & Coffee","Coffee","StarBucks","Starbucks Medium Roast Ground Coffee  Breakfast Blend  100% Arabica","Starbucks Medium Roast Ground Coffee  Breakfast Blend  100% Arabica","9.79","0.0","","12 oz","12 oz","3310.jpg",,"8"
"14492","Breakfast & Dairy","Tea & Coffee","Coffee","StarBucks","Starbucks Sweet Light Coffee Drink","Starbucks Sweet Light Coffee Drink","4.89","0.0","","48 fl oz","48 fl oz","3297.jpg",,"1"
"14493","Breakfast & Dairy","Tea & Coffee","Coffee","Stok","Stok Cold Brew Iced Coffee Un Sweet Black","Stok Cold Brew Iced Coffee Un Sweet Black","5.39","0.0","","48 fl oz","48 fl oz","16270.jpg",,"1"
"14494","Breakfast & Dairy","Tea & Coffee","Coffee","The Organic Coffee Co.","The Organic Coffee Co. Coffee, Ground, Regular Roast, Breakfast Blend","The Organic Coffee Co. Coffee, Ground, Regular Roast, Breakfast Blend","7.39","0.0","","12 oz","12 oz","16306.jpg",,"8"
"14495","Breakfast & Dairy","Tea & Coffee","Coffee","The Organic Coffee Co.","The Organic Coffee Co. French Roast Ground Coffee","The Organic Coffee Co. French Roast Ground Coffee","7.39","0.0","","12 oz","12 oz","16299.jpg",,"8"
"14496","Breakfast & Dairy","Tea & Coffee","Coffee","Vermont Coffee Company","Vermont Coffee Company Organic Dark Roast","Vermont Coffee Company Organic Dark Roast","12.19","0.0","","16 oz","16 oz","16272.jpg",,"8"
"14497","Breakfast & Dairy","Tea & Coffee","Tea","4C","4C Ice Tea Mix Lemon Flavor","4C Ice Tea Mix Lemon Flavor","6.09","0.0","","50.2 oz","50.2 oz","16331.jpg",,"17"
"14498","Breakfast & Dairy","Tea & Coffee","Tea","Arizona","AriZona Arnold Palmer Half & Half Iced Tea Lemonade","AriZona Arnold Palmer Half & Half Iced Tea Lemonade","4.89","0.0","","12 x 11.5 fl oz","12 x 11.5 fl oz","3459.jpg",,"10"
"14499","Breakfast & Dairy","Tea & Coffee","Tea","Arizona","AriZona Arnold Palmer Lite Half & Half Iced Tea Lemonade","AriZona Arnold Palmer Lite Half & Half Iced Tea Lemonade","3.09","0.0","","1 gal","1 gal","3452.jpg",,"10"
"14500","Breakfast & Dairy","Tea & Coffee","Tea","Arizona","AriZona Arnold Palmer Lite Half & Half Iced Tea Lemonade","AriZona Arnold Palmer Lite Half & Half Iced Tea Lemonade","1.29","0.0","","23 fl oz","23 fl oz","3464.jpg",,"10"
"14501","Breakfast & Dairy","Tea & Coffee","Tea","Arizona","AriZona Arnold Palmer Zero Half & Half Ice Tea Lemonade","AriZona Arnold Palmer Zero Half & Half Ice Tea Lemonade","4.89","0.0","","12 x 11.5 oz","12 x 11.5 oz","3456.jpg",,"8"
"14502","Breakfast & Dairy","Tea & Coffee","Tea","Arizona","AriZona Arnold Palmer Zero Half & Half Iced Tea Lemonade","AriZona Arnold Palmer Zero Half & Half Iced Tea Lemonade","3.09","0.0","","1 gal","1 gal","3454.jpg",,"8"
"14503","Breakfast & Dairy","Tea & Coffee","Tea","Arizona","AriZona Decaf Zero Green Tea Ginseng","AriZona Decaf Zero Green Tea Ginseng","3.49","0.0","","1 gal","1 gal","3460.jpg",,"8"
"14504","Breakfast & Dairy","Tea & Coffee","Tea","Arizona","Arizona Green Iced Tea With Ginseng And Honey","Arizona Green Iced Tea With Ginseng And Honey","1.49","0.0","","42 fl oz","42 fl oz","No Image.jpg",,"10"
"14505","Breakfast & Dairy","Tea & Coffee","Tea","Arizona","AriZona Green Tea with Ginseng and Honey","AriZona Green Tea with Ginseng and Honey","1.49","0.0","","42 fl oz","42 fl oz","3463.jpg",,"8"
"14506","Breakfast & Dairy","Tea & Coffee","Tea","Arizona","AriZona Green Tea, Diet, Blueberry, Jug","AriZona Green Tea, Diet, Blueberry, Jug","3.74","0.0","","1 gal","1 gal","3458.jpg",,"11"
"14507","Breakfast & Dairy","Tea & Coffee","Tea","Arizona","AriZona Iced Tea with Lemon Flavor","AriZona Iced Tea with Lemon Flavor","2.49","0.0","","128 fl oz","128 fl oz","3455.jpg",,"8"
"14508","Breakfast & Dairy","Tea & Coffee","Tea","Arizona","AriZona Iced Tea with Lemon Flavor Beverage","AriZona Iced Tea with Lemon Flavor Beverage","1.29","0.0","","42 fl oz","42 fl oz","3466.jpg",,"8"
"14509","Breakfast & Dairy","Tea & Coffee","Tea","Arizona","AriZona Real Brewed Southern Style Sweet Tea","AriZona Real Brewed Southern Style Sweet Tea","3.29","0.0","","1 gal","1 gal","3457.jpg",,"8"
"14510","Breakfast & Dairy","Tea & Coffee","Tea","Arizona","AriZona Zero Calorie Green Tea","AriZona Zero Calorie Green Tea","3.49","0.0","","1 gal","1 gal","3461.jpg",,"8"
"14511","Breakfast & Dairy","Tea & Coffee","Tea","Barry's","Barry's Tea Gold Blend","Barry's Tea Gold Blend","7.39","0.0","","80 count","80 count","16340.jpg",,"8"
"14512","Breakfast & Dairy","Tea & Coffee","Tea","Bigelow ","Bigelow ""Constant Comment""","Bigelow ""Constant Comment""","2.49","0.0","","1.18 oz","1.18 oz","3408.jpg",,"8"
"14513","Breakfast & Dairy","Tea & Coffee","Tea","Bigelow ","Bigelow ""Constant Comment"" Black Tea","Bigelow ""Constant Comment"" Black Tea","3.09","0.0","","20 count","20 count","3411.jpg",,"8"
"14514","Breakfast & Dairy","Tea & Coffee","Tea","Bigelow ","Bigelow Assorted Variety Pack Tea Bags","Bigelow Assorted Variety Pack Tea Bags","3.09","0.0","","1.1 oz","1.1 oz","3428.jpg",,"8"
"14515","Breakfast & Dairy","Tea & Coffee","Tea","Bigelow ","Bigelow Black Tea Early Grey","Bigelow Black Tea Early Grey","4.89","0.0","","40 count","40 count","3424.jpg",,"8"
"14516","Breakfast & Dairy","Tea & Coffee","Tea","Bigelow ","Bigelow Black Tea Spiced Chai","Bigelow Black Tea Spiced Chai","2.49","0.0","","20 x 1.73 oz","20 x 1.73 oz","3416.jpg",,"8"
"14517","Breakfast & Dairy","Tea & Coffee","Tea","Bigelow ","Bigelow Black Tea, Constant Comment, Bags","Bigelow Black Tea, Constant Comment, Bags","4.89","0.0","","40 count","40 count","3405.jpg",,"8"
"14518","Breakfast & Dairy","Tea & Coffee","Tea","Bigelow ","Bigelow Chamomile Mango Herbal Tea 20 CT","Bigelow Chamomile Mango Herbal Tea 20 CT","4.29","0.0","","0.96 oz","0.96 oz","3421.jpg",,"8"
"14519","Breakfast & Dairy","Tea & Coffee","Tea","Bigelow ","Bigelow Chamomile Mint","Bigelow Chamomile Mint","2.49","0.0","","1.09 oz","1.09 oz","3414.jpg",,"8"
"14520","Breakfast & Dairy","Tea & Coffee","Tea","Bigelow ","Bigelow Classic Green Tea","Bigelow Classic Green Tea","3.09","0.0","","20 x 0.05 oz","20 x 0.05 oz","3412.jpg",,"8"
"14521","Breakfast & Dairy","Tea & Coffee","Tea","Bigelow ","Bigelow Classic Green Tea","Bigelow Classic Green Tea","4.89","0.0","","40 count","40 count","3426.jpg",,"8"
"14522","Breakfast & Dairy","Tea & Coffee","Tea","Bigelow ","Bigelow Constant Comment Black Tea Decaffeinated","Bigelow Constant Comment Black Tea Decaffeinated","2.49","0.0","","20 count","20 count","3404.jpg",,"8"
"14523","Breakfast & Dairy","Tea & Coffee","Tea","Bigelow ","Bigelow Cozy Chamomile Herbal Tea","Bigelow Cozy Chamomile Herbal Tea","3.09","0.0","","20 x 0.04 oz","20 x 0.04 oz","3413.jpg",,"8"
"14524","Breakfast & Dairy","Tea & Coffee","Tea","Bigelow ","Bigelow Decaffeinated Classic Green Tea","Bigelow Decaffeinated Classic Green Tea","2.49","0.0","","20 count","20 count","3433.jpg",,"8"
"14525","Breakfast & Dairy","Tea & Coffee","Tea","Bigelow ","Bigelow Earl Grey Black Tea Blend","Bigelow Earl Grey Black Tea Blend","3.09","0.0","","10 x 1.8 oz","10 x 1.8 oz","3427.jpg",,"8"
"14526","Breakfast & Dairy","Tea & Coffee","Tea","Bigelow ","Bigelow Earl Grey Black Tea Decaffeinated","Bigelow Earl Grey Black Tea Decaffeinated","3.09","0.0","","20 count","20 count","3420.jpg",,"8"
"14527","Breakfast & Dairy","Tea & Coffee","Tea","Bigelow ","Bigelow Earl Grey Green Tea","Bigelow Earl Grey Green Tea","3.09","0.0","","1.05 oz","1.05 oz","3407.jpg",,"8"
"14528","Breakfast & Dairy","Tea & Coffee","Tea","Bigelow ","Bigelow English Teatime Black Tea","Bigelow English Teatime Black Tea","2.49","0.0","","20 count","20 count","3410.jpg",,"8"
"14529","Breakfast & Dairy","Tea & Coffee","Tea","Bigelow ","Bigelow Green Chai","Bigelow Green Chai","3.09","0.0","","1.37 oz","1.37 oz","3429.jpg",,"8"
"14530","Breakfast & Dairy","Tea & Coffee","Tea","Bigelow ","Bigelow Green Tea with Lemon","Bigelow Green Tea with Lemon","2.49","0.0","","20 count","20 count","3422.jpg",,"8"
"14531","Breakfast & Dairy","Tea & Coffee","Tea","Bigelow ","Bigelow Herbal Tea Assorted Teas","Bigelow Herbal Tea Assorted Teas","3.09","0.0","","18 count","18 count","3415.jpg",,"8"
"14532","Breakfast & Dairy","Tea & Coffee","Tea","Bigelow ","Bigelow Herbal Tea Bags Peppermint","Bigelow Herbal Tea Bags Peppermint","3.09","0.0","","20 count","20 count","3418.jpg",,"8"
"14533","Breakfast & Dairy","Tea & Coffee","Tea","Bigelow ","Bigelow Herbal Tea Chamomile Vanilla and Honey Tea Bags","Bigelow Herbal Tea Chamomile Vanilla and Honey Tea Bags","3.09","0.0","","1.18 oz","1.18 oz","3403.jpg",,"8"
"14534","Breakfast & Dairy","Tea & Coffee","Tea","Bigelow ","Bigelow Jasmine","Bigelow Jasmine","3.09","0.0","","0.91 oz","0.91 oz","3409.jpg",,"8"
"14535","Breakfast & Dairy","Tea & Coffee","Tea","Bigelow ","Bigelow Lemon Lift Black Tea Bags","Bigelow Lemon Lift Black Tea Bags","3.09","0.0","","1.37 oz","1.37 oz","3432.jpg",,"8"
"14536","Breakfast & Dairy","Tea & Coffee","Tea","Bigelow ","Bigelow Mint Medley Herbal Tea","Bigelow Mint Medley Herbal Tea","3.09","0.0","","20 count","20 count","3431.jpg",,"8"
"14537","Breakfast & Dairy","Tea & Coffee","Tea","Bigelow ","Bigelow Organic Green Tea","Bigelow Organic Green Tea","4.89","0.0","","1.82 oz","1.82 oz","3406.jpg",,"8"
"14538","Breakfast & Dairy","Tea & Coffee","Tea","Bigelow ","Bigelow Plantation Mint Classic Tea Bags","Bigelow Plantation Mint Classic Tea Bags","3.09","0.0","","20 count","20 count","3423.jpg",,"8"
"14539","Breakfast & Dairy","Tea & Coffee","Tea","Bigelow ","Bigelow Spiced Chai Decaffeinated Black Tea","Bigelow Spiced Chai Decaffeinated Black Tea","2.49","0.0","","20 x 1.73 oz","20 x 1.73 oz","3419.jpg",,"8"
"14540","Breakfast & Dairy","Tea & Coffee","Tea","Bigelow ","Bigelow Vanilla Caramel Black Tea","Bigelow Vanilla Caramel Black Tea","3.69","0.0","","20 x 1.73 oz","20 x 1.73 oz","3430.jpg",,"8"
"14541","Breakfast & Dairy","Tea & Coffee","Tea","Bigelow ","Bigelow Vanilla Chai Black Tea","Bigelow Vanilla Chai Black Tea","3.09","0.0","","20 count","20 count","3425.jpg",,"8"
"14542","Breakfast & Dairy","Tea & Coffee","Tea","Bigelow ","Bigelow With Mint","Bigelow With Mint","2.49","0.0","","20 count","20 count","3417.jpg",,"8"
"14543","Breakfast & Dairy","Tea & Coffee","Tea","Bodyarmor","Bodyarmor Super Drink Orange Mango","Bodyarmor Super Drink Orange Mango","1.89","0.0","","16 fl oz","16 fl oz","16308.jpg",,"10"
"14544","Breakfast & Dairy","Tea & Coffee","Tea","Brisk","Brisk Lemon Flavor Iced Tea","Brisk Lemon Flavor Iced Tea","6.09","0.0","","12 fl oz","12 fl oz","16314.jpg",,"8"
"14545","Breakfast & Dairy","Tea & Coffee","Tea","Cafe Escapes","Cafe Escapes Chai Latte","Cafe Escapes Chai Latte","9.19","0.0","","12 count","12 count","16337.jpg",,"8"
"14546","Breakfast & Dairy","Tea & Coffee","Tea","Celestial Seasonings","Celestial Seasonings Caffeine Free Herbal Tea Bags Sleepytime Peach 20 CT","Celestial Seasonings Caffeine Free Herbal Tea Bags Sleepytime Peach 20 CT","3.09","0.0","","20 count","20 count","3475.jpg",,"8"
"14547","Breakfast & Dairy","Tea & Coffee","Tea","Celestial Seasonings","Celestial Seasonings Cinnamon Apple Spice Tea","Celestial Seasonings Cinnamon Apple Spice Tea","2.49","0.0","","20 count","20 count","3477.jpg",,"8"
"14548","Breakfast & Dairy","Tea & Coffee","Tea","Celestial Seasonings","Celestial Seasonings Decaf Green Tea with White Tea","Celestial Seasonings Decaf Green Tea with White Tea","1.89","0.0","","20 count","20 count","3473.jpg",,"8"
"14549","Breakfast & Dairy","Tea & Coffee","Tea","Celestial Seasonings","Celestial Seasonings Fruit Tea Sampler Herbal Tea","Celestial Seasonings Fruit Tea Sampler Herbal Tea","3.09","0.0","","18 x 1.4 oz","18 x 1.4 oz","3471.jpg",,"8"
"14550","Breakfast & Dairy","Tea & Coffee","Tea","Celestial Seasonings","Celestial Seasonings Herbal Tea Chamomile Caffeine Free","Celestial Seasonings Herbal Tea Chamomile Caffeine Free","2.49","0.0","","20 count","20 count","3478.jpg",,"8"
"14551","Breakfast & Dairy","Tea & Coffee","Tea","Celestial Seasonings","Celestial Seasonings Honey Vanilla Chamomile Herbal Tea","Celestial Seasonings Honey Vanilla Chamomile Herbal Tea","2.49","0.0","","20 count","20 count","3468.jpg",,"8"
"14552","Breakfast & Dairy","Tea & Coffee","Tea","Celestial Seasonings","Celestial Seasonings Lemon Zinger Caffeine Free Herbal Tea","Celestial Seasonings Lemon Zinger Caffeine Free Herbal Tea","2.49","0.0","","20 count","20 count","3479.jpg",,"8"
"14553","Breakfast & Dairy","Tea & Coffee","Tea","Celestial Seasonings","Celestial Seasonings Peppermint Herbal Tea, Caffeine Free","Celestial Seasonings Peppermint Herbal Tea, Caffeine Free","3.09","0.0","","20 count","20 count","3480.jpg",,"8"
"14554","Breakfast & Dairy","Tea & Coffee","Tea","Celestial Seasonings","Celestial Seasonings Raspberry Zinger Caffeine Free Herbal Tea","Celestial Seasonings Raspberry Zinger Caffeine Free Herbal Tea","2.49","0.0","","20 count","20 count","3469.jpg",,"8"
"14555","Breakfast & Dairy","Tea & Coffee","Tea","Celestial Seasonings","Celestial Seasonings Sleepytime Vanilla Caffeine Free Herbal Tea","Celestial Seasonings Sleepytime Vanilla Caffeine Free Herbal Tea","3.09","0.0","","20 count","20 count","3481.jpg",,"8"
"14556","Breakfast & Dairy","Tea & Coffee","Tea","Celestial Seasonings","Celestial Seasonings Tea Bags Jammin' Lemon Ginger","Celestial Seasonings Tea Bags Jammin' Lemon Ginger","3.09","0.0","","20 count","20 count","3472.jpg",,"8"
"14557","Breakfast & Dairy","Tea & Coffee","Tea","Celestial Seasonings","Celestial Seasonings Tea Bags Sleepytime","Celestial Seasonings Tea Bags Sleepytime","2.49","0.0","","20 x 1.1 oz","20 x 1.1 oz","3474.jpg",,"8"
"14558","Breakfast & Dairy","Tea & Coffee","Tea","Celestial Seasonings","Celestial Seasonings Tea Bags Sleepytime Extra","Celestial Seasonings Tea Bags Sleepytime Extra","3.69","0.0","","20 count","20 count","3470.jpg",,"8"
"14559","Breakfast & Dairy","Tea & Coffee","Tea","Celestial Seasonings","Celestial Seasonings Tension Tamer, Caffeine Free Herbal Tea","Celestial Seasonings Tension Tamer, Caffeine Free Herbal Tea","3.09","0.0","","20 count","20 count","3476.jpg",,"8"
"14560","Breakfast & Dairy","Tea & Coffee","Tea","Dafruta","Dafruta Passion Fruit Tetra","Dafruta Passion Fruit Tetra","2.49","0.0","","33.8 oz","33.8 oz","No Image.jpg",,"8"
"14561","Breakfast & Dairy","Tea & Coffee","Tea","Gold Peak","Gold Peak Diet Iced Tea Drink","Gold Peak Diet Iced Tea Drink","7.39","0.0","","101.4 fl oz","101.4 fl oz","16325.jpg",,"8"
"14562","Breakfast & Dairy","Tea & Coffee","Tea","Gold Peak","Gold Peak Lemon Sweetened Iced Tea Drink","Gold Peak Lemon Sweetened Iced Tea Drink","2.49","0.0","","64 oz","64 oz","16336.jpg",,"8"
"14563","Breakfast & Dairy","Tea & Coffee","Tea","Honest Tea","Honest Tea Organic Fair Trade Honey Green Gluten Free","Honest Tea Organic Fair Trade Honey Green Gluten Free","4.39","0.0","","59 fl oz","59 fl oz","18042.jpg",,"8"
"14564","Breakfast & Dairy","Tea & Coffee","Tea","Honest Tea","Honest Tea Organic Fair Trade Variety Pack Gluten Free","Honest Tea Organic Fair Trade Variety Pack Gluten Free","13.49","0.0","","12 x 16.9 oz","12 x 16.9 oz","16335.jpg",,"8"
"14565","Breakfast & Dairy","Tea & Coffee","Tea","Honest Tea","Honest Tea Tea Organic Fair Trade Half Tea & Half Lemonade Gluten Free","Honest Tea Tea Organic Fair Trade Half Tea & Half Lemonade Gluten Free","1.29","0.0","","16.9 fl oz","16.9 fl oz","16330.jpg",,"8"
"14566","Breakfast & Dairy","Tea & Coffee","Tea","Honest Tea","Honest Tea Tea Organic Fair Trade Honey Green Gluten Free","Honest Tea Tea Organic Fair Trade Honey Green Gluten Free","1.59","0.0","","16.9 fl oz","16.9 fl oz","16327.jpg",,"8"
"14567","Breakfast & Dairy","Tea & Coffee","Tea","Honest Tea","Honest Tea Tea Organic Fair Trade Peach Tea Gluten Free","Honest Tea Tea Organic Fair Trade Peach Tea Gluten Free","1.29","0.0","","16.9 fl oz","16.9 fl oz","16319.jpg",,"10"
"14568","Breakfast & Dairy","Tea & Coffee","Tea","Lipton","Lipton Green Tea Bags Decaffeinated","Lipton Green Tea Bags Decaffeinated","4.29","0.0","","40 count","40 count","3491.jpg",,"8"
"14569","Breakfast & Dairy","Tea & Coffee","Tea","Lipton","Lipton Green Tea Bags Purple Acai Blueberry","Lipton Green Tea Bags Purple Acai Blueberry","1.89","0.0","","20 count","20 count","3485.jpg",,"8"
"14570","Breakfast & Dairy","Tea & Coffee","Tea","Lipton","Lipton Iced Tea Peach","Lipton Iced Tea Peach","4.09","0.0","","1 gal","1 gal","3482.jpg",,"8"
"14571","Breakfast & Dairy","Tea & Coffee","Tea","Lipton","Lipton Lemon Iced Tea","Lipton Lemon Iced Tea","6.09","0.0","","12 x 16.9 fl oz","12 x 16.9 fl oz","3484.jpg",,"8"
"14572","Breakfast & Dairy","Tea & Coffee","Tea","Lipton","Lipton Peach Mango","Lipton Peach Mango","2.99","0.0","","18 count","18 count","3489.jpg",,"8"
"14573","Breakfast & Dairy","Tea & Coffee","Tea","Lipton","Lipton Tea Bags Black Tea","Lipton Tea Bags Black Tea","3.69","0.0","","50 count","50 count","3487.jpg",,"8"
"14574","Breakfast & Dairy","Tea & Coffee","Tea","Lipton","Lipton Tea Bags Black Tea","Lipton Tea Bags Black Tea","5.49","0.0","","100 count","100 count","3488.jpg",,"8"
"14575","Breakfast & Dairy","Tea & Coffee","Tea","Lipton","Lipton Tea Bags Black Tea","Lipton Tea Bags Black Tea","2.49","0.0","","20 count","20 count","3490.jpg",,"8"
"14576","Breakfast & Dairy","Tea & Coffee","Tea","Lipton","Lipton Tea Bags Green Tea","Lipton Tea Bags Green Tea","3.69","0.0","","40 count","40 count","3486.jpg",,"8"
"14577","Breakfast & Dairy","Tea & Coffee","Tea","Market Basket","Market Basket Iced Tea Mix","Market Basket Iced Tea Mix","6.09","0.0","","20 count","20 count","Market Basket.jpg",,"8"
"14578","Breakfast & Dairy","Tea & Coffee","Tea","Oregon Cafe","Oregon Cafe Original Chai Tea Latte","Oregon Cafe Original Chai Tea Latte","4.89","0.0","","32 fl oz","32 fl oz","16339.jpg",,"8"
"14579","Breakfast & Dairy","Tea & Coffee","Tea","PG Tips","PG Tips Pyramid Bags Premium Black Tea","PG Tips Pyramid Bags Premium Black Tea","12.59","0.0","","80 count","80 count","16313.jpg",,"8"
"14580","Breakfast & Dairy","Tea & Coffee","Tea","POM","POM Super Tea Pomegranate Peach Passion White Tea","POM Super Tea Pomegranate Peach Passion White Tea","1.89","0.0","","12 oz","12 oz","16322.jpg",,"8"
"14581","Breakfast & Dairy","Tea & Coffee","Tea","Pure Leaf","Pure Leaf Honey Green Tea","Pure Leaf Honey Green Tea","1.29","0.0","","18.5 fl oz","18.5 fl oz","3529.jpg",,"8"
"14582","Breakfast & Dairy","Tea & Coffee","Tea","Pure Leaf","Pure Leaf Raspberry Iced Tea","Pure Leaf Raspberry Iced Tea","6.09","0.0","","6 x 18.5 fl oz","6 x 18.5 fl oz","3527.jpg",,"10"
"14583","Breakfast & Dairy","Tea & Coffee","Tea","Pure Leaf","Pure Leaf Sweet Tea","Pure Leaf Sweet Tea","2.79","0.0","","64 fl oz","64 fl oz","3525.jpg",,"10"
"14584","Breakfast & Dairy","Tea & Coffee","Tea","Pure Leaf","Pure Leaf Tea With Lemon","Pure Leaf Tea With Lemon","2.79","0.0","","64 fl oz","64 fl oz","3524.jpg",,"10"
"14585","Breakfast & Dairy","Tea & Coffee","Tea","Pure Leaf","Pure Leaf Tea With Lemon","Pure Leaf Tea With Lemon","1.29","0.0","","18.5 fl oz","18.5 fl oz","3530.jpg",,"8"
"14586","Breakfast & Dairy","Tea & Coffee","Tea","Pure Leaf","Pure Leaf Unsweetened Tea With Lemon","Pure Leaf Unsweetened Tea With Lemon","2.49","0.0","","64 fl oz","64 fl oz","3523.jpg",,"8"
"14587","Breakfast & Dairy","Tea & Coffee","Tea","Pure Leaf","Pure Leaf Unsweetned Real Brewed Tea","Pure Leaf Unsweetned Real Brewed Tea","7.39","0.0","","6 x 18.5 fl oz","6 x 18.5 fl oz","3528.jpg",,"8"
"14588","Breakfast & Dairy","Tea & Coffee","Tea","Pure Leaf","Pure Leaf Unsweetned Tea","Pure Leaf Unsweetned Tea","2.49","0.0","","59 fl oz","59 fl oz","3526.jpg",,"8"
"14589","Breakfast & Dairy","Tea & Coffee","Tea","Red Rose","Red Rose Decaffeinated Black Tea","Red Rose Decaffeinated Black Tea","3.09","0.0","","48 x 3.25 oz","48 x 3.25 oz","3535.jpg",,"8"
"14590","Breakfast & Dairy","Tea & Coffee","Tea","Red Rose","Red Rose Original Black Tea","Red Rose Original Black Tea","4.09","0.0","","100 x 8 oz","100 x 8 oz","3534.jpg",,"8"
"14591","Breakfast & Dairy","Tea & Coffee","Tea","Red Rose","Red Rose Original Full Flavored Black Tea Bags","Red Rose Original Full Flavored Black Tea Bags","3.09","0.0","","40 count","40 count","3532.jpg",,"8"
"14592","Breakfast & Dairy","Tea & Coffee","Tea","Red Rose","Red Rose Specially Blended Earl Grey Black Tea Bags","Red Rose Specially Blended Earl Grey Black Tea Bags","3.69","0.0","","3.88 oz","3.88 oz","3531.jpg",,"8"
"14593","Breakfast & Dairy","Tea & Coffee","Tea","Red Rose","Red Rose Specially Blended Irish Breakfast Black Tea Bags","Red Rose Specially Blended Irish Breakfast Black Tea Bags","3.69","0.0","","3.88 oz","3.88 oz","3533.jpg",,"8"
"14594","Breakfast & Dairy","Tea & Coffee","Tea","Salada","Salada Black Tea Original Blend Tea Bags","Salada Black Tea Original Blend Tea Bags","3.09","0.0","","100 count","100 count","16318.jpg",,"8"
"14595","Breakfast & Dairy","Tea & Coffee","Tea","Salada","Salada Decaffeinated Green Tea","Salada Decaffeinated Green Tea","3.69","0.0","","40 count","40 count","16328.jpg",,"8"
"14596","Breakfast & Dairy","Tea & Coffee","Tea","Salada","Salada Lively Lemon Green Salada Lively Lemon Green Tea Bags","Salada Lively Lemon Green Salada Lively Lemon Green Tea Bags","3.69","0.0","","2.61 oz","2.61 oz","16311.jpg",,"8"
"14597","Breakfast & Dairy","Tea & Coffee","Tea","Snapple","Diet Snapple Diet Peach Tea","Diet Snapple Diet Peach Tea","6.09","0.0","","6 x 1 fl oz","6 x 1 fl oz","16323.jpg",,"10"
"14598","Breakfast & Dairy","Tea & Coffee","Tea","Snapple","Diet Snapple Lemon Tea","Diet Snapple Lemon Tea","1.89","0.0","","32 fl oz","32 fl oz","16329.jpg",,"10"
"14599","Breakfast & Dairy","Tea & Coffee","Tea","Snapple","Diet Snapple Peach Tea","Diet Snapple Peach Tea","1.89","0.0","","32 fl oz","32 fl oz","16333.jpg",,"10"
"14600","Breakfast & Dairy","Tea & Coffee","Tea","Snapple","Snapple Green & Black Tea, Lemon Tea","Snapple Green & Black Tea, Lemon Tea","1.59","0.0","","16 fl oz","16 fl oz","3522.jpg",,"8"
"14601","Breakfast & Dairy","Tea & Coffee","Tea","Snapple","Snapple Green & Black Tea, Lemon Tea, Diet","Snapple Green & Black Tea, Lemon Tea, Diet","1.59","0.0","","16 fl oz","16 fl oz","3515.jpg",,"8"
"14602","Breakfast & Dairy","Tea & Coffee","Tea","Snapple","Snapple Tea, Diet, Lemon, FAMILY PACK","Snapple Tea, Diet, Lemon, FAMILY PACK","12.19","0.0","","12 x 16 fl oz","12 x 16 fl oz","3516.jpg",,"10"
"14603","Breakfast & Dairy","Tea & Coffee","Tea","Snapple","Snapple Tea, Lemon","Snapple Tea, Lemon","1.89","0.0","","64 fl oz","64 fl oz","3514.jpg",,"10"
"14604","Breakfast & Dairy","Tea & Coffee","Tea","Snapple","Snapple Tea, Peach, Diet","Snapple Tea, Peach, Diet","1.29","0.0","","64 fl oz","64 fl oz","3517.jpg",,"8"
"14605","Breakfast & Dairy","Tea & Coffee","Tea","Snapple","Snapple Tea, Peach, Diet","Snapple Tea, Peach, Diet","8.59","0.0","","12 x 16 oz","12 x 16 oz","3520.jpg",,"8"
"14606","Breakfast & Dairy","Tea & Coffee","Tea","Snapple","Snapple Tea, Peach, FAMILY PACK","Snapple Tea, Peach, FAMILY PACK","8.59","0.0","","12 x 16 oz","12 x 16 oz","3519.jpg",,"10"
"14607","Breakfast & Dairy","Tea & Coffee","Tea","Snapple","Snapple Tea, Raspberry, Diet","Snapple Tea, Raspberry, Diet","9.79","0.0","","12 x 16 oz","12 x 16 oz","3518.jpg",,"10"
"14608","Breakfast & Dairy","Tea & Coffee","Tea","Snapple","Snapple Tea, Raspberry, Diet","Snapple Tea, Raspberry, Diet","1.29","0.0","","16 fl oz","16 fl oz","3521.jpg",,"10"
"14609","Breakfast & Dairy","Tea & Coffee","Tea","Stash Tea","Stash Tea Black Tea Chai Spice","Stash Tea Black Tea Chai Spice","3.69","0.0","","20 count","20 count","16320.jpg",,"8"
"14610","Breakfast & Dairy","Tea & Coffee","Tea","Stash Tea","Stash Tea Black Tea Decaf Chai Spice","Stash Tea Black Tea Decaf Chai Spice","3.69","0.0","","18 x 1.1 oz","18 x 1.1 oz","16334.jpg",,"8"
"14611","Breakfast & Dairy","Tea & Coffee","Tea","Stash Tea","Stash Tea Herbal Tea Chamomile","Stash Tea Herbal Tea Chamomile","3.69","0.0","","20 count","20 count","16310.jpg",,"8"
"14612","Breakfast & Dairy","Tea & Coffee","Tea","Stash Tea","Stash Tea Herbal Tea Lemon Ginger","Stash Tea Herbal Tea Lemon Ginger","3.09","0.0","","20 count","20 count","16321.jpg",,"8"
"14613","Breakfast & Dairy","Tea & Coffee","Tea","Sun","AriZona Iced Tea, Sun Brewed, with Lemon","AriZona Iced Tea, Sun Brewed, with Lemon","1.29","0.0","","23 fl oz","23 fl oz","3465.jpg",,"8"
"14614","Breakfast & Dairy","Tea & Coffee","Tea","Sun","AriZona Sun Brewed Style Iced Tea with Lemon Flavor","AriZona Sun Brewed Style Iced Tea with Lemon Flavor","3.59","0.0","","1 gal","1 gal","3453.jpg",,"10"
"14615","Breakfast & Dairy","Tea & Coffee","Tea","Sun","AriZona Sun Brewed Style Iced Tea with Lemon Flavor, Cans","AriZona Sun Brewed Style Iced Tea with Lemon Flavor, Cans","4.09","0.0","","12 x 11.5 fl oz","12 x 11.5 fl oz","3462.jpg",,"10"
"14616","Breakfast & Dairy","Tea & Coffee","Tea","Tetley","Tetley British Blend ags","Tetley British Blend ags","3.69","0.0","","80 count","80 count","16317.jpg",,"8"
"14617","Breakfast & Dairy","Tea & Coffee","Tea","Tetley","Tetley Classic Black Tea","Tetley Classic Black Tea","3.69","0.0","","100 count","100 count","16338.jpg",,"8"
"14618","Breakfast & Dairy","Tea & Coffee","Tea","Tetley","Tetley Decaffeinated Classic Black Tea","Tetley Decaffeinated Classic Black Tea","3.69","0.0","","72 count","72 count","16316.jpg",,"8"
"14619","Breakfast & Dairy","Tea & Coffee","Tea","Tetley","Tetley Natural Green Tea","Tetley Natural Green Tea","3.69","0.0","","72 x 5.08 oz","72 x 5.08 oz","16315.jpg",,"8"
"14620","Breakfast & Dairy","Tea & Coffee","Tea","Traditional Medicinals","Traditional Medicinals Digestive Teas Organic Ginger Aid Herbal Supplement Wrapped Tea Bags","Traditional Medicinals Digestive Teas Organic Ginger Aid Herbal Supplement Wrapped Tea Bags","4.89","0.0","","16 count","16 count","3493.jpg",,"8"
"14621","Breakfast & Dairy","Tea & Coffee","Tea","Traditional Medicinals","Traditional Medicinals EveryDay Detox Herbal Supplement Tea Bags","Traditional Medicinals EveryDay Detox Herbal Supplement Tea Bags","4.29","0.0","","16 count","16 count","3502.jpg",,"8"
"14622","Breakfast & Dairy","Tea & Coffee","Tea","Traditional Medicinals","Traditional Medicinals Laxative Teas Organic Smooth Move Chamomile Tea Bags","Traditional Medicinals Laxative Teas Organic Smooth Move Chamomile Tea Bags","4.89","0.0","","16 count","16 count","3501.jpg",,"8"
"14623","Breakfast & Dairy","Tea & Coffee","Tea","Traditional Medicinals","Traditional Medicinals Organic Easy Now Caffeine Free Herbal Tea","Traditional Medicinals Organic Easy Now Caffeine Free Herbal Tea","4.89","0.0","","16 count","16 count","3503.jpg",,"8"
"14624","Breakfast & Dairy","Tea & Coffee","Tea","Traditional Medicinals","Traditional Medicinals Organic EveryDay Detox Herbal Tea Lemon Tea Bags","Traditional Medicinals Organic EveryDay Detox Herbal Tea Lemon Tea Bags","4.89","0.0","","16 count","16 count","3500.jpg",,"8"
"14625","Breakfast & Dairy","Tea & Coffee","Tea","Traditional Medicinals","Traditional Medicinals Organic Ginger Caffeine Free Herbal Tea","Traditional Medicinals Organic Ginger Caffeine Free Herbal Tea","4.89","0.0","","16 count","16 count","3495.jpg",,"8"
"14626","Breakfast & Dairy","Tea & Coffee","Tea","Traditional Medicinals","Traditional Medicinals Organic Green Tea Bags Peppermint","Traditional Medicinals Organic Green Tea Bags Peppermint","4.89","0.0","","16 x 0.85 oz","16 x 0.85 oz","3499.jpg",,"8"
"14627","Breakfast & Dairy","Tea & Coffee","Tea","Traditional Medicinals","Traditional Medicinals Organic Peppermint Caffeine Free Herbal Teas","Traditional Medicinals Organic Peppermint Caffeine Free Herbal Teas","4.29","0.0","","16 count","16 count","3494.jpg",,"8"
"14628","Breakfast & Dairy","Tea & Coffee","Tea","Traditional Medicinals","Traditional Medicinals Seasonal Teas Gypsy Cold Care Tea Bags","Traditional Medicinals Seasonal Teas Gypsy Cold Care Tea Bags","4.89","0.0","","16 count","16 count","3498.jpg",,"8"
"14629","Breakfast & Dairy","Tea & Coffee","Tea","Traditional Medicinals","Traditional Medicinals Seasonal Teas Organic Echinacea Plus, Caffeine Free Herbal Tea","Traditional Medicinals Seasonal Teas Organic Echinacea Plus, Caffeine Free Herbal Tea","4.89","0.0","","16 count","16 count","3496.jpg",,"8"
"14630","Breakfast & Dairy","Tea & Coffee","Tea","Traditional Medicinals","Traditional Medicinals Seasonal Teas Organic Throat Coat Lemon Echinacea Tea Bags","Traditional Medicinals Seasonal Teas Organic Throat Coat Lemon Echinacea Tea Bags","4.89","0.0","","16 count","16 count","3497.jpg",,"8"
"14631","Breakfast & Dairy","Tea & Coffee","Tea","Twinings","Twinings Green Tea, K Cup Pods","Twinings Green Tea, K Cup Pods","8.59","0.0","","12 x 0.1 fl oz","12 x 0.1 fl oz","16309.jpg",,"8"
"14632","Breakfast & Dairy","Tea & Coffee","Tea","Twinings","Twinings of London 100% Pure Black Tea Ceylon Orange Pekoe","Twinings of London 100% Pure Black Tea Ceylon Orange Pekoe","3.69","0.0","","20 count","20 count","3439.jpg",,"8"
"14633","Breakfast & Dairy","Tea & Coffee","Tea","Twinings","Twinings of London 100% Pure Black Tea K Cup Pods English Breakfast","Twinings of London 100% Pure Black Tea K Cup Pods English Breakfast","8.59","0.0","","12 count","12 count","3447.jpg",,"8"
"14634","Breakfast & Dairy","Tea & Coffee","Tea","Twinings","Twinings of London Black Tea Earl Grey","Twinings of London Black Tea Earl Grey","3.69","0.0","","20 count","20 count","3443.jpg",,"8"
"14635","Breakfast & Dairy","Tea & Coffee","Tea","Twinings","Twinings of London Black Tea Lady Grey","Twinings of London Black Tea Lady Grey","3.69","0.0","","20 count","20 count","3434.jpg",,"8"
"14636","Breakfast & Dairy","Tea & Coffee","Tea","Twinings","Twinings of London Black Tea Variety Pack","Twinings of London Black Tea Variety Pack","3.69","0.0","","20 count","20 count","3435.jpg",,"8"
"14637","Breakfast & Dairy","Tea & Coffee","Tea","Twinings","Twinings of London Decaffeinated English Breakfast Tea Bags","Twinings of London Decaffeinated English Breakfast Tea Bags","3.69","0.0","","20 count","20 count","3441.jpg",,"8"
"14638","Breakfast & Dairy","Tea & Coffee","Tea","Twinings","Twinings of London Decaffeinated Green Tea Bags","Twinings of London Decaffeinated Green Tea Bags","3.69","0.0","","20 count","20 count","3450.jpg",,"8"
"14639","Breakfast & Dairy","Tea & Coffee","Tea","Twinings","Twinings of London Decaffeinated Irish Breakfast Tea Bags","Twinings of London Decaffeinated Irish Breakfast Tea Bags","3.69","0.0","","20 count","20 count","3442.jpg",,"8"
"14640","Breakfast & Dairy","Tea & Coffee","Tea","Twinings","Twinings of London Earl Grey Black","Twinings of London Earl Grey Black","7.39","0.0","","50 count","50 count","3451.jpg",,"8"
"14641","Breakfast & Dairy","Tea & Coffee","Tea","Twinings","Twinings of London Earl Grey Black Decaffeinated Tea Bags","Twinings of London Earl Grey Black Decaffeinated Tea Bags","3.69","0.0","","20 count","20 count","3448.jpg",,"8"
"14642","Breakfast & Dairy","Tea & Coffee","Tea","Twinings","Twinings of London English Breakfast Tea Bags","Twinings of London English Breakfast Tea Bags","3.69","0.0","","20 count","20 count","3438.jpg",,"8"
"14643","Breakfast & Dairy","Tea & Coffee","Tea","Twinings","Twinings of London English Breakfast, 100% Pure Black Tea","Twinings of London English Breakfast, 100% Pure Black Tea","7.39","0.0","","50 count","50 count","3436.jpg",,"8"
"14644","Breakfast & Dairy","Tea & Coffee","Tea","Twinings","Twinings of London Green Tea Bags","Twinings of London Green Tea Bags","3.69","0.0","","20 count","20 count","3449.jpg",,"8"
"14645","Breakfast & Dairy","Tea & Coffee","Tea","Twinings","Twinings of London Herbal Tea Camomile, Honey & Vanilla","Twinings of London Herbal Tea Camomile, Honey & Vanilla","3.69","0.0","","20 count","20 count","3446.jpg",,"8"
"14646","Breakfast & Dairy","Tea & Coffee","Tea","Twinings","Twinings of London Herbal Tea Pure Rooibos Red","Twinings of London Herbal Tea Pure Rooibos Red","3.69","0.0","","20 count","20 count","3444.jpg",,"8"
"14647","Breakfast & Dairy","Tea & Coffee","Tea","Twinings","Twinings of London Loose Tea Earl Grey Tea","Twinings of London Loose Tea Earl Grey Tea","6.09","0.0","","3.53 oz","3.53 oz","3440.jpg",,"8"
"14648","Breakfast & Dairy","Tea & Coffee","Tea","Twinings","Twinings of London Loose Tea English Breakfast Tea","Twinings of London Loose Tea English Breakfast Tea","6.09","0.0","","3.53 oz","3.53 oz","3437.jpg",,"8"
"14649","Breakfast & Dairy","Tea & Coffee","Tea","Twinings","Twinings of London Pure Camomile Herbal Tea Tea Bags","Twinings of London Pure Camomile Herbal Tea Tea Bags","3.09","0.0","","20 count","20 count","3445.jpg",,"8"
"14650","Breakfast & Dairy","Tea & Coffee","Tea","Yogi","Yogi DeTox Caffeine Free Herbal Tea","Yogi DeTox Caffeine Free Herbal Tea","4.89","0.0","","16 count","16 count","3506.jpg",,"8"
"14651","Breakfast & Dairy","Tea & Coffee","Tea","Yogi","Yogi Green Tea Blueberry Slim Life, Bags","Yogi Green Tea Blueberry Slim Life, Bags","4.89","0.0","","1.12 oz","1.12 oz","3511.jpg",,"8"
"14652","Breakfast & Dairy","Tea & Coffee","Tea","Yogi","Yogi Green Tea Kombucha","Yogi Green Tea Kombucha","4.89","0.0","","16 x 1.12 oz","16 x 1.12 oz","No Image.jpg",,"8"
"14653","Breakfast & Dairy","Tea & Coffee","Tea","Yogi","Yogi Green Tea Kombucha Bags, Box","Yogi Green Tea Kombucha Bags, Box","4.89","0.0","","16 count","16 count","3513.jpg",,"8"
"14654","Breakfast & Dairy","Tea & Coffee","Tea","Yogi","Yogi Green Tea Super Antioxidant Bags, Box","Yogi Green Tea Super Antioxidant Bags, Box","4.89","0.0","","16 count","16 count","3510.jpg",,"8"
"14655","Breakfast & Dairy","Tea & Coffee","Tea","Yogi","Yogi Kava Stress Relief Herbal Tea, Caffeine Free","Yogi Kava Stress Relief Herbal Tea, Caffeine Free","4.89","0.0","","16 count","16 count","3512.jpg",,"8"
"14656","Breakfast & Dairy","Tea & Coffee","Tea","Yogi","Yogi Lemon Ginger Tea","Yogi Lemon Ginger Tea","4.29","0.0","","16 count","16 count","3507.jpg",,"8"
"14657","Breakfast & Dairy","Tea & Coffee","Tea","Yogi","Yogi Organic Ginger Herbal Tea, Caffeine Free","Yogi Organic Ginger Herbal Tea, Caffeine Free","4.89","0.0","","16 x 1.12 oz","16 x 1.12 oz","3504.jpg",,"8"
"14658","Breakfast & Dairy","Tea & Coffee","Tea","Yogi","Yogi Tea Bedtime Organic Caffeine Free Bags, Box","Yogi Tea Bedtime Organic Caffeine Free Bags, Box","4.89","0.0","","16 count","16 count","3508.jpg",,"8"
"14659","Breakfast & Dairy","Tea & Coffee","Tea","Yogi","Yogi Tea Bedtime Soothing Caramel Caffeine Free, Box","Yogi Tea Bedtime Soothing Caramel Caffeine Free, Box","4.89","0.0","","16 count","16 count","3509.jpg",,"8"
"14660","Breakfast & Dairy","Tea & Coffee","Tea","Yogi","Yogi Tea Stress Relief Honey Lavender Caffeine Free, Box","Yogi Tea Stress Relief Honey Lavender Caffeine Free, Box","4.89","0.0","","16 count","16 count","3505.jpg",,"8"
"14661","Personal Care","Body Wash, Soap & Hair Care","Body Lotion","Aveeno","Aveeno Daily Moisturizing Lotion","Aveeno Daily Moisturizing Lotion","15.17","1.0","","18 fl oz","18 fl oz","17709.jpg",,"13"
"14662","Personal Care","Body Wash, Soap & Hair Care","Body Lotion","Aveeno","Aveeno Skin Relief 24 Hour Moisturizing Lotion","Aveeno Skin Relief 24 Hour Moisturizing Lotion","12.64","1.0","","12 fl oz","12 fl oz","17761.jpg",,"13"
"14663","Personal Care","Body Wash, Soap & Hair Care","Body Lotion","Boorage","Borage Therapy Dry Skin Lotion Original Unscented","Borage Therapy Dry Skin Lotion Original Unscented","14.71","1.0","","8 fl oz","8 fl oz","17747.jpg",,"13"
"14664","Personal Care","Body Wash, Soap & Hair Care","Body Lotion","Eucerin","Eucerin Intensive Repair Alpha Hydroxy & Natural Moisturizing Factor Enriched Rich Feel Fragrance Free Lotion","Eucerin Intensive Repair Alpha Hydroxy & Natural Moisturizing Factor Enriched Rich Feel Fragrance Free Lotion","15.51","1.0","","16.9 fl oz","16.9 fl oz","6368.jpg",,"13"
"14665","Personal Care","Body Wash, Soap & Hair Care","Body Lotion","Eucerin","Eucerin Original Healing Lotion","Eucerin Original Healing Lotion","10.57","1.0","","8.4 fl oz","8.4 fl oz","6370.jpg",,"13"
"14666","Personal Care","Body Wash, Soap & Hair Care","Body Lotion","Eucerin","Eucerin Soothing Repair Lotion Original Healing","Eucerin Soothing Repair Lotion Original Healing","15.51","1.0","","16.9 fl oz","16.9 fl oz","6371.jpg",,"13"
"14667","Personal Care","Body Wash, Soap & Hair Care","Body Lotion","Gold Bond","Gold Bond Softening Lotion Shea Butter + Coconut Oil & Cocoa Butter","Gold Bond Softening Lotion Shea Butter + Coconut Oil & Cocoa Butter","14.02","1.0","","14 oz","14 oz","17726.jpg",,"13"
"14668","Personal Care","Body Wash, Soap & Hair Care","Body Lotion","Gold Bond","Gold Bond Ultimate Hydrating Lotion Radiance Renewal Cream Oil","Gold Bond Ultimate Hydrating Lotion Radiance Renewal Cream Oil","12.64","1.0","","14 oz","14 oz","17717.jpg",,"13"
"14669","Personal Care","Body Wash, Soap & Hair Care","Body Lotion","Gold Bond","Gold Bond Ultimate Skin Therapy Lotion Healing Aloe","Gold Bond Ultimate Skin Therapy Lotion Healing Aloe","14.02","1.0","","14 oz","14 oz","17760.jpg",,"13"
"14670","Personal Care","Body Wash, Soap & Hair Care","Body Lotion","Lubriderm","Lubriderm Advanced Therapy Lotion","Lubriderm Advanced Therapy Lotion","4.93","1.0","","6 fl oz","6 fl oz","17735.jpg",,"13"
"14671","Personal Care","Body Wash, Soap & Hair Care","Body Lotion","Nivea","Nivea Hydrating In-Shower Body Lotion","Nivea Hydrating In-Shower Body Lotion","10.57","1.0","","13.5 fl oz","13.5 fl oz","17764.jpg",,"13"
"14672","Personal Care","Body Wash, Soap & Hair Care","Body Lotion","Olay","Olay Quench Ultra Moisture Shea Butter Body Lotion","Olay Quench Ultra Moisture Shea Butter Body Lotion","7.0","1.0","","8.4 fl oz","8.4 fl oz","6376.jpg",,"13"
"14673","Personal Care","Body Wash, Soap & Hair Care","Body Lotion","Suave","Suave Body Lotion Advanced Therapy","Suave Body Lotion Advanced Therapy","3.55","1.0","","10 oz","10 oz","17711.jpg",,"13"
"14674","Personal Care","Body Wash, Soap & Hair Care","Body Lotion","Suave","Suave Sea Mineral Infusion Body Lotion","Suave Sea Mineral Infusion Body Lotion","3.55","1.0","","10 oz","10 oz","17752.jpg",,"13"
"14675","Personal Care","Body Wash, Soap & Hair Care","Body Lotion","Vaseline","Vaseline Hand And Body Lotion Advanced Repair Unscented","Vaseline Hand And Body Lotion Advanced Repair Unscented","5.62","1.0","","10 oz","10 oz","17729.jpg",,"13"
"14676","Personal Care","Body Wash, Soap & Hair Care","Body Lotion","Vaseline","Vaseline Hand And Body Lotion Essential Healing","Vaseline Hand And Body Lotion Essential Healing","5.62","1.0","","10 fl oz","10 fl oz","18140.jpg",,"13"
"14677","Personal Care","Body Wash, Soap & Hair Care","Body Lotion","Vaseline","Vaseline Spray Lotion Aloe Soothe","Vaseline Spray Lotion Aloe Soothe","9.88","1.0","","6.5 oz","6.5 oz","17733.jpg",,"13"
"14678","Personal Care","Body Wash, Soap & Hair Care","Body Lotion","Vaseline","Vaseline Spray On Lotion Spray Moisturizer Cocoa Radiant","Vaseline Spray On Lotion Spray Moisturizer Cocoa Radiant","9.88","1.0","","6.5 oz","6.5 oz","18144.jpg",,"13"
"14679","Personal Care","Body Wash, Soap & Hair Care","Body Lotions & Soap","Aquaphor","Aquaphor Advanced Therapy Healing Ointment Skin Protectant","Aquaphor Advanced Therapy Healing Ointment Skin Protectant","7.69","1.0","","1.75 oz","1.75 oz","17751.jpg",,"13"
"14680","Personal Care","Body Wash, Soap & Hair Care","Body Lotions & Soap","Topcare","TopCare Epsom Salt","TopCare Epsom Salt","3.21","1.0","","4 lb","4 lb","17756.jpg",,"13"
"14681","Personal Care","Body Wash, Soap & Hair Care","Body Sponge","Topcare","Topcare Net Body Sponge","Topcare Net Body Sponge","1.48","1.0","","1 count","1 count","17748.jpg",,"15"
"14682","Personal Care","Body Wash, Soap & Hair Care","Body Wash","Aveeno","Aveeno Positively Nourishing Hydrating Body Wash","Aveeno Positively Nourishing Hydrating Body Wash","9.19","1.0","","16 fl oz","16 fl oz","17749.jpg",,"13"
"14683","Personal Care","Body Wash, Soap & Hair Care","Body Wash","Axe","Axe Men's Body Wash Phoenix","Axe Men's Body Wash Phoenix","7.0","1.0","","16 oz","16 oz","18133.jpg",,"13"
"14684","Personal Care","Body Wash, Soap & Hair Care","Body Wash","Dial","Dial Body Wash Coconut Water Hydrating Body Wash","Dial Body Wash Coconut Water Hydrating Body Wash","5.62","1.0","","16 fl oz","16 fl oz","17743.jpg",,"13"
"14685","Personal Care","Body Wash, Soap & Hair Care","Body Wash","Dial","Dial Body Wash Himalayan Salt","Dial Body Wash Himalayan Salt","5.62","1.0","","16 fl oz","16 fl oz","6333.jpg",,"13"
"14686","Personal Care","Body Wash, Soap & Hair Care","Body Wash","Dial","Dial Body Wash Sea Minerals","Dial Body Wash Sea Minerals","5.62","1.0","","16 fl oz","16 fl oz","6340.jpg",,"13"
"14687","Personal Care","Body Wash, Soap & Hair Care","Body Wash","Dial","Dial Body Wash Vitamin Boost Lotion Infused Moisturizing Body Wash","Dial Body Wash Vitamin Boost Lotion Infused Moisturizing Body Wash","5.62","1.0","","16 fl oz","16 fl oz","17755.jpg",,"13"
"14688","Personal Care","Body Wash, Soap & Hair Care","Body Wash","Dial","Dial Hydrating Body Wash Spring Water","Dial Hydrating Body Wash Spring Water","5.62","1.0","","16 fl oz","16 fl oz","6335.jpg",,"13"
"14689","Personal Care","Body Wash, Soap & Hair Care","Body Wash","Dove","Dove Body Wash Sensitive Skin","Dove Body Wash Sensitive Skin","9.88","1.0","","22 fl oz","22 fl oz","18136.jpg",,"13"
"14690","Personal Care","Body Wash, Soap & Hair Care","Body Wash","Dove","Dove Men+care Body Wash Extra Fresh","Dove Men+care Body Wash Extra Fresh","7.0","1.0","","13.5 oz","13.5 oz","17736.jpg",,"13"
"14691","Personal Care","Body Wash, Soap & Hair Care","Body Wash","Dove","Dove Men+care Body Wash Mineral + Sage","Dove Men+care Body Wash Mineral + Sage","7.0","1.0","","13.5 oz","13.5 oz","17759.jpg",,"13"
"14692","Personal Care","Body Wash, Soap & Hair Care","Body Wash","Dove","Dove Refreshing Body Wash Cucumber And Green Tea","Dove Refreshing Body Wash Cucumber And Green Tea","9.88","1.0","","22 fl oz","22 fl oz","18141.jpg",,"13"
"14693","Personal Care","Body Wash, Soap & Hair Care","Body Wash","Irish Spring","Irish Spring Body Wash Deep Action Scrub","Irish Spring Body Wash Deep Action Scrub","6.31","1.0","","18 fl oz","18 fl oz","6361.jpg",,"13"
"14694","Personal Care","Body Wash, Soap & Hair Care","Body Wash","Irish Spring","Irish Spring Body Wash GEAR 3 IN 1 Body+Hair+Face Wash","Irish Spring Body Wash GEAR 3 IN 1 Body+Hair+Face Wash","4.93","1.0","","15 fl oz","15 fl oz","6356.jpg",,"13"
"14695","Personal Care","Body Wash, Soap & Hair Care","Body Wash","Irish Spring","Irish Spring Body Wash GEAR Exfoliating Clean","Irish Spring Body Wash GEAR Exfoliating Clean","4.93","1.0","","15 fl oz","15 fl oz","6360.jpg",,"13"
"14696","Personal Care","Body Wash, Soap & Hair Care","Body Wash","Irish Spring","Irish Spring Body Wash GEAR Skin Hydration","Irish Spring Body Wash GEAR Skin Hydration","4.93","1.0","","15 fl oz","15 fl oz","6357.jpg",,"13"
"14697","Personal Care","Body Wash, Soap & Hair Care","Body Wash","Irish Spring","Irish Spring Body Wash Moisture Blast","Irish Spring Body Wash Moisture Blast","4.93","1.0","","18 fl oz","18 fl oz","6354.jpg",,"13"
"14698","Personal Care","Body Wash, Soap & Hair Care","Body Wash","Ivory","Ivory Body Wash Original Scent","Ivory Body Wash Original Scent","2.86","1.0","","12 fl oz","12 fl oz","6364.jpg",,"13"
"14699","Personal Care","Body Wash, Soap & Hair Care","Body Wash","Ivory","Ivory Simply Ivory Body Wash","Ivory Simply Ivory Body Wash","3.21","1.0","","12 oz","12 oz","No Image.jpg",,"13"
"14700","Personal Care","Body Wash, Soap & Hair Care","Body Wash","Market Basket","Market Basket Coconut Lime Body Wash Enriched With Papaya & Aloe","Market Basket Coconut Lime Body Wash Enriched With Papaya & Aloe","3.21","1.0","","20 fl oz","20 fl oz","Market Basket.jpg",,"13"
"14701","Personal Care","Body Wash, Soap & Hair Care","Body Wash","Market Basket","Market Basket Deep Moisturizing Body Wash","Market Basket Deep Moisturizing Body Wash","5.28","1.0","","24 oz","24 oz","Market Basket.jpg",,"13"
"14702","Personal Care","Body Wash, Soap & Hair Care","Body Wash","Market Basket","Market Basket High Power Body Wash Sport Scent","Market Basket High Power Body Wash Sport Scent","4.24","1.0","","18 fl oz","18 fl oz","Market Basket.jpg",,"13"
"14703","Personal Care","Body Wash, Soap & Hair Care","Body Wash","Market Basket","Market Basket Sweet Pea Body Wash Enriched With Papaya & Aloe","Market Basket Sweet Pea Body Wash Enriched With Papaya & Aloe","3.21","1.0","","20 fl oz","20 fl oz","Market Basket.jpg",,"13"
"14704","Personal Care","Body Wash, Soap & Hair Care","Body Wash","Olay","Olay Sweet Peach Body Wash","Olay Sweet Peach Body Wash","3.21","1.0","","20 fl oz","20 fl oz","No Image.jpg",,"13"
"14705","Personal Care","Body Wash, Soap & Hair Care","Body Wash","Old Spice","Old Spice High Endurance Body Wash Pure Sport","Old Spice High Endurance Body Wash Pure Sport","6.31","1.0","","18 fl oz","18 fl oz","18139.jpg",,"13"
"14706","Personal Care","Body Wash, Soap & Hair Care","Body Wash","Softsoap","Softsoap Body Butter Moisturizing Body Wash Shea & Almond Oil","Softsoap Body Butter Moisturizing Body Wash Shea & Almond Oil","5.62","1.0","","15 fl oz","15 fl oz","6330.jpg",,"13"
"14707","Personal Care","Body Wash, Soap & Hair Care","Body Wash","Softsoap","Softsoap Island Quench Coconut Body Wash","Softsoap Island Quench Coconut Body Wash","5.62","1.0","","20 fl oz","20 fl oz","No Image.jpg",,"13"
"14708","Personal Care","Body Wash, Soap & Hair Care","Body Wash","St. Ives","St. Ives Soothing Body Wash Oatmeal And Shea Butter","St. Ives Soothing Body Wash Oatmeal And Shea Butter","4.24","1.0","","13.5 oz","13.5 oz","17718.jpg",,"13"
"14709","Personal Care","Body Wash, Soap & Hair Care","Body Wash","Tone","Tone Mango Splash Cocoa Butter & Papaya Moisturizing Body Wash","Tone Mango Splash Cocoa Butter & Papaya Moisturizing Body Wash","5.62","1.0","","18 fl oz","18 fl oz","17741.jpg",,"13"
"14710","Personal Care","Body Wash, Soap & Hair Care","Body Wash","Tone","Tone Soothing Oatmeal & Shea Butter Body Wash","Tone Soothing Oatmeal & Shea Butter Body Wash","5.62","1.0","","18 fl oz","18 fl oz","17721.jpg",,"13"
"14711","Personal Care","Body Wash, Soap & Hair Care","Body Wash","White Rain","White Rain for Men Cool Ocean Wave Body Wash","White Rain for Men Cool Ocean Wave Body Wash","1.48","1.0","","12 fl oz","12 fl oz","17719.jpg",,"13"
"14712","Personal Care","Body Wash, Soap & Hair Care","Body Wash","White Rain","White Rain Ocean Mist Moisturizing Body Wash","White Rain Ocean Mist Moisturizing Body Wash","1.48","1.0","","12 fl oz","12 fl oz","17738.jpg",,"13"
"14713","Personal Care","Body Wash, Soap & Hair Care","Body Wash","Zest","Zest Indulgence Cocoa Butter & Shea Ultra-Moisturizing Creamy Body Wash","Zest Indulgence Cocoa Butter & Shea Ultra-Moisturizing Creamy Body Wash","4.01","1.0","","16.5 fl oz","16.5 fl oz","17753.jpg",,"13"
"14714","Personal Care","Body Wash, Soap & Hair Care","Cream","Eucerin","Eucerin Skin Calming Cream","Eucerin Skin Calming Cream","10.57","1.0","","8 fl oz","8 fl oz","6369.jpg",,"13"
"14715","Personal Care","Body Wash, Soap & Hair Care","Cream","Gold Bond","Gold Bond Ultimate Skin Therapy Cream Softening Shea Butter","Gold Bond Ultimate Skin Therapy Cream Softening Shea Butter","8.96","1.0","","5.5 oz","5.5 oz","17762.jpg",,"13"
"14716","Personal Care","Body Wash, Soap & Hair Care","Cream","Neutrogena","Neutrogena Norwegian Formula Hand Cream Fragrance Free","Neutrogena Norwegian Formula Hand Cream Fragrance Free","6.77","1.0","","2 oz","2 oz","17712.jpg",,"13"
"14717","Personal Care","Body Wash, Soap & Hair Care","Cream","ShiKai","ShiKai Hand Cream, Fragrance-Free","ShiKai Hand Cream, Fragrance-Free","8.96","1.0","","2.5 oz","2.5 oz","17713.jpg",,"13"
"14718","Personal Care","Body Wash, Soap & Hair Care","Cream","Udderly Smooth","Udderly Smooth Hand Cream Original Formula","Udderly Smooth Hand Cream Original Formula","3.21","1.0","","4 oz","4 oz","17745.jpg",,"13"
"14719","Personal Care","Body Wash, Soap & Hair Care","Hair Care","Alberto","Alberto VO5 Normal with Biotin Daily Shampoo","Alberto VO5 Normal with Biotin Daily Shampoo","1.48","1.0","","12.5 fl oz","12.5 fl oz","17822.jpg",,"13"
"14720","Personal Care","Body Wash, Soap & Hair Care","Hair Care","Aussie","Aussie Mega Hairspray Flexible Hold","Aussie Mega Hairspray Flexible Hold","5.62","1.0","","14 oz","14 oz","17820.jpg",,"13"
"14721","Personal Care","Body Wash, Soap & Hair Care","Hair Care","Bronner Brothers","Bronner Brothers BB Super Gro Hair and Scalp Treatment","Bronner Brothers BB Super Gro Hair and Scalp Treatment","6.08","1.0","","6 fl oz","6 fl oz","17835.jpg",,"13"
"14722","Personal Care","Body Wash, Soap & Hair Care","Hair Care","Conair","Conair I Want To Gently Detangle! Hairbrush","Conair I Want To Gently Detangle! Hairbrush","5.62","1.0","","1 count","1 count","17825.jpg",,"13"
"14723","Personal Care","Body Wash, Soap & Hair Care","Hair Care","Conair","Conair Styling Essentials Large Shower Cap","Conair Styling Essentials Large Shower Cap","2.17","1.0","","1 count","1 count","17824.jpg",,"13"
"14724","Personal Care","Body Wash, Soap & Hair Care","Hair Care","Dove","Dove Conditioner Daily Moisture","Dove Conditioner Daily Moisture","4.93","1.0","","20.4 oz","20.4 oz","17839.jpg",,"13"
"14725","Personal Care","Body Wash, Soap & Hair Care","Hair Care","Garnier","Garnier Anti-Frizz Serum, Frizzy, Dry, Unmanageable Hair","Garnier Anti-Frizz Serum, Frizzy, Dry, Unmanageable Hair","8.5","1.0","","5.1 fl oz","5.1 fl oz","17813.jpg",,"13"
"14726","Personal Care","Body Wash, Soap & Hair Care","Hair Care","Garnier","Garnier Fructis Bounce-Back Hold Hairspray Full Control","Garnier Fructis Bounce-Back Hold Hairspray Full Control","5.97","1.0","","8.5 oz","8.5 oz","6617.jpg",,"13"
"14727","Personal Care","Body Wash, Soap & Hair Care","Hair Care","Garnier","Garnier Fructis Creation Mousse Curl Construct","Garnier Fructis Creation Mousse Curl Construct","4.82","1.0","","6.8 fl oz","6.8 fl oz","6619.jpg",,"13"
"14728","Personal Care","Body Wash, Soap & Hair Care","Hair Care","Garnier","Garnier Fructis For Dry, Damaged Hair Triple Nutrition Conditioner","Garnier Fructis For Dry, Damaged Hair Triple Nutrition Conditioner","4.93","1.0","","13 fl oz","13 fl oz","6610.jpg",,"13"
"14729","Personal Care","Body Wash, Soap & Hair Care","Hair Care","Garnier","Garnier Fructis For Dry, Damaged Hair Triple Nutrition Shampoo","Garnier Fructis For Dry, Damaged Hair Triple Nutrition Shampoo","4.93","1.0","","13 fl oz","13 fl oz","6607.jpg",,"13"
"14730","Personal Care","Body Wash, Soap & Hair Care","Hair Care","Garnier","Garnier Fructis For Frizzy, Dry, Unmanageable Hair Sleek & Shine Conditioner","Garnier Fructis For Frizzy, Dry, Unmanageable Hair Sleek & Shine Conditioner","4.93","1.0","","13 fl oz","13 fl oz","6609.jpg",,"13"
"14731","Personal Care","Body Wash, Soap & Hair Care","Hair Care","Garnier","Garnier Fructis For Frizzy, Dry, Unmanageable Hair Sleek & Shine Shampoo","Garnier Fructis For Frizzy, Dry, Unmanageable Hair Sleek & Shine Shampoo","4.93","1.0","","13 fl oz","13 fl oz","6608.jpg",,"13"
"14732","Personal Care","Body Wash, Soap & Hair Care","Hair Care","Garnier","Garnier Fructis For Normal Hair Daily Care Shampoo","Garnier Fructis For Normal Hair Daily Care Shampoo","4.93","1.0","","13 fl oz","13 fl oz","6611.jpg",,"13"
"14733","Personal Care","Body Wash, Soap & Hair Care","Hair Care","Garnier","Garnier Fructis Frizz Protection Hairspray Sleek & Shine","Garnier Fructis Frizz Protection Hairspray Sleek & Shine","5.97","1.0","","8.2 oz","8.2 oz","6618.jpg",,"13"
"14734","Personal Care","Body Wash, Soap & Hair Care","Hair Care","Garnier","Garnier Fructis Style Anti-Humidity Smoothing Milk","Garnier Fructis Style Anti-Humidity Smoothing Milk","5.97","1.0","","5.1 fl oz","5.1 fl oz","6620.jpg",,"13"
"14735","Personal Care","Body Wash, Soap & Hair Care","Hair Care","Garnier","Garnier Fructis Style All Hair Types Super Stiff Gel","Garnier Fructis Style All Hair Types Super Stiff Gel","5.97","1.0","","6.8 fl oz","6.8 fl oz","17843.jpg",,"13"
"14736","Personal Care","Body Wash, Soap & Hair Care","Hair Care","Garnier","Garnier Intensely Smooth Leave-In Conditioning Cream","Garnier Intensely Smooth Leave-In Conditioning Cream","5.62","1.0","","10.2 fl oz","10.2 fl oz","17819.jpg",,"13"
"14737","Personal Care","Body Wash, Soap & Hair Care","Hair Care","got 2b","got 2b Spiked Up Max-Control Styling Gel","got 2b Spiked Up Max-Control Styling Gel","8.96","1.0","","8.5 fl oz","8.5 fl oz","17816.jpg",,"13"
"14738","Personal Care","Body Wash, Soap & Hair Care","Hair Care","Grisi","Grisi Detangling Lotion, Kids","Grisi Detangling Lotion, Kids","2.86","1.0","","8.4 oz","8.4 oz","17818.jpg",,"13"
"14739","Personal Care","Body Wash, Soap & Hair Care","Hair Care","Head & Shoulders","Head & Shoulders Classic Clean 2-in-1","Head & Shoulders Classic Clean 2-in-1","6.31","1.0","","13.5 fl oz","13.5 fl oz","6584.jpg",,"13"
"14740","Personal Care","Body Wash, Soap & Hair Care","Hair Care","Head & Shoulders","Head & Shoulders Classic Clean Conditioner, Female Hair Care","Head & Shoulders Classic Clean Conditioner, Female Hair Care","6.31","1.0","","13.5 fl oz","13.5 fl oz","6581.jpg",,"13"
"14741","Personal Care","Body Wash, Soap & Hair Care","Hair Care","Head & Shoulders","Head & Shoulders Dandruff Shampoo Classic Clean","Head & Shoulders Dandruff Shampoo Classic Clean","6.31","1.0","","13.5 fl oz","13.5 fl oz","6586.jpg",,"13"
"14742","Personal Care","Body Wash, Soap & Hair Care","Hair Care","Head & Shoulders","Head & Shoulders Dry Scalp Care Head and Shoulders Dry Scalp Care with Almond Oil Anti-Dandruff Shampoo 13.5 Oz","Head & Shoulders Dry Scalp Care Head and Shoulders Dry Scalp Care with Almond Oil Anti-Dandruff Shampoo 13.5 Oz","6.31","1.0","","13.5 fl oz","13.5 fl oz","18170.jpg",,"13"
"14743","Personal Care","Body Wash, Soap & Hair Care","Hair Care","Head & Shoulders","Head & Shoulders Men Old Spice Dandruff Shampoo Pure Sport","Head & Shoulders Men Old Spice Dandruff Shampoo Pure Sport","6.31","1.0","","13.5 fl oz","13.5 fl oz","6582.jpg",,"13"
"14744","Personal Care","Body Wash, Soap & Hair Care","Hair Care","Head & Shoulders","Head & Shoulders Refresh Head and Shoulders Men Refresh 2-in-1 Anti-Dandruff Shampoo + Conditioner For Men 13.5 Oz","Head & Shoulders Refresh Head and Shoulders Men Refresh 2-in-1 Anti-Dandruff Shampoo + Conditioner For Men 13.5 Oz","6.31","1.0","","13.5 fl oz","13.5 fl oz","6583.jpg",,"13"
"14745","Personal Care","Body Wash, Soap & Hair Care","Hair Care","Herbal Essences","Herbal Essences Body Envy Volumizing Mousse with Citrus Essences","Herbal Essences Body Envy Volumizing Mousse with Citrus Essences","5.39","1.0","","6.8 oz","6.8 oz","6592.jpg",,"13"
"14746","Personal Care","Body Wash, Soap & Hair Care","Hair Care","Herbal Essences","Herbal Essences Color Me Happy Conditioner for Color-Treated Hair","Herbal Essences Color Me Happy Conditioner for Color-Treated Hair","4.82","1.0","","11.7 count","11.7 count","6589.jpg",,"13"
"14747","Personal Care","Body Wash, Soap & Hair Care","Hair Care","Herbal Essences","Herbal Essences Color Me Happy Shampoo For Color Treated Hair","Herbal Essences Color Me Happy Shampoo For Color Treated Hair","4.82","1.0","","10.1 fl oz","10.1 fl oz","6591.jpg",,"13"
"14748","Personal Care","Body Wash, Soap & Hair Care","Hair Care","Herbal Essences","Herbal Essences Hello Hydration Conditioner Coconut Essences","Herbal Essences Hello Hydration Conditioner Coconut Essences","4.82","1.0","","10.1 fl oz","10.1 fl oz","6588.jpg",,"13"
"14749","Personal Care","Body Wash, Soap & Hair Care","Hair Care","Herbal Essences","Herbal Essences Moisture Boost Hydralicious Conditioner","Herbal Essences Moisture Boost Hydralicious Conditioner","4.82","1.0","","10.1 fl oz","10.1 fl oz","6590.jpg",,"13"
"14750","Personal Care","Body Wash, Soap & Hair Care","Hair Care","Herbal Essences","Herbal Essences Moisturizing Shampoo with Coconut Essences","Herbal Essences Moisturizing Shampoo with Coconut Essences","4.82","1.0","","10.1 fl oz","10.1 fl oz","18166.jpg",,"13"
"14751","Personal Care","Body Wash, Soap & Hair Care","Hair Care","Herbal Essences","Herbal Essences Set Me Up Beautiful Bold Hold Hair Spray with Lily of The Valley Essences","Herbal Essences Set Me Up Beautiful Bold Hold Hair Spray with Lily of The Valley Essences","5.39","1.0","","8 fl oz","8 fl oz","6594.jpg",,"13"
"14752","Personal Care","Body Wash, Soap & Hair Care","Hair Care","Herbal Essences","Herbal Essences Set Me Up Hair Mousse","Herbal Essences Set Me Up Hair Mousse","5.39","1.0","","6.8 fl oz","6.8 fl oz","18172.jpg",,"13"
"14753","Personal Care","Body Wash, Soap & Hair Care","Hair Care","It's a 10","It's a 10 Miracle Leave-In Plus Keratin","It's a 10 Miracle Leave-In Plus Keratin","24.25","1.0","","4 fl oz","4 fl oz","17814.jpg",,"13"
"14754","Personal Care","Body Wash, Soap & Hair Care","Hair Care","John Fireda","John Frieda Frizz Ease Secret Weapon Touch-Up Creme","John Frieda Frizz Ease Secret Weapon Touch-Up Creme","7.69","1.0","","4 oz","4 oz","17841.jpg",,"13"
"14755","Personal Care","Body Wash, Soap & Hair Care","Hair Care","L'Oreal","L'Oreal Kids Juicy Grape Conditioner","L'Oreal Kids Juicy Grape Conditioner","4.93","1.0","","9 fl oz","9 fl oz","17833.jpg",,"13"
"14756","Personal Care","Body Wash, Soap & Hair Care","Hair Care","L'Oreal","L'oreal Kids Extra Gentle 2 in 1 Shampoo Sunny Orange Swim","L'oreal Kids Extra Gentle 2 in 1 Shampoo Sunny Orange Swim","4.93","1.0","","9 fl oz","9 fl oz","17826.jpg",,"13"
"14757","Personal Care","Body Wash, Soap & Hair Care","Hair Care","L'Oreal","L'Oreal Paris Studio Line Max Hold Mega Spritz","L'Oreal Paris Studio Line Max Hold Mega Spritz","6.77","1.0","","8.5 fl oz","8.5 fl oz","17823.jpg",,"13"
"14758","Personal Care","Body Wash, Soap & Hair Care","Hair Care","L'Oreal","L'Oreal Paris Studio Line Mega Gel Max Hold","L'Oreal Paris Studio Line Mega Gel Max Hold","6.31","1.0","","6.8 fl oz","6.8 fl oz","17840.jpg",,"13"
"14759","Personal Care","Body Wash, Soap & Hair Care","Hair Care","L'Oreal","L'Oreal Paris Color Vibrancy Protecting Conditioner","L'Oreal Paris Color Vibrancy Protecting Conditioner","6.08","1.0","","12.6 fl oz","12.6 fl oz","17812.jpg",,"13"
"14760","Personal Care","Body Wash, Soap & Hair Care","Hair Care","L'Oreal","L'Oreal Paris Color Vibrancy Protecting Shampoo","L'Oreal Paris Color Vibrancy Protecting Shampoo","6.08","1.0","","12.6 fl oz","12.6 fl oz","17817.jpg",,"13"
"14761","Personal Care","Body Wash, Soap & Hair Care","Hair Care","L'Oreal","L'Oreal Paris Repairing Shampoo Total Repair 5","L'Oreal Paris Repairing Shampoo Total Repair 5","6.08","1.0","","12.5 fl oz","12.5 fl oz","17821.jpg",,"13"
"14762","Personal Care","Body Wash, Soap & Hair Care","Hair Care","L'Oreal","L'Oreal Paris Total Repair 5 Repairing Conditioner","L'Oreal Paris Total Repair 5 Repairing Conditioner","6.08","1.0","","12.6 fl oz","12.6 fl oz","17832.jpg",,"13"
"14763","Personal Care","Body Wash, Soap & Hair Care","Hair Care","LA Looks","LA Looks Hair Gel Extreme Sport","LA Looks Hair Gel Extreme Sport","4.24","1.0","","20 fl oz","20 fl oz","17831.jpg",,"13"
"14764","Personal Care","Body Wash, Soap & Hair Care","Hair Care","Market Basket","Market Basket Dandruff Shampoo Everyday Clean For Normal/Oily Hair","Market Basket Dandruff Shampoo Everyday Clean For Normal/Oily Hair","3.55","1.0","","14.2 fl oz","14.2 fl oz","Market Basket.jpg",,"13"
"14765","Personal Care","Body Wash, Soap & Hair Care","Hair Care","Market Basket","Market Basket Dry Scalp Dandruff Shampoo","Market Basket Dry Scalp Dandruff Shampoo","3.55","1.0","","14.2 fl oz","14.2 fl oz","Market Basket.jpg",,"13"
"14766","Personal Care","Body Wash, Soap & Hair Care","Hair Care","Market Basket","Market Basket Hair Detangler","Market Basket Hair Detangler","2.29","1.0","","10 fl oz","10 fl oz","Market Basket.jpg",,"13"
"14767","Personal Care","Body Wash, Soap & Hair Care","Hair Care","Murray's","Murray's Hair Dressing Pomade","Murray's Hair Dressing Pomade","3.78","1.0","","3 oz","3 oz","17838.jpg",,"13"
"14768","Personal Care","Body Wash, Soap & Hair Care","Hair Care","Neutrogena","Neutrogena T/Gel Therapeutic Shampoo Original Formula","Neutrogena T/Gel Therapeutic Shampoo Original Formula","8.84","1.0","","4.4 fl oz","4.4 fl oz","17842.jpg",,"13"
"14769","Personal Care","Body Wash, Soap & Hair Care","Hair Care","Pantene","Pantene 2In1 Shampoo & Conditioner","Pantene 2In1 Shampoo & Conditioner","6.66","1.0","","12.6 fl oz","12.6 fl oz","6576.jpg",,"13"
"14770","Personal Care","Body Wash, Soap & Hair Care","Hair Care","Pantene","Pantene Classic Clean Pantene Pro-V Classic Clean Conditioner 20 fl oz Female Hair Care","Pantene Classic Clean Pantene Pro-V Classic Clean Conditioner 20 fl oz Female Hair Care","8.04","1.0","","21.1 fl oz","21.1 fl oz","6573.jpg",,"13"
"14771","Personal Care","Body Wash, Soap & Hair Care","Hair Care","Pantene","Pantene Curl Defining Mousse","Pantene Curl Defining Mousse","6.31","1.0","","6.6 oz","6.6 oz","6577.jpg",,"13"
"14772","Personal Care","Body Wash, Soap & Hair Care","Hair Care","Pantene","Pantene Pro-V Classic Clean Conditioner","Pantene Pro-V Classic Clean Conditioner","6.66","1.0","","12 fl oz","12 fl oz","18171.jpg",,"13"
"14773","Personal Care","Body Wash, Soap & Hair Care","Hair Care","Pantene","Pantene Pro-V Classic Clean Shampoo","Pantene Pro-V Classic Clean Shampoo","6.66","1.0","","12.6 fl oz","12.6 fl oz","18169.jpg",,"13"
"14774","Personal Care","Body Wash, Soap & Hair Care","Hair Care","Pantene","Pantene Pro-V Shampoo","Pantene Pro-V Shampoo","9.88","1.0","","25.4 fl oz","25.4 fl oz","6575.jpg",,"13"
"14775","Personal Care","Body Wash, Soap & Hair Care","Hair Care","Pantene","Pantene Pro-V Sheer Volume Conditioner","Pantene Pro-V Sheer Volume Conditioner","6.66","1.0","","12.6 fl oz","12.6 fl oz","18176.jpg",,"13"
"14776","Personal Care","Body Wash, Soap & Hair Care","Hair Care","Pantene","Pantene Pro-V Volume Body Boosting Mousse to Boost Fine, Flat Hair for Maximum Fullness","Pantene Pro-V Volume Body Boosting Mousse to Boost Fine, Flat Hair for Maximum Fullness","6.31","1.0","","6.6 oz","6.6 oz","6578.jpg",,"13"
"14777","Personal Care","Body Wash, Soap & Hair Care","Hair Care","Pantene","Pantene ProV Radiant Color Shine Shampoo","Pantene ProV Radiant Color Shine Shampoo","6.66","1.0","","12.6 fl oz","12.6 fl oz","6574.jpg",,"13"
"14778","Personal Care","Body Wash, Soap & Hair Care","Hair Care","Pantene","Pantene ProV Repair & Protect Miracle Protecting Conditioner","Pantene ProV Repair & Protect Miracle Protecting Conditioner","6.66","1.0","","12 fl oz","12 fl oz","6572.jpg",,"13"
"14779","Personal Care","Body Wash, Soap & Hair Care","Hair Care","Pert","Pert 2in1 Shampoo & Conditioner Classic Clean","Pert 2in1 Shampoo & Conditioner Classic Clean","5.28","1.0","","13.5 oz","13.5 oz","17828.jpg",,"13"
"14780","Personal Care","Body Wash, Soap & Hair Care","Hair Care","Revlon","Revlon Permanent Hair Color, Medium Golden Chestnut Brown 46","Revlon Permanent Hair Color, Medium Golden Chestnut Brown 46","5.62","1.0","","1 count","1 count","17836.jpg",,"13"
"14781","Personal Care","Body Wash, Soap & Hair Care","Hair Care","Salon Grafix","Salon Grafix Professional Shaping Hair Spray Unscented Super Hold","Salon Grafix Professional Shaping Hair Spray Unscented Super Hold","8.5","1.0","","10 fl oz","10 fl oz","17815.jpg",,"13"
"14782","Personal Care","Body Wash, Soap & Hair Care","Hair Care","Scunci","Scunci No Damage Everyday Fashion Hair Bands","Scunci No Damage Everyday Fashion Hair Bands","2.86","1.0","","28 count","28 count","6616.jpg",,"13"
"14783","Personal Care","Body Wash, Soap & Hair Care","Hair Care","Scunci","Scunci No Damage Everyday Fashion Hair Elastics","Scunci No Damage Everyday Fashion Hair Elastics","4.24","1.0","","30 count","30 count","6613.jpg",,"13"
"14784","Personal Care","Body Wash, Soap & Hair Care","Hair Care","Scunci","Scunci U Got This All Day Hold Medium","Scunci U Got This All Day Hold Medium","3.55","1.0","","18 count","18 count","6614.jpg",,"13"
"14785","Personal Care","Body Wash, Soap & Hair Care","Hair Care","Scunci","Scunci U Got This Hair Bands","Scunci U Got This Hair Bands","3.21","1.0","","28 count","28 count","6615.jpg",,"13"
"14786","Personal Care","Body Wash, Soap & Hair Care","Hair Care","Scunci","Scunci U got this No Slip Grip Head Bands","Scunci U got this No Slip Grip Head Bands","5.62","1.0","","4 count","4 count","6612.jpg",,"13"
"14787","Personal Care","Body Wash, Soap & Hair Care","Hair Care","Smooth'n Shine","Smooth'n Shine Polishing Bodifying Mousse Sweet Almond Oil Extra Hold","Smooth'n Shine Polishing Bodifying Mousse Sweet Almond Oil Extra Hold","5.62","1.0","","9 oz","9 oz","17845.jpg",,"13"
"14788","Personal Care","Body Wash, Soap & Hair Care","Hair Care","Studio","Studio Line Above it All Invisi Gel - Max Hold","Studio Line Above it All Invisi Gel - Max Hold","6.31","1.0","","6.8 fl oz","6.8 fl oz","17830.jpg",,"13"
"14789","Personal Care","Body Wash, Soap & Hair Care","Hair Care","Suave","Suave 2 In 1 Shampoo And Conditioner Ocean Charge","Suave 2 In 1 Shampoo And Conditioner Ocean Charge","5.99","1.0","","28 oz","28 oz","6559.jpg",,"13"
"14790","Personal Care","Body Wash, Soap & Hair Care","Hair Care","Suave","Suave 2 In 1 Shampoo And Conditioner Strawberry Blast","Suave 2 In 1 Shampoo And Conditioner Strawberry Blast","3.21","1.0","","12 oz","12 oz","6562.jpg",,"13"
"14791","Personal Care","Body Wash, Soap & Hair Care","Hair Care","Suave","Suave Conditioner Deep Moisture","Suave Conditioner Deep Moisture","2.86","1.0","","12.6 fl oz","12.6 fl oz","6560.jpg",,"13"
"14792","Personal Care","Body Wash, Soap & Hair Care","Hair Care","Suave","Suave Non Aerosol Hairspray Max Hold","Suave Non Aerosol Hairspray Max Hold","4.24","1.0","","11 oz","11 oz","18175.jpg",,"13"
"14793","Personal Care","Body Wash, Soap & Hair Care","Hair Care","Suave","Suave Shampoo Daily Clarifying","Suave Shampoo Daily Clarifying","2.86","1.0","","30 oz","30 oz","18167.jpg",,"13"
"14794","Personal Care","Body Wash, Soap & Hair Care","Hair Care","Suave","Suave Shampoo Deep Moisture","Suave Shampoo Deep Moisture","2.86","1.0","","12.6 oz","12.6 oz","6561.jpg",,"13"
"14795","Personal Care","Body Wash, Soap & Hair Care","Hair Care","Suave","Suave Sun-Ripened Strawberry Conditioner","Suave Sun-Ripened Strawberry Conditioner","2.17","1.0","","22.5 oz","22.5 oz","6566.jpg",,"13"
"14796","Personal Care","Body Wash, Soap & Hair Care","Hair Care","Suave","Suave Unscented Hair Spray Extreme Hold","Suave Unscented Hair Spray Extreme Hold","4.24","1.0","","11 oz","11 oz","6567.jpg",,"13"
"14797","Personal Care","Body Wash, Soap & Hair Care","Hair Care","Suave","Suave Unscented Hairspray Max Hold","Suave Unscented Hairspray Max Hold","4.24","1.0","","11 oz","11 oz","18161.jpg",,"13"
"14798","Personal Care","Body Wash, Soap & Hair Care","Hair Care","TRESemme","TRESemme 24 Hour Healthy Volume Conditioner","TRESemme 24 Hour Healthy Volume Conditioner","4.93","1.0","","32 fl oz","32 fl oz","6551.jpg",,"13"
"14799","Personal Care","Body Wash, Soap & Hair Care","Hair Care","TRESemme","TRESemme Conditioner 24 Hour Volume","TRESemme Conditioner 24 Hour Volume","4.93","1.0","","32 fl oz","32 fl oz","6556.jpg",,"13"
"14800","Personal Care","Body Wash, Soap & Hair Care","Hair Care","TRESemme","TRESemme Conditioner 7 Day Keratin Smooth","TRESemme Conditioner 7 Day Keratin Smooth","8.5","1.0","","9 oz","9 oz","6557.jpg",,"13"
"14801","Personal Care","Body Wash, Soap & Hair Care","Hair Care","TRESemme","TRESemme Conditioner Deep Cleansing","TRESemme Conditioner Deep Cleansing","4.24","1.0","","28 fl oz","28 fl oz","6547.jpg",,"13"
"14802","Personal Care","Body Wash, Soap & Hair Care","Hair Care","TRESemme","TRESemme Conditioner Keratin Smooth","TRESemme Conditioner Keratin Smooth","8.5","1.0","","22 oz","22 oz","18162.jpg",,"13"
"14803","Personal Care","Body Wash, Soap & Hair Care","Hair Care","TRESemme","TRESemme Conditioner Moisture Rich","TRESemme Conditioner Moisture Rich","4.93","1.0","","28 oz","28 oz","18164.jpg",,"13"
"14804","Personal Care","Body Wash, Soap & Hair Care","Hair Care","TRESemme","TRESemme Deep Cleansing Shampoo Cleanse And Replenish","TRESemme Deep Cleansing Shampoo Cleanse And Replenish","4.93","1.0","","28 oz","28 oz","18173.jpg",,"13"
"14805","Personal Care","Body Wash, Soap & Hair Care","Hair Care","TRESemme","TRESemme Hair Mousse Extra Hold","TRESemme Hair Mousse Extra Hold","7.0","1.0","","10.5 oz","10.5 oz","18174.jpg",,"13"
"14806","Personal Care","Body Wash, Soap & Hair Care","Hair Care","TRESemme","TRESemme Hair Spray Extra Hold","TRESemme Hair Spray Extra Hold","5.28","1.0","","11 oz","11 oz","18168.jpg",,"13"
"14807","Personal Care","Body Wash, Soap & Hair Care","Hair Care","TRESemme","TRESemme Shampoo 24 Hour Volume","TRESemme Shampoo 24 Hour Volume","4.93","1.0","","28 oz","28 oz","6554.jpg",,"13"
"14808","Personal Care","Body Wash, Soap & Hair Care","Hair Care","TRESemme","TRESemme Shampoo Keratin Smooth","TRESemme Shampoo Keratin Smooth","8.5","1.0","","22 oz","22 oz","18163.jpg",,"13"
"14809","Personal Care","Body Wash, Soap & Hair Care","Hair Care","TRESemme","TRESemme Shampoo Moisture Rich","TRESemme Shampoo Moisture Rich","4.93","1.0","","28 oz","28 oz","18165.jpg",,"13"
"14810","Personal Care","Body Wash, Soap & Hair Care","Hair Care","TRESemme","TRESemme Tresemme","TRESemme Tresemme","5.28","1.0","","9 oz","9 oz","6552.jpg",,"13"
"14811","Personal Care","Body Wash, Soap & Hair Care","Hair Care","VO5","VO5 Extra Body with Collagen Volumizing Shampoo","VO5 Extra Body with Collagen Volumizing Shampoo","1.48","1.0","","12.5 fl oz","12.5 fl oz","6596.jpg",,"13"
"14812","Personal Care","Body Wash, Soap & Hair Care","Hair Care","VO5","VO5 Salon Series Full Body + Shine Shampoo","VO5 Salon Series Full Body + Shine Shampoo","2.86","1.0","","14.2 fl oz","14.2 fl oz","6600.jpg",,"13"
"14813","Personal Care","Body Wash, Soap & Hair Care","Hair Care","VO5","VO5 Salon Series Hydrate + Nourish Conditioner","VO5 Salon Series Hydrate + Nourish Conditioner","2.86","1.0","","14.2 fl oz","14.2 fl oz","6599.jpg",,"13"
"14814","Personal Care","Body Wash, Soap & Hair Care","Hair Care","VS","VS Pro Series Moisture Lock Conditioner","VS Pro Series Moisture Lock Conditioner","3.55","1.0","","12 fl oz","12 fl oz","17844.jpg",,"13"
"14815","Personal Care","Body Wash, Soap & Hair Care","Hair Care","White Rain","White Rain Apple Blossom Moisturizing Conditioner","White Rain Apple Blossom Moisturizing Conditioner","1.48","1.0","","15 fl oz","15 fl oz","17834.jpg",,"13"
"14816","Personal Care","Body Wash, Soap & Hair Care","Hair Care","White Rain","White Rain Apple Blossom Moisturizing Shampoo","White Rain Apple Blossom Moisturizing Shampoo","1.48","1.0","","15 fl oz","15 fl oz","6602.jpg",,"13"
"14817","Personal Care","Body Wash, Soap & Hair Care","Hair Care","White Rain","White Rain Coconut & Hibiscus Moisturizing Conditioner","White Rain Coconut & Hibiscus Moisturizing Conditioner","1.48","1.0","","15 fl oz","15 fl oz","6605.jpg",,"13"
"14818","Personal Care","Body Wash, Soap & Hair Care","Hair Care","White Rain","White Rain Extra Hold Hair Spray Unscented","White Rain Extra Hold Hair Spray Unscented","1.83","1.0","","7 oz","7 oz","6601.jpg",,"13"
"14819","Personal Care","Body Wash, Soap & Hair Care","Hair Care","White Rain","White Rain Lavender Escape Moisturizing Conditioner","White Rain Lavender Escape Moisturizing Conditioner","1.48","1.0","","15 fl oz","15 fl oz","6606.jpg",,"13"
"14820","Personal Care","Body Wash, Soap & Hair Care","Hair Care","White Rain","White Rain Lavender Escape Moisturizing Shampoo","White Rain Lavender Escape Moisturizing Shampoo","1.48","1.0","","15 fl oz","15 fl oz","6603.jpg",,"13"
"14821","Personal Care","Body Wash, Soap & Hair Care","Hair Care","White Rain","White Rain Ocean Mist Moisturizing Conditioner","White Rain Ocean Mist Moisturizing Conditioner","1.48","1.0","","15 fl oz","15 fl oz","17829.jpg",,"13"
"14822","Personal Care","Body Wash, Soap & Hair Care","Hair Care","White Rain","White Rain Ocean Mist Moisturizing Shampoo","White Rain Ocean Mist Moisturizing Shampoo","1.48","1.0","","15 fl oz","15 fl oz","6604.jpg",,"13"
"14823","Personal Care","Body Wash, Soap & Hair Care","Scrub","St. Ives","St. Ives Blemish Control Apricot Scrub","St. Ives Blemish Control Apricot Scrub","6.66","1.0","","6 fl oz","6 fl oz","18137.jpg",,"13"
"14824","Personal Care","Body Wash, Soap & Hair Care","Scrub","St. Ives","St. Ives Face Scrub Apricot, Deeply Cleans, Smooth And Glowing Skin, Dermatologist-tested, Natural Exfoliants","St. Ives Face Scrub Apricot, Deeply Cleans, Smooth And Glowing Skin, Dermatologist-tested, Natural Exfoliants","5.62","1.0","","6 oz","6 oz","18145.jpg",,"13"
"14825","Personal Care","Body Wash, Soap & Hair Care","Shower Gel","Market Basket","Market Basket Sea Men's Shower Gel","Market Basket Sea Men's Shower Gel","3.21","1.0","","20 fl oz","20 fl oz","Market Basket.jpg",,"13"
"14826","Personal Care","Body Wash, Soap & Hair Care","Soap","Clearly Natural","Clearly Natural Glycerin Soap, Honeysuckle","Clearly Natural Glycerin Soap, Honeysuckle","1.48","1.0","","4 oz","4 oz","17725.jpg",,"13"
"14827","Personal Care","Body Wash, Soap & Hair Care","Soap","Dial","Dial Bar Coconut Water & Bamboo Leaf Extract Glycerin Soap","Dial Bar Coconut Water & Bamboo Leaf Extract Glycerin Soap","2.86","1.0","","3 x 4 oz","3 x 4 oz","17731.jpg",,"13"
"14828","Personal Care","Body Wash, Soap & Hair Care","Soap","Dial","Dial Bar Gold Antibacterial Deodorant Soap","Dial Bar Gold Antibacterial Deodorant Soap","2.86","1.0","","4 oz","4 oz","17734.jpg",,"13"
"14829","Personal Care","Body Wash, Soap & Hair Care","Soap","Dial","Dial Complete Liquid Antibacterial Hand Soap Gold","Dial Complete Liquid Antibacterial Hand Soap Gold","2.17","1.0","","7.5 fl oz","7.5 fl oz","6337.jpg",,"13"
"14830","Personal Care","Body Wash, Soap & Hair Care","Soap","Dial","Dial Gold Deodorant Soap","Dial Gold Deodorant Soap","5.62","1.0","","4 oz","4 oz","6341.jpg",,"13"
"14831","Personal Care","Body Wash, Soap & Hair Care","Soap","Dial","Dial Hand Soap, Hydrating, Antibacterial, Aloe","Dial Hand Soap, Hydrating, Antibacterial, Aloe","2.17","1.0","","7.5 oz","7.5 oz","6338.jpg",,"13"
"14832","Personal Care","Body Wash, Soap & Hair Care","Soap","Dial","Dial White Deodorant Soap","Dial White Deodorant Soap","6.31","1.0","","8 x 4 oz","8 x 4 oz","6336.jpg",,"13"
"14833","Personal Care","Body Wash, Soap & Hair Care","Soap","Dial","Dial White Deodorant Soap","Dial White Deodorant Soap","2.86","1.0","","3 x 4 oz","3 x 4 oz","6339.jpg",,"13"
"14834","Personal Care","Body Wash, Soap & Hair Care","Soap","Dove","Dove Beauty Bar Cucumber And Green Tea","Dove Beauty Bar Cucumber And Green Tea","4.82","1.0","","8 oz","8 oz","6343.jpg",,"13"
"14835","Personal Care","Body Wash, Soap & Hair Care","Soap","Dove","Dove Beauty Bar Cucumber And Green Tea","Dove Beauty Bar Cucumber And Green Tea","9.88","1.0","","6 x 4 oz","6 x 4 oz","18143.jpg",,"13"
"14836","Personal Care","Body Wash, Soap & Hair Care","Soap","Dove","Dove Beauty Bar Gentle Exfoliating","Dove Beauty Bar Gentle Exfoliating","4.82","1.0","","4 oz","4 oz","6353.jpg",,"13"
"14837","Personal Care","Body Wash, Soap & Hair Care","Soap","Dove","Dove Beauty Bar Pink","Dove Beauty Bar Pink","4.82","1.0","","3.75 oz","3.75 oz","6345.jpg",,"13"
"14838","Personal Care","Body Wash, Soap & Hair Care","Soap","Dove","Dove Beauty Bar Sensitive Skin","Dove Beauty Bar Sensitive Skin","9.88","1.0","","6 ct","6 ct","18135.jpg",,"13"
"14839","Personal Care","Body Wash, Soap & Hair Care","Soap","Dove","Dove Beauty Bar Sensitive Skin","Dove Beauty Bar Sensitive Skin","4.82","1.0","","3 ct","3 ct","18138.jpg",,"13"
"14840","Personal Care","Body Wash, Soap & Hair Care","Soap","Dove","Dove Beauty Bar White","Dove Beauty Bar White","1.83","1.0","","3.17 oz","3.17 oz","6342.jpg",,"13"
"14841","Personal Care","Body Wash, Soap & Hair Care","Soap","Dove","Dove Beauty Bar White","Dove Beauty Bar White","9.88","1.0","","6 x 3.75 oz","6 x 3.75 oz","18134.jpg",,"13"
"14842","Personal Care","Body Wash, Soap & Hair Care","Soap","Dove","Dove Beauty Bar White","Dove Beauty Bar White","4.82","1.0","","2 x 3.75 oz","2 x 3.75 oz","18142.jpg",,"13"
"14843","Personal Care","Body Wash, Soap & Hair Care","Soap","Dr. Bronner's","Dr. Bronner's All-One Hemp Peppermint Pure-Castile Bar Soap","Dr. Bronner's All-One Hemp Peppermint Pure-Castile Bar Soap","4.24","1.0","","5 oz","5 oz","17750.jpg",,"13"
"14844","Personal Care","Body Wash, Soap & Hair Care","Soap","Dr. Bronner's","Dr. Bronner's Magic Soaps All-One Hemp Lavender Pure-Castile Bar Soap","Dr. Bronner's Magic Soaps All-One Hemp Lavender Pure-Castile Bar Soap","4.24","1.0","","5 oz","5 oz","17715.jpg",,"13"
"14845","Personal Care","Body Wash, Soap & Hair Care","Soap","Dr. Natural","Dr. Natural Pure Castile Multi-purpose Liquid Soap, Peppermint","Dr. Natural Pure Castile Multi-purpose Liquid Soap, Peppermint","9.88","1.0","","32 fl oz","32 fl oz","No Image.jpg",,"13"
"14846","Personal Care","Body Wash, Soap & Hair Care","Soap","Irish Spring","Irish Spring Deodorant Soap","Irish Spring Deodorant Soap","3.21","1.0","","11.25 oz","11.25 oz","6355.jpg",,"13"
"14847","Personal Care","Body Wash, Soap & Hair Care","Soap","Irish Spring","Irish Spring Deodorant Soap Icy Blast","Irish Spring Deodorant Soap Icy Blast","4.93","1.0","","8 x 3.75 oz","8 x 3.75 oz","6358.jpg",,"13"
"14848","Personal Care","Body Wash, Soap & Hair Care","Soap","Irish Spring","Irish Spring Deodorant Soap, Original","Irish Spring Deodorant Soap, Original","4.93","1.0","","8 x 3.75 oz","8 x 3.75 oz","6359.jpg",,"13"
"14849","Personal Care","Body Wash, Soap & Hair Care","Soap","Ivory","Ivory Bar Soap Original","Ivory Bar Soap Original","1.83","1.0","","3.1 oz","3.1 oz","6365.jpg",,"13"
"14850","Personal Care","Body Wash, Soap & Hair Care","Soap","Ivory","Ivory Bar Soap, Aloe Scent","Ivory Bar Soap, Aloe Scent","1.83","1.0","","9.52 oz","9.52 oz","6362.jpg",,"13"
"14851","Personal Care","Body Wash, Soap & Hair Care","Soap","Ivory","Ivory Clean Original Bath Bar 4.0oz, 10 count","Ivory Clean Original Bath Bar 4.0oz, 10 count","7.0","1.0","","38.8 oz","38.8 oz","6363.jpg",,"13"
"14852","Personal Care","Body Wash, Soap & Hair Care","Soap","Jergens","Jergens Mild Soap","Jergens Mild Soap","2.17","1.0","","4 x 3.5 oz","4 x 3.5 oz","17727.jpg",,"13"
"14853","Personal Care","Body Wash, Soap & Hair Care","Soap","Kirk's","Kirk's Original Fresh Scent Gentle Castile Soap","Kirk's Original Fresh Scent Gentle Castile Soap","3.78","1.0","","4 oz","4 oz","17757.jpg",,"13"
"14854","Personal Care","Body Wash, Soap & Hair Care","Soap","Market Basket","Market Basket Antibacterial Liquid Hand Soap","Market Basket Antibacterial Liquid Hand Soap","1.71","1.0","","7.5 fl oz","7.5 fl oz","Market Basket.jpg",,"13"
"14855","Personal Care","Body Wash, Soap & Hair Care","Soap","Market Basket","Market Basket Antibacterial Liquid Hand Soap Refill","Market Basket Antibacterial Liquid Hand Soap Refill","4.7","1.0","","56 fl oz","56 fl oz","Market Basket.jpg",,"13"
"14856","Personal Care","Body Wash, Soap & Hair Care","Soap","Market Basket","Market Basket Clear Liquid Hand Soap","Market Basket Clear Liquid Hand Soap","1.88","1.0","","7.5 fl oz","7.5 fl oz","Market Basket.jpg",,"13"
"14857","Personal Care","Body Wash, Soap & Hair Care","Soap","Market Basket","Market Basket Clear Liquid Hand Soap Refill","Market Basket Clear Liquid Hand Soap Refill","4.7","1.0","","56 fl oz","56 fl oz","Market Basket.jpg",,"13"
"14858","Personal Care","Body Wash, Soap & Hair Care","Soap","Market Basket","Market Basket Cucumber Melon Liquid Hand Soap","Market Basket Cucumber Melon Liquid Hand Soap","1.71","1.0","","7.5 fl oz","7.5 fl oz","Market Basket.jpg",,"13"
"14859","Personal Care","Body Wash, Soap & Hair Care","Soap","Market Basket","Market Basket Lavender And Chamomile Liquid Hand Soap","Market Basket Lavender And Chamomile Liquid Hand Soap","1.71","1.0","","7.5 fl oz","7.5 fl oz","Market Basket.jpg",,"13"
"14860","Personal Care","Body Wash, Soap & Hair Care","Soap","Market Basket","Market Basket Liquid Hand Soap With Aloe","Market Basket Liquid Hand Soap With Aloe","1.71","1.0","","7.5 fl oz","7.5 fl oz","Market Basket.jpg",,"13"
"14861","Personal Care","Body Wash, Soap & Hair Care","Soap","Market Basket","Market Basket Liquid Hand Soap With Aloe Refill","Market Basket Liquid Hand Soap With Aloe Refill","4.7","1.0","","56 fl oz","56 fl oz","Market Basket.jpg",,"13"
"14862","Personal Care","Body Wash, Soap & Hair Care","Soap","Market Basket","Market Basket Moisturizing She's Butter Bath Bars","Market Basket Moisturizing She's Butter Bath Bars","5.62","1.0","","24 oz","24 oz","Market Basket.jpg",,"13"
"14863","Personal Care","Body Wash, Soap & Hair Care","Soap","Olay","Olay Age Defying Beauty Bar","Olay Age Defying Beauty Bar","7.69","1.0","","6 count","6 count","6377.jpg",,"13"
"14864","Personal Care","Body Wash, Soap & Hair Care","Soap","Old Spice","Old Spice Red Zone Old Spice Red Zone Swagger Bar Soap 8 oz 2 count Male Personal Cleansing","Old Spice Red Zone Old Spice Red Zone Swagger Bar Soap 8 oz 2 count Male Personal Cleansing","2.75","1.0","","16 oz","16 oz","17758.jpg",,"13"
"14865","Personal Care","Body Wash, Soap & Hair Care","Soap","Palmolive","Palmolive Mild All Family Soap Bars, Classic Scent","Palmolive Mild All Family Soap Bars, Classic Scent","1.94","1.0","","3 x 3.2 oz","3 x 3.2 oz","17742.jpg",,"13"
"14866","Personal Care","Body Wash, Soap & Hair Care","Soap","Safeguard","Safeguard Deodorant Bar Soap, White with Aloe","Safeguard Deodorant Bar Soap, White with Aloe","3.78","1.0","","15.9 oz","15.9 oz","18132.jpg",,"13"
"14867","Personal Care","Body Wash, Soap & Hair Care","Soap","Yardley","Yardley Bath Bar, Naturally Moisturizing, Oatmeal & Almond","Yardley Bath Bar, Naturally Moisturizing, Oatmeal & Almond","2.86","1.0","","1 count","1 count","17732.jpg",,"13"
"14868","Personal Care","Body Wash, Soap & Hair Care","Soap","Yardley","Yardley London Moisturizing Bath Bar English Lavender","Yardley London Moisturizing Bath Bar English Lavender","2.86","1.0","","2 count","2 count","17723.jpg",,"13"
"14869","Personal Care","Personal Needs","Family Planning","Answer","Answer Early Value Pack Pregnancy Test","Answer Early Value Pack Pregnancy Test","14.02","1.0","","2 count","2 count","6751.jpg",,"13"
"14870","Personal Care","Personal Needs","Family Planning","First Response","First Response Early Result Pregnancy Test","First Response Early Result Pregnancy Test","19.31","1.0","","2 count","2 count","6752.jpg",,"13"
"14871","Personal Care","Personal Needs","Family Planning","KY","KY Jelly Personal Lubricant","KY Jelly Personal Lubricant","3.78","1.0","","2 fl oz","2 fl oz","6753.jpg",,"13"
"14872","Personal Care","Personal Needs","Family Planning","Topcare","TopCare Pregnancy Test Early","TopCare Pregnancy Test Early","12.98","1.0","","2 count","2 count","6754.jpg",,"13"
"14873","Personal Care","Personal Needs","Family Planning","Trojan","Trojan Magnum Large Size Lubricated Latex Condoms","Trojan Magnum Large Size Lubricated Latex Condoms","9.88","1.0","","12 count","12 count","6755.jpg",,"13"
"14874","Personal Care","Feminine Care","Anti-Itch care","Vagisil","Vagisil Anti-Itch Creme","Vagisil Anti-Itch Creme","5.62","1.0","","1 oz","1 oz","17807.jpg",,"13"
"14875","Personal Care","Feminine Care","Anti-Itch care","Vagisil","Vagisil Anti-Itch Wipes Medicated","Vagisil Anti-Itch Wipes Medicated","9.19","1.0","","20 count","20 count","17806.jpg",,"13"
"14876","Personal Care","Feminine Care","Menstrual Pads","Always","Always Maxi Extra Heavy Overnight Pads Size 5","Always Maxi Extra Heavy Overnight Pads Size 5","8.5","1.0","","20 count","20 count","6492.jpg",,"13"
"14877","Personal Care","Feminine Care","Menstrual Pads","Always","Always Maxi Regular Pads Without Wings, Unscented","Always Maxi Regular Pads Without Wings, Unscented","4.93","1.0","","24 count","24 count","6490.jpg",,"13"
"14878","Personal Care","Feminine Care","Menstrual Pads","Always","Always Maxi Super Pads Without Wings Unscented","Always Maxi Super Pads Without Wings Unscented","4.93","1.0","","22 count","22 count","6501.jpg",,"13"
"14879","Personal Care","Feminine Care","Menstrual Pads","Always","Always Pads, Maxi, Regular, Lightly Scented","Always Pads, Maxi, Regular, Lightly Scented","4.7","1.0","","22 count","22 count","6494.jpg",,"13"
"14880","Personal Care","Feminine Care","Menstrual Pads","Always","Always Size 1 Regular Pads With Wings","Always Size 1 Regular Pads With Wings","8.5","1.0","","36 count","36 count","6489.jpg",,"13"
"14881","Personal Care","Feminine Care","Menstrual Pads","Always","Always Size 2 Super Pads With Wings","Always Size 2 Super Pads With Wings","4.93","1.0","","16 count","16 count","6499.jpg",,"13"
"14882","Personal Care","Feminine Care","Menstrual Pads","Always","Always Size 4 Overnight Pads With Wings","Always Size 4 Overnight Pads With Wings","11.26","1.0","","38 count","38 count","6491.jpg",,"13"
"14883","Personal Care","Feminine Care","Menstrual Pads","Always","Always Size 4 Overnight Pads With Wings","Always Size 4 Overnight Pads With Wings","6.31","1.0","","26 count","26 count","6495.jpg",,"13"
"14884","Personal Care","Feminine Care","Menstrual Pads","Always","Always Ultra Thin Long Super Pads with Flexi-Wings","Always Ultra Thin Long Super Pads with Flexi-Wings","11.26","1.0","","42 count","42 count","6500.jpg",,"13"
"14885","Personal Care","Feminine Care","Menstrual Pads","Always","Always Ultra Thin Pads Overnight","Always Ultra Thin Pads Overnight","4.93","1.0","","14 count","14 count","6497.jpg",,"13"
"14886","Personal Care","Feminine Care","Menstrual Pads","Always","Always Xtra Protection Long","Always Xtra Protection Long","8.5","1.0","","80 count","80 count","6496.jpg",,"13"
"14887","Personal Care","Feminine Care","Menstrual Pads","Always","Always Xtra Protection Long","Always Xtra Protection Long","4.93","1.0","","40 count","40 count","6498.jpg",,"13"
"14888","Personal Care","Feminine Care","Menstrual Pads","Always","Always Xtra Protection Regular","Always Xtra Protection Regular","8.5","1.0","","100 count","100 count","18160.jpg",,"13"
"14889","Personal Care","Feminine Care","Menstrual Pads","Market Basket","Market Basket Sensitive Maxi Pads Regular","Market Basket Sensitive Maxi Pads Regular","3.21","1.0","","24 count","24 count","Market Basket.jpg",,"13"
"14890","Personal Care","Feminine Care","Menstrual Pads","Market Basket","Market Basket Sensitive Maxi Pads w/ Wings Long/Super","Market Basket Sensitive Maxi Pads w/ Wings Long/Super","3.21","1.0","","20 count","20 count","Market Basket.jpg",,"13"
"14891","Personal Care","Feminine Care","Menstrual Pads","Poise","Poise Ultra Thin Incontinence Pads","Poise Ultra Thin Incontinence Pads","4.24","1.0","","30 count","30 count","17800.jpg",,"13"
"14892","Personal Care","Feminine Care","Menstrual Pads","Stayfree","Stayfree Maxi Long Pads with Wings, Unscented, Super","Stayfree Maxi Long Pads with Wings, Unscented, Super","5.62","1.0","","16 count","16 count","17805.jpg",,"13"
"14893","Personal Care","Feminine Care","Menstrual Pads","Stayfree","Stayfree Maxi Regular Pads- 24 CT","Stayfree Maxi Regular Pads- 24 CT","5.28","1.0","","24 count","24 count","6526.jpg",,"13"
"14894","Personal Care","Feminine Care","Menstrual Pads","Stayfree","Stayfree Maxi Super Pads - 24 CT","Stayfree Maxi Super Pads - 24 CT","5.28","1.0","","24 count","24 count","6527.jpg",,"13"
"14895","Personal Care","Feminine Care","Menstrual Pads","U by Kotex","U by Kotex - Premium Pads, Maxi, Super, Long","U by Kotex - Premium Pads, Maxi, Super, Long","4.47","1.0","","22 count","22 count","6520.jpg",,"13"
"14896","Personal Care","Feminine Care","Menstrual Pads","U by Kotex","U by Kotex - Premium Regular Maxi Pads","U by Kotex - Premium Regular Maxi Pads","4.47","1.0","","24 count","24 count","6521.jpg",,"13"
"14897","Personal Care","Feminine Care","Menstrual Pads","U by Kotex","U by Kotex - Premium Security Ultra Thin Pads, Regular","U by Kotex - Premium Security Ultra Thin Pads, Regular","4.47","1.0","","22 count","22 count","6519.jpg",,"13"
"14898","Personal Care","Feminine Care","Menstrual Pads","U by Kotex","U by Kotex - Super Premium AllNighter Ultra Thin Overnight Pads with Wings, Fragrance-Free","U by Kotex - Super Premium AllNighter Ultra Thin Overnight Pads with Wings, Fragrance-Free","5.39","1.0","","14 count","14 count","18159.jpg",,"13"
"14899","Personal Care","Feminine Care","Menstrual Pads","U by Kotex","U by Kotex Clean Wear Ultra Thin Pads with Wings, Regular, Fragrance-Free","U by Kotex Clean Wear Ultra Thin Pads with Wings, Regular, Fragrance-Free","5.39","1.0","","18 count","18 count","17803.jpg",,"13"
"14900","Personal Care","Feminine Care","Pantiliner","Market Basket","Market Basket Sensitive Pantiliners Unscented Long","Market Basket Sensitive Pantiliners Unscented Long","1.48","1.0","","18 count","18 count","Market Basket.jpg",,"13"
"14901","Personal Care","Feminine Care","Pantiliner","Market Basket","Market Basket Sensitive Pantiliners Unscented Regular","Market Basket Sensitive Pantiliners Unscented Regular","3.21","1.0","","64 count","64 count","Market Basket.jpg",,"13"
"14902","Personal Care","Feminine Care","Pantiliner","Market Basket","Market Basket Sensitive Pantiliners Unscented Regular","Market Basket Sensitive Pantiliners Unscented Regular","1.48","1.0","","22 count","22 count","Market Basket.jpg",,"13"
"14903","Personal Care","Feminine Care","Pantiliner","U by Kotex","Kotex Regular Unscented Lightdays Liners","Kotex Regular Unscented Lightdays Liners","4.47","1.0","","64 count","64 count","6523.jpg",,"13"
"14904","Personal Care","Feminine Care","Tampon","O.B.","O.B. Pro Comfort Regular Tampons","O.B. Pro Comfort Regular Tampons","5.62","1.0","","18 count","18 count","No Image.jpg",,"13"
"14905","Personal Care","Feminine Care","Tampon","O.B.","O.B. Pro Comfort Super Tampons","O.B. Pro Comfort Super Tampons","5.62","1.0","","18 count","18 count","No Image.jpg",,"13"
"14906","Personal Care","Feminine Care","Tampon","Playtex","Playtex Gentle Glide 360 Fresh Scent Regular/Super Absorbency Multi-Pack Tampons","Playtex Gentle Glide 360 Fresh Scent Regular/Super Absorbency Multi-Pack Tampons","7.0","1.0","","18 count","18 count","6525.jpg",,"13"
"14907","Personal Care","Feminine Care","Tampon","Playtex","Playtex Sport Playtex Plastic Tampons Sport Unscented Super","Playtex Sport Playtex Plastic Tampons Sport Unscented Super","7.0","1.0","","18 count","18 count","17802.jpg",,"13"
"14908","Personal Care","Feminine Care","Tampon","Tampax","Tampax Cardboard Applicator Tampons Super Plus Absorbency, Unscented","Tampax Cardboard Applicator Tampons Super Plus Absorbency, Unscented","8.5","1.0","","40 count","40 count","18158.jpg",,"13"
"14909","Personal Care","Feminine Care","Tampon","Tampax","Tampax Cardboard Tampons Regular","Tampax Cardboard Tampons Regular","8.5","1.0","","40 count","40 count","6505.jpg",,"13"
"14910","Personal Care","Feminine Care","Tampon","Tampax","Tampax Cardboard Tampons Regular","Tampax Cardboard Tampons Regular","4.82","1.0","","20 count","20 count","6508.jpg",,"13"
"14911","Personal Care","Feminine Care","Tampon","Tampax","Tampax Cardboard Tampons Super Unscented","Tampax Cardboard Tampons Super Unscented","4.82","1.0","","20 count","20 count","6503.jpg",,"13"
"14912","Personal Care","Feminine Care","Tampon","Tampax","Tampax Multipax Anti-Slip Grip Tampons","Tampax Multipax Anti-Slip Grip Tampons","8.5","1.0","","40 count","40 count","6504.jpg",,"13"
"14913","Personal Care","Feminine Care","Tampon","Tampax","Tampax Pearl Scented Tampons Regular","Tampax Pearl Scented Tampons Regular","6.31","1.0","","18 count","18 count","6506.jpg",,"13"
"14914","Personal Care","Feminine Care","Tampon","Tampax","Tampax Pearl Tampons Super","Tampax Pearl Tampons Super","6.31","1.0","","18 count","18 count","6510.jpg",,"13"
"14915","Personal Care","Feminine Care","Tampon","Tampax","Tampax Pearl Tampons Super Absorbency Scented","Tampax Pearl Tampons Super Absorbency Scented","6.31","1.0","","18 count","18 count","6507.jpg",,"13"
"14916","Personal Care","Feminine Care","Tampon","Tampax","Tampax Pearl, Regular, Plastic Tampons, Unscented","Tampax Pearl, Regular, Plastic Tampons, Unscented","6.31","1.0","","18 count","18 count","6509.jpg",,"13"
"14917","Personal Care","Feminine Care","Tampon","U by Kotex","U by Kotex - Super Premium Click Compact Tampons, Regular Absorbency, Unscented","U by Kotex - Super Premium Click Compact Tampons, Regular Absorbency, Unscented","6.2","1.0","","18 count","18 count","6517.jpg",,"13"
"14918","Personal Care","Feminine Care","Tampon","U by Kotex","U by Kotex - Super Premium Click Compact Tampons, Super Absorbency, Unscented","U by Kotex - Super Premium Click Compact Tampons, Super Absorbency, Unscented","6.2","1.0","","18 count","18 count","6516.jpg",,"13"
"14919","Personal Care","Feminine Care","Tampon","U by Kotex","U by Kotex - Super Premium Super ABS Premium Tampons Sleek","U by Kotex - Super Premium Super ABS Premium Tampons Sleek","6.2","1.0","","18 count","18 count","6518.jpg",,"13"
"14920","Personal Care","Feminine Care","Tampon","U by Kotex","U by Kotex Security Tampons","U by Kotex Security Tampons","4.47","1.0","","18 count","18 count","17804.jpg",,"13"
"14921","Personal Care","First Aid & Healthcare","Cold, Flu & Allergy","Afrin No Drip","Afrin No Drip Extra Moisturizing Pump Mist","Afrin No Drip Extra Moisturizing Pump Mist","10.22","1.0","","0.5 fl oz","0.5 fl oz","6662.jpg",,"13"
"14922","Personal Care","First Aid & Healthcare","Cold, Flu & Allergy","Arm & Hammer","Arm & Hammer Daily Care Nasal Mist","Arm & Hammer Daily Care Nasal Mist","7.69","1.0","","1.5 oz","1.5 oz","6663.jpg",,"13"
"14923","Personal Care","First Aid & Healthcare","Cold, Flu & Allergy","Benadryl","Benadryl Allergy Ultratabs Tablets","Benadryl Allergy Ultratabs Tablets","7.0","1.0","","24 count","24 count","6661.jpg",,"13"
"14924","Personal Care","First Aid & Healthcare","Cold, Flu & Allergy","Benadryl","Benadryl Children's Allergy Relief","Benadryl Children's Allergy Relief","2.86","1.0","","1 count","1 count","No Image.jpg",,"13"
"14925","Personal Care","First Aid & Healthcare","Cold, Flu & Allergy","Claritin","Claritin 24 Hour Non-Drowsy Allergy Tablets","Claritin 24 Hour Non-Drowsy Allergy Tablets","10.22","1.0","","5 count","5 count","6664.jpg",,"13"
"14926","Personal Care","First Aid & Healthcare","Cold, Flu & Allergy","Equate","Equate Daytime Cold & Flu","Equate Daytime Cold & Flu","3.55","1.0","","1 pack","1 pack","No Image.jpg",,"13"
"14927","Personal Care","First Aid & Healthcare","Cold, Flu & Allergy","Flonase","Flonase Decongestant Nasal Spray","Flonase Decongestant Nasal Spray","19.65","1.0","","60 count","60 count","6665.jpg",,"13"
"14928","Personal Care","First Aid & Healthcare","Cold, Flu & Allergy","Halls","Halls Black Cherry Sugar Free Cough Drops","Halls Black Cherry Sugar Free Cough Drops","2.29","1.0","","30 count","30 count","6660.jpg",,"13"
"14929","Personal Care","First Aid & Healthcare","Cold, Flu & Allergy","Halls","Halls Relief Cherry Cough Suppressant/Oral Anesthetic Drops","Halls Relief Cherry Cough Suppressant/Oral Anesthetic Drops","2.29","1.0","","40 count","40 count","6659.jpg",,"13"
"14930","Personal Care","First Aid & Healthcare","Cold, Flu & Allergy","Halls","Halls Relief Menthol Drops, Honey Lemon","Halls Relief Menthol Drops, Honey Lemon","2.29","1.0","","40 count","40 count","6658.jpg",,"13"
"14931","Personal Care","First Aid & Healthcare","Cold, Flu & Allergy","Market Basket","Market Basket Cough Drops","Market Basket Cough Drops","1.48","1.0","","1 pack","1 pack","Market Basket.jpg",,"13"
"14932","Personal Care","First Aid & Healthcare","Cold, Flu & Allergy","Ricola","Ricola Lemon Mint Herb Throat Drops","Ricola Lemon Mint Herb Throat Drops","2.86","1.0","","24 count","24 count","6666.jpg",,"13"
"14933","Personal Care","First Aid & Healthcare","Cold, Flu & Allergy","Vicks","Vicks V NyQuil NyQuil Cough, Cold & Flu Nighttime Relief 16 LiquiCaps","Vicks V NyQuil NyQuil Cough, Cold & Flu Nighttime Relief 16 LiquiCaps","8.5","1.0","","16 count","16 count","17846.jpg",,"13"
"14934","Personal Care","First Aid & Healthcare","Cold, Flu & Allergy","Vicks","Vicks Vaporub VapoRub Ointment","Vicks Vaporub VapoRub Ointment","7.35","1.0","","1.76 oz","1.76 oz","18177.jpg",,"13"
"14935","Personal Care","First Aid & Healthcare","Digestion","Market Basket","Market Basket Seltzer Plain","Market Basket Seltzer Plain","4.24","1.0","","144 fl oz","144 fl oz","Market Basket.jpg",,"13"
"14936","Personal Care","First Aid & Healthcare","Digestion","MiraLAX","MiraLAX Laxative Powder","MiraLAX Laxative Powder","18.27","1.0","","8.3 oz","8.3 oz","6653.jpg",,"13"
"14937","Personal Care","First Aid & Healthcare","Digestion","Pepcid","Pepcid Maximum Strength Ac Tablets","Pepcid Maximum Strength Ac Tablets","8.5","1.0","","8 count","8 count","6654.jpg",,"13"
"14938","Personal Care","First Aid & Healthcare","Digestion","Pepto Bismol","Pepto-Bismol 5 Symptom Digestive Relief","Pepto-Bismol 5 Symptom Digestive Relief","7.0","1.0","","30 count","30 count","6650.jpg",,"13"
"14939","Personal Care","First Aid & Healthcare","Digestion","Pepto Bismol","Pepto-Bismol Original Flavor","Pepto-Bismol Original Flavor","7.0","1.0","","8 fl oz","8 fl oz","6649.jpg",,"13"
"14940","Personal Care","First Aid & Healthcare","Digestion","Pepto Bismol","Pepto-Bismol Pepto Original Liquid for Nausea, Heartburn, Indigestion, Upset Stomach","Pepto-Bismol Pepto Original Liquid for Nausea, Heartburn, Indigestion, Upset Stomach","4.01","1.0","","4 fl oz","4 fl oz","6651.jpg",,"13"
"14941","Personal Care","First Aid & Healthcare","Digestion","Pepto Bismol","Pepto-Bismol Upset Stomach Reliever/Antidiarrheal, 2x Strength, Ultra","Pepto-Bismol Upset Stomach Reliever/Antidiarrheal, 2x Strength, Ultra","8.15","1.0","","8 fl oz","8 fl oz","6652.jpg",,"13"
"14942","Personal Care","First Aid & Healthcare","Digestion","Phillips","Phillips' Genuine Saline Laxative Milk Of Magnesia Wild Cherry","Phillips' Genuine Saline Laxative Milk Of Magnesia Wild Cherry","7.69","1.0","","12 fl oz","12 fl oz","6655.jpg",,"13"
"14943","Personal Care","First Aid & Healthcare","Digestion","Topcare","TopCare Antacid Advanced Regular Strength Mint","TopCare Antacid Advanced Regular Strength Mint","4.82","1.0","","12 fl oz","12 fl oz","6656.jpg",,"13"
"14944","Personal Care","First Aid & Healthcare","Digestion","Topcare","Topcare Health Maximum Strength Acid Reducer Famotidine 20 Mg Tablets","Topcare Health Maximum Strength Acid Reducer Famotidine 20 Mg Tablets","4.82","1.0","","25 count","25 count","6657.jpg",,"13"
"14945","Personal Care","First Aid & Healthcare","Digestion","Tums","Tums Antacid","Tums Antacid","7.0","1.0","","72 count","72 count","6644.jpg",,"13"
"14946","Personal Care","First Aid & Healthcare","Digestion","Tums","Tums Antacid","Tums Antacid","7.0","1.0","","96 count","96 count","6645.jpg",,"13"
"14947","Personal Care","First Aid & Healthcare","Digestion","Tums","Tums Antacid Ultra Strength 1000 Chewable Tablets Tropical Fruit","Tums Antacid Ultra Strength 1000 Chewable Tablets Tropical Fruit","7.0","1.0","","72 count","72 count","6647.jpg",,"13"
"14948","Personal Care","First Aid & Healthcare","Digestion","Tums","Tums Regular Strength Peppermint Antacid/Calcium Supplement Chewable Tablets","Tums Regular Strength Peppermint Antacid/Calcium Supplement Chewable Tablets","7.0","1.0","","150 count","150 count","6648.jpg",,"13"
"14949","Personal Care","First Aid & Healthcare","Digestion","Tums","Tums Smoothies Extra Strength 750 Chewable Antacid Tablets Peppermint","Tums Smoothies Extra Strength 750 Chewable Antacid Tablets Peppermint","6.31","1.0","","60 count","60 count","6646.jpg",,"13"
"14950","Personal Care","First Aid & Healthcare","First Aid","Ace","Ace Bandage, Elastic, with Clips, 3 Inch","Ace Bandage, Elastic, with Clips, 3 Inch","5.62","1.0","","1 count","1 count","6539.jpg",,"13"
"14951","Personal Care","First Aid & Healthcare","First Aid","Band Aid Brand","Band Aid Brand Adhesive Bandages Sheer, Assorted Sizes","Band Aid Brand Adhesive Bandages Sheer, Assorted Sizes","4.7","1.0","","80 count","80 count","6530.jpg",,"13"
"14952","Personal Care","First Aid & Healthcare","First Aid","Band Aid Brand","Band Aid Brand Adhesive Bandages Tough-Strips , All One Size","Band Aid Brand Adhesive Bandages Tough-Strips , All One Size","4.7","1.0","","20 count","20 count","6529.jpg",,"13"
"14953","Personal Care","First Aid & Healthcare","First Aid","Band Aid Brand","Band Aid Brand Adhesive Bandages With Neosporin , Assorted Sizes","Band Aid Brand Adhesive Bandages With Neosporin , Assorted Sizes","5.51","1.0","","20 count","20 count","6531.jpg",,"13"
"14954","Personal Care","First Aid & Healthcare","First Aid","Band Aid Brand","Band Aid Brand Flexible Fabric Adhesive Bandages, Assorted Sizes","Band Aid Brand Flexible Fabric Adhesive Bandages, Assorted Sizes","4.7","1.0","","30 count","30 count","6528.jpg",,"13"
"14955","Personal Care","First Aid & Healthcare","First Aid","Band Aid Brand","Band Aid Brand Plastic Strips Adhesive Bandages, All One Size","Band Aid Brand Plastic Strips Adhesive Bandages, All One Size","3.21","1.0","","60 count","60 count","17809.jpg",,"13"
"14956","Personal Care","First Aid & Healthcare","First Aid","Clear Care","Clear Care Cleaning & Disinfecting Solution Triple Action Cleaning","Clear Care Cleaning & Disinfecting Solution Triple Action Cleaning","15.17","1.0","","12 fl oz","12 fl oz","6540.jpg",,"13"
"14957","Personal Care","First Aid & Healthcare","First Aid","Cortizone-10","Cortizone-10 Intensive Healing Formula Maximum Strength Anti-Itch Creme","Cortizone-10 Intensive Healing Formula Maximum Strength Anti-Itch Creme","8.15","1.0","","1 oz","1 oz","6533.jpg",,"13"
"14958","Personal Care","First Aid & Healthcare","First Aid","Cortizone-10","Cortizone-10 Maximum Strength Anti-Itch Ointment","Cortizone-10 Maximum Strength Anti-Itch Ointment","7.69","1.0","","1 oz","1 oz","6532.jpg",,"13"
"14959","Personal Care","First Aid & Healthcare","First Aid","Cortizone-10","Cortizone-10 Plus Ultra Moisturizing Creme","Cortizone-10 Plus Ultra Moisturizing Creme","8.15","1.0","","1 oz","1 oz","6534.jpg",,"13"
"14960","Personal Care","First Aid & Healthcare","First Aid","Gold Bond","Gold Bond Anti-Itch Cream Rapid Relief Maximum Strength","Gold Bond Anti-Itch Cream Rapid Relief Maximum Strength","5.62","1.0","","1 oz","1 oz","6542.jpg",,"13"
"14961","Personal Care","First Aid & Healthcare","First Aid","Lotrimin","Lotrimin Athlete's Foot 1% Clotrimazole Antifungal Cream","Lotrimin Athlete's Foot 1% Clotrimazole Antifungal Cream","12.64","1.0","","0.42 oz","0.42 oz","6538.jpg",,"13"
"14962","Personal Care","First Aid & Healthcare","First Aid","Lotrimin","Lotrimin Ultra Antifungal Cream","Lotrimin Ultra Antifungal Cream","14.71","1.0","","0.42 oz","0.42 oz","6537.jpg",,"13"
"14963","Personal Care","First Aid & Healthcare","First Aid","Market Basket","Market Basket Assorted Flexible Fabric Bandages","Market Basket Assorted Flexible Fabric Bandages","2.52","1.0","","30 count","30 count","Market Basket.jpg",,"13"
"14964","Personal Care","First Aid & Healthcare","First Aid","Market Basket","Market Basket Flexible Fabric 2""x 4"" Bandages","Market Basket Flexible Fabric 2""x 4"" Bandages","1.94","1.0","","10 count","10 count","Market Basket.jpg",,"13"
"14965","Personal Care","First Aid & Healthcare","First Aid","Market Basket","Market Basket Hydrogen Peroxide","Market Basket Hydrogen Peroxide","1.48","1.0","","32 oz","32 oz","Market Basket.jpg",,"13"
"14966","Personal Care","First Aid & Healthcare","First Aid","Market Basket","Market Basket Super Flex Action Bandages","Market Basket Super Flex Action Bandages","2.52","1.0","","45 count","45 count","Market Basket.jpg",,"13"
"14967","Personal Care","First Aid & Healthcare","First Aid","Neosporin","Neosporin Original Ointment","Neosporin Original Ointment","7.0","1.0","","0.5 oz","0.5 oz","6543.jpg",,"13"
"14968","Personal Care","First Aid & Healthcare","First Aid","Nexcare","Nexcare Bandages, Natural Feel, Assorted","Nexcare Bandages, Natural Feel, Assorted","3.55","1.0","","30 count","30 count","17810.jpg",,"13"
"14969","Personal Care","First Aid & Healthcare","First Aid","Topcare","TopCare Calamine Topical Suspension Usp Skin Protectant Lotion","TopCare Calamine Topical Suspension Usp Skin Protectant Lotion","4.24","1.0","","6 fl oz","6 fl oz","6535.jpg",,"13"
"14970","Personal Care","First Aid & Healthcare","First Aid","Topcare","TopCare Sheer Bandages","TopCare Sheer Bandages","3.55","1.0","","10 count","10 count","6536.jpg",,"13"
"14971","Personal Care","First Aid & Healthcare","First Aid","Zicam","Zicam RapidMelts Cherry Flavor Cold Remedy","Zicam RapidMelts Cherry Flavor Cold Remedy","15.51","1.0","","25 count","25 count","17811.jpg",,"13"
"14972","Personal Care","First Aid & Healthcare","Menstrual Relief","Midol","Midol Complete Menstrual Period Symptoms Relief Gelcaps","Midol Complete Menstrual Period Symptoms Relief Gelcaps","8.5","1.0","","24 count","24 count","17808.jpg",,"13"
"14973","Personal Care","First Aid & Healthcare","Menstrual Relief","Pamprin","Pamprin Maximum Strength Multi-Symptom Menstrual Pain Relief","Pamprin Maximum Strength Multi-Symptom Menstrual Pain Relief","6.2","1.0","","20 count","20 count","17801.jpg",,"13"
"14974","Personal Care","First Aid & Healthcare","Muscles, Joints & Pain Relief","Advil","Advil Children's Ibuprofen","Advil Children's Ibuprofen","7.0","1.0","","24 count","24 count","6632.jpg",,"13"
"14975","Personal Care","First Aid & Healthcare","Muscles, Joints & Pain Relief","Advil","Advil Ibuprofen","Advil Ibuprofen","8.5","1.0","","50 count","50 count","6624.jpg",,"13"
"14976","Personal Care","First Aid & Healthcare","Muscles, Joints & Pain Relief","Advil","Advil Ibuprofen","Advil Ibuprofen","11.26","1.0","","40 count","40 count","6621.jpg",,"13"
"14977","Personal Care","First Aid & Healthcare","Muscles, Joints & Pain Relief","Advil","Advil Ibuprofen","Advil Ibuprofen","5.05","1.0","","20 count","20 count","6622.jpg",,"13"
"14978","Personal Care","First Aid & Healthcare","Muscles, Joints & Pain Relief","Advil","Advil Ibuprofen","Advil Ibuprofen","8.5","1.0","","40 count","40 count","6626.jpg",,"13"
"14979","Personal Care","First Aid & Healthcare","Muscles, Joints & Pain Relief","Advil","Advil Ibuprofen","Advil Ibuprofen","12.64","1.0","","80 count","80 count","6627.jpg",,"13"
"14980","Personal Care","First Aid & Healthcare","Muscles, Joints & Pain Relief","Advil","Advil Ibuprofen","Advil Ibuprofen","5.05","1.0","","24 count","24 count","6629.jpg",,"13"
"14981","Personal Care","First Aid & Healthcare","Muscles, Joints & Pain Relief","Advil","Advil Ibuprofen","Advil Ibuprofen","5.05","1.0","","24 count","24 count","6631.jpg",,"13"
"14982","Personal Care","First Aid & Healthcare","Muscles, Joints & Pain Relief","Advil","Advil Ibuprofen 200mg Coated Tablets, Pain Reliever Fever Reducer","Advil Ibuprofen 200mg Coated Tablets, Pain Reliever Fever Reducer","8.5","1.0","","50 count","50 count","6630.jpg",,"13"
"14983","Personal Care","First Aid & Healthcare","Muscles, Joints & Pain Relief","Advil","Advil Medicinal Sleep Aid","Advil Medicinal Sleep Aid","6.08","1.0","","20 count","20 count","6625.jpg",,"13"
"14984","Personal Care","First Aid & Healthcare","Muscles, Joints & Pain Relief","Advil","Advil Medicinal Sleep Aid","Advil Medicinal Sleep Aid","15.51","1.0","","80 count","80 count","6623.jpg",,"13"
"14985","Personal Care","First Aid & Healthcare","Muscles, Joints & Pain Relief","Advil","Advil Medicinal Sleep Aid","Advil Medicinal Sleep Aid","11.26","1.0","","40 count","40 count","6628.jpg",,"13"
"14986","Personal Care","First Aid & Healthcare","Muscles, Joints & Pain Relief","Aleve","Aleve Pain Reliever Tablets","Aleve Pain Reliever Tablets","14.02","1.0","","100 count","100 count","6639.jpg",,"13"
"14987","Personal Care","First Aid & Healthcare","Muscles, Joints & Pain Relief","Aspercreme","Aspercreme Pain Relieving Creme Max Strength","Aspercreme Pain Relieving Creme Max Strength","8.84","1.0","","3 oz","3 oz","6640.jpg",,"13"
"14988","Personal Care","First Aid & Healthcare","Muscles, Joints & Pain Relief","Bayer","Bayer Aspirin Low Dose Safety Coated Tablets","Bayer Aspirin Low Dose Safety Coated Tablets","9.88","1.0","","120 count","120 count","6635.jpg",,"13"
"14989","Personal Care","First Aid & Healthcare","Muscles, Joints & Pain Relief","Bayer","Bayer Asprin Regimen Pain Reliever Low Dose Chewable Tablets Orange","Bayer Asprin Regimen Pain Reliever Low Dose Chewable Tablets Orange","4.24","1.0","","36 count","36 count","6634.jpg",,"13"
"14990","Personal Care","First Aid & Healthcare","Muscles, Joints & Pain Relief","Bayer","Bayer Genuine Asprin Pain Reliever/Fever Reducer Coated Tablets","Bayer Genuine Asprin Pain Reliever/Fever Reducer Coated Tablets","9.88","1.0","","100 count","100 count","6633.jpg",,"13"
"14991","Personal Care","First Aid & Healthcare","Muscles, Joints & Pain Relief","Excedrin","Excedrin Acetaminophen","Excedrin Acetaminophen","16.89","1.0","","100 count","100 count","6641.jpg",,"13"
"14992","Personal Care","First Aid & Healthcare","Muscles, Joints & Pain Relief","Icy Hot","Icy Hot Pain Relieving Cream Extra Strength","Icy Hot Pain Relieving Cream Extra Strength","5.28","1.0","","1.25 oz","1.25 oz","6642.jpg",,"13"
"14993","Personal Care","First Aid & Healthcare","Muscles, Joints & Pain Relief","Market Basket","Market Basket 81 mg Adult Low Strength Aspirin Coated Tablets","Market Basket 81 mg Adult Low Strength Aspirin Coated Tablets","4.24","1.0","","300 count","300 count","Market Basket.jpg",,"13"
"14994","Personal Care","First Aid & Healthcare","Muscles, Joints & Pain Relief","Market Basket","Market Basket 81 mg Adult Low Strength Aspirin Coated Tablets","Market Basket 81 mg Adult Low Strength Aspirin Coated Tablets","2.86","1.0","","120 count","120 count","Market Basket.jpg",,"13"
"14995","Personal Care","First Aid & Healthcare","Muscles, Joints & Pain Relief","Market Basket","Market Basket Extra Strength Non Aspirin Pain Relief Acetaminophen","Market Basket Extra Strength Non Aspirin Pain Relief Acetaminophen","5.62","1.0","","100 count","100 count","Market Basket.jpg",,"13"
"14996","Personal Care","First Aid & Healthcare","Muscles, Joints & Pain Relief","Market Basket","Market Basket Extra Strength Non Aspirin Pain Relief Acetaminophen","Market Basket Extra Strength Non Aspirin Pain Relief Acetaminophen","4.24","1.0","","50 count","50 count","Market Basket.jpg",,"13"
"14997","Personal Care","First Aid & Healthcare","Muscles, Joints & Pain Relief","Market Basket","Market Basket Ibuprofen Coated Caplets 200 mg","Market Basket Ibuprofen Coated Caplets 200 mg","7.0","1.0","","100 count","100 count","Market Basket.jpg",,"13"
"14998","Personal Care","First Aid & Healthcare","Muscles, Joints & Pain Relief","Market Basket","Market Basket Ibuprofen Coated Caplets 200 mg","Market Basket Ibuprofen Coated Caplets 200 mg","2.86","1.0","","24 count","24 count","Market Basket.jpg",,"13"
"14999","Personal Care","First Aid & Healthcare","Muscles, Joints & Pain Relief","Market Basket","Market Basket Ibuprofen Coated Tablets 200 mg","Market Basket Ibuprofen Coated Tablets 200 mg","4.24","1.0","","50 count","50 count","Market Basket.jpg",,"13"
"15000","Personal Care","First Aid & Healthcare","Muscles, Joints & Pain Relief","Market Basket","Market Basket Ibuprofen Coated Tablets 200 mg","Market Basket Ibuprofen Coated Tablets 200 mg","7.0","1.0","","100 count","100 count","Market Basket.jpg",,"13"
"15001","Personal Care","First Aid & Healthcare","Muscles, Joints & Pain Relief","Topcare","TopCare Athlete's Foot Antifungal Clotrimazole Usp 1% Cream","TopCare Athlete's Foot Antifungal Clotrimazole Usp 1% Cream","5.62","1.0","","0.5 oz","0.5 oz","6638.jpg",,"13"
"15002","Personal Care","First Aid & Healthcare","Muscles, Joints & Pain Relief","Topcare","TopCare Children's Pain Reliever & Fever Reducer Acetaminophen 160 Mg Per 5 Ml Oral Suspension, Cherry","TopCare Children's Pain Reliever & Fever Reducer Acetaminophen 160 Mg Per 5 Ml Oral Suspension, Cherry","4.24","1.0","","4 fl oz","4 fl oz","6636.jpg",,"13"
"15003","Personal Care","First Aid & Healthcare","Muscles, Joints & Pain Relief","Topcare","TopCare Infants' Ibuprofen 50 Mg Pain Reliever / Fever Reducer (nsaid) Oral Suspension, Berry","TopCare Infants' Ibuprofen 50 Mg Pain Reliever / Fever Reducer (nsaid) Oral Suspension, Berry","8.5","1.0","","0.5 fl oz","0.5 fl oz","6637.jpg",,"13"
"15004","Personal Care","First Aid & Healthcare","Muscles, Joints & Pain Relief","Tylenol","Tylenol Childrens Childrens Tylenol Oral Suspension","Tylenol Childrens Childrens Tylenol Oral Suspension","9.19","1.0","","4 fl oz","4 fl oz","6643.jpg",,"13"
"15005","Personal Care","Personal Needs","Beauty Products","Market Basket","Market Basket Cotton Balls","Market Basket Cotton Balls","1.25","1.0","","100 count","100 count","Market Basket.jpg",,"13"
"15006","Personal Care","Personal Needs","Deodorants","Arm & Hammer","Arm & Hammer Fresh Rosemary Lavender Deodorant","Arm & Hammer Fresh Rosemary Lavender Deodorant","4.82","1.0","","2.5 oz","2.5 oz","6317.jpg",,"13"
"15007","Personal Care","Personal Needs","Deodorants","Arm & Hammer","Arm & Hammer Ultra Max Active Sport Advanced Sweat Control Antiperspirant","Arm & Hammer Ultra Max Active Sport Advanced Sweat Control Antiperspirant","4.82","1.0","","2.6 oz","2.6 oz","6318.jpg",,"13"
"15008","Personal Care","Personal Needs","Deodorants","Arm & Hammer","Arm & Hammer Ultra Max Antiperspirant Deodorant Unscented","Arm & Hammer Ultra Max Antiperspirant Deodorant Unscented","4.82","1.0","","2.6 oz","2.6 oz","6319.jpg",,"13"
"15009","Personal Care","Personal Needs","Deodorants","Arrid","Arrid Aerosol Antiperspirant Deodorant Ultra Fresh","Arrid Aerosol Antiperspirant Deodorant Ultra Fresh","6.2","1.0","","6 oz","6 oz","17697.jpg",,"13"
"15010","Personal Care","Personal Needs","Deodorants","Arrid","Arrid Antiperspirant Deodorant Extra Extra Dry Regular Solid","Arrid Antiperspirant Deodorant Extra Extra Dry Regular Solid","4.82","1.0","","2.6 fl oz","2.6 fl oz","17704.jpg",,"13"
"15011","Personal Care","Personal Needs","Deodorants","Axe","Axe Antiperspirant Deodorant Stick For Men Essence","Axe Antiperspirant Deodorant Stick For Men Essence","7.0","1.0","","2.7 oz","2.7 oz","6291.jpg",,"13"
"15012","Personal Care","Personal Needs","Deodorants","Axe","Axe Antiperspirant Deodorant Stick For Men Phoenix","Axe Antiperspirant Deodorant Stick For Men Phoenix","6.24","1.0","","2.7 oz","2.7 oz","18127.jpg",,"13"
"15013","Personal Care","Personal Needs","Deodorants","Axe","Axe Body Spray For Men Dark Temptation","Axe Body Spray For Men Dark Temptation","7.0","1.0","","4 oz","4 oz","18122.jpg",,"13"
"15014","Personal Care","Personal Needs","Deodorants","Axe","Axe Body Spray For Men Essence","Axe Body Spray For Men Essence","7.0","1.0","","4 oz","4 oz","6292.jpg",,"13"
"15015","Personal Care","Personal Needs","Deodorants","Axe","Axe Body Spray For Men Kilo","Axe Body Spray For Men Kilo","7.0","1.0","","4 oz","4 oz","6293.jpg",,"13"
"15016","Personal Care","Personal Needs","Deodorants","Axe","Axe Deodorant Stick For Men Phoenix","Axe Deodorant Stick For Men Phoenix","7.0","1.0","","3 oz","3 oz","18131.jpg",,"13"
"15017","Personal Care","Personal Needs","Deodorants","Ban","Ban Powder Fresh Antiperspirant/Deodorant","Ban Powder Fresh Antiperspirant/Deodorant","4.24","1.0","","1.5 oz","1.5 oz","6322.jpg",,"13"
"15018","Personal Care","Personal Needs","Deodorants","Ban","Ban Shower Fresh Invisible Solid Antiperspirant/Deodorant","Ban Shower Fresh Invisible Solid Antiperspirant/Deodorant","4.24","1.0","","2.6 oz","2.6 oz","6320.jpg",,"13"
"15019","Personal Care","Personal Needs","Deodorants","Ban","Ban Unscented Invisible Solid Antiperspirant/Deodorant","Ban Unscented Invisible Solid Antiperspirant/Deodorant","4.24","1.0","","2.6 oz","2.6 oz","6321.jpg",,"13"
"15020","Personal Care","Personal Needs","Deodorants","Degree","Degree Antiperspirant Deodorant Fresh","Degree Antiperspirant Deodorant Fresh","4.24","1.0","","2.6 oz","2.6 oz","6324.jpg",,"13"
"15021","Personal Care","Personal Needs","Deodorants","Degree","Degree Invisible Solid Shower Clean","Degree Invisible Solid Shower Clean","4.24","1.0","","2.6 oz","2.6 oz","18125.jpg",,"13"
"15022","Personal Care","Personal Needs","Deodorants","Degree","Degree Men Antiperspirant Deodorant Solid Cool Rush","Degree Men Antiperspirant Deodorant Solid Cool Rush","4.24","1.0","","2.7 oz","2.7 oz","18124.jpg",,"13"
"15023","Personal Care","Personal Needs","Deodorants","Degree","Degree Men Cool Comfort Antiperspirant and Deodorant","Degree Men Cool Comfort Antiperspirant and Deodorant","4.93","1.0","","2.7 oz","2.7 oz","18120.jpg",,"13"
"15024","Personal Care","Personal Needs","Deodorants","Degree","Degree Motionsense Antiperspirant Deodorant Sheer Powder","Degree Motionsense Antiperspirant Deodorant Sheer Powder","6.31","1.0","","2.6 oz","2.6 oz","6323.jpg",,"13"
"15025","Personal Care","Personal Needs","Deodorants","Dove","Dove Antiperspirant Deodorant For Women Original Clean","Dove Antiperspirant Deodorant For Women Original Clean","4.36","1.0","","2.6 oz","2.6 oz","18123.jpg",,"13"
"15026","Personal Care","Personal Needs","Deodorants","Dove","Dove Antiperspirant Deodorant For Women Powder","Dove Antiperspirant Deodorant For Women Powder","4.24","1.0","","2.6 oz","2.6 oz","6297.jpg",,"13"
"15027","Personal Care","Personal Needs","Deodorants","Dove","Dove Antiperspirant Deodorant Fresh","Dove Antiperspirant Deodorant Fresh","2.86","1.0","","1.6 oz","1.6 oz","6299.jpg",,"13"
"15028","Personal Care","Personal Needs","Deodorants","Dove","Dove Antiperspirant Deodorant Fresh","Dove Antiperspirant Deodorant Fresh","4.24","1.0","","2.6 fl oz","2.6 fl oz","6301.jpg",,"13"
"15029","Personal Care","Personal Needs","Deodorants","Dove","Dove Antiperspirant Deodorant Powder","Dove Antiperspirant Deodorant Powder","2.86","1.0","","1.6 oz","1.6 oz","18128.jpg",,"13"
"15030","Personal Care","Personal Needs","Deodorants","Dove","Dove Dry Spray Antiperspirant Cool Essentials","Dove Dry Spray Antiperspirant Cool Essentials","9.88","1.0","","3 oz","3 oz","18126.jpg",,"13"
"15031","Personal Care","Personal Needs","Deodorants","Dry Idea","Dry Idea Advanced Dry Clear Gel Unscented Antiperspirant & Deodorant","Dry Idea Advanced Dry Clear Gel Unscented Antiperspirant & Deodorant","5.39","1.0","","3 fl oz","3 fl oz","17693.jpg",,"13"
"15032","Personal Care","Personal Needs","Deodorants","Gillette","Gillette Cool Wave Clear Gel Mens Antiperspirant and Deodorant 2.85 oz","Gillette Cool Wave Clear Gel Mens Antiperspirant and Deodorant 2.85 oz","4.93","1.0","","2.85 oz","2.85 oz","17694.jpg",,"13"
"15033","Personal Care","Personal Needs","Deodorants","Lady Speed Stick","Lady Speed Stick Invisible Dry Power Antiperspirant/Deodorant Wild Freesia","Lady Speed Stick Invisible Dry Power Antiperspirant/Deodorant Wild Freesia","4.24","1.0","","2.3 oz","2.3 oz","17698.jpg",,"13"
"15034","Personal Care","Personal Needs","Deodorants","Lady Speed Stick","Lady Speed Stick Invisible Dry Shower Fresh","Lady Speed Stick Invisible Dry Shower Fresh","4.24","1.0","","2.3 oz","2.3 oz","17707.jpg",,"13"
"15035","Personal Care","Personal Needs","Deodorants","Mitchum","Mitchum Women Gel Antiperspirant & Deodorant Powder Fresh","Mitchum Women Gel Antiperspirant & Deodorant Powder Fresh","5.28","1.0","","2.25 oz","2.25 oz","17706.jpg",,"13"
"15036","Personal Care","Personal Needs","Deodorants","Old Spice","Old Spice Classic Original Scent Deodorant for Men","Old Spice Classic Original Scent Deodorant for Men","4.24","1.0","","3.25 oz","3.25 oz","6305.jpg",,"13"
"15037","Personal Care","Personal Needs","Deodorants","Old Spice","Old Spice Extra-Strong Anti-Perspirant/Deodorant Extra Fresh","Old Spice Extra-Strong Anti-Perspirant/Deodorant Extra Fresh","7.0","1.0","","2.6 oz","2.6 oz","6306.jpg",,"13"
"15038","Personal Care","Personal Needs","Deodorants","Old Spice","Old Spice Fresh Scent Men's Deodorant","Old Spice Fresh Scent Men's Deodorant","2.86","1.0","","2.25 oz","2.25 oz","18116.jpg",,"13"
"15039","Personal Care","Personal Needs","Deodorants","Old Spice","Old Spice High Endurance Deodorant Original","Old Spice High Endurance Deodorant Original","4.24","1.0","","3 oz","3 oz","6307.jpg",,"13"
"15040","Personal Care","Personal Needs","Deodorants","Old Spice","Old Spice High Endurance Pure Sport Scent Deodorant for Men","Old Spice High Endurance Pure Sport Scent Deodorant for Men","2.86","1.0","","2.25 oz","2.25 oz","18118.jpg",,"13"
"15041","Personal Care","Personal Needs","Deodorants","Old Spice","Old Spice O.S.SFT SOLID DEOD RED ZN FRSH","Old Spice O.S.SFT SOLID DEOD RED ZN FRSH","7.0","1.0","","2.6 oz","2.6 oz","6308.jpg",,"13"
"15042","Personal Care","Personal Needs","Deodorants","Right Guard","Right Guard Sport Antiperspirant Active","Right Guard Sport Antiperspirant Active","4.24","1.0","","2.6 oz","2.6 oz","6326.jpg",,"13"
"15043","Personal Care","Personal Needs","Deodorants","Right Guard","Right Guard Sport Deodorant Aerosol Original","Right Guard Sport Deodorant Aerosol Original","7.46","1.0","","10 oz","10 oz","6327.jpg",,"13"
"15044","Personal Care","Personal Needs","Deodorants","Right Guard","Right Guard Xtreme Defense 5 Antiperspirant Arctic Refresh","Right Guard Xtreme Defense 5 Antiperspirant Arctic Refresh","6.08","1.0","","4 oz","4 oz","6328.jpg",,"13"
"15045","Personal Care","Personal Needs","Deodorants","Secret","Secret Antiperspirant and Deodorant Soft Solid, Powder Protection","Secret Antiperspirant and Deodorant Soft Solid, Powder Protection","9.88","1.0","","1.6 oz","1.6 oz","18117.jpg",,"13"
"15046","Personal Care","Personal Needs","Deodorants","Secret","Secret Clinical Strength Deodorant Waterproof","Secret Clinical Strength Deodorant Waterproof","9.88","1.0","","1.6 oz","1.6 oz","6286.jpg",,"13"
"15047","Personal Care","Personal Needs","Deodorants","Secret","Secret Invisible Solid Antiperspirant Deodorant for Women, Completely Clean","Secret Invisible Solid Antiperspirant Deodorant for Women, Completely Clean","6.31","1.0","","2.6 oz","2.6 oz","6288.jpg",,"13"
"15048","Personal Care","Personal Needs","Deodorants","Secret","Secret Invisible Solid Powder Fresh Antiperspirant/Deodorant","Secret Invisible Solid Powder Fresh Antiperspirant/Deodorant","4.7","1.0","","2.6 fl oz","2.6 fl oz","18119.jpg",,"13"
"15049","Personal Care","Personal Needs","Deodorants","Secret","Secret Powder Fresh Wide Solid Antiperspirant and Deodorant","Secret Powder Fresh Wide Solid Antiperspirant and Deodorant","4.24","1.0","","2.7 oz","2.7 oz","18130.jpg",,"13"
"15050","Personal Care","Personal Needs","Deodorants","Secret","Secret Shower Fresh Invisible Solid Antiperspirant and Deodorant","Secret Shower Fresh Invisible Solid Antiperspirant and Deodorant","4.7","1.0","","2.6 oz","2.6 oz","18129.jpg",,"13"
"15051","Personal Care","Personal Needs","Deodorants","Secret","Secret Women's Aerosol Powder Fresh Scent Antiperspirant & Deodorant","Secret Women's Aerosol Powder Fresh Scent Antiperspirant & Deodorant","4.24","1.0","","4 oz","4 oz","18121.jpg",,"13"
"15052","Personal Care","Personal Needs","Deodorants","Speed Stick","Speed Stick Antiperspirant/Deodorant Power Fresh","Speed Stick Antiperspirant/Deodorant Power Fresh","3.55","1.0","","3 oz","3 oz","6310.jpg",,"13"
"15053","Personal Care","Personal Needs","Deodorants","Speed Stick","Speed Stick by Mennen Ocean Surf Deodorant","Speed Stick by Mennen Ocean Surf Deodorant","3.55","1.0","","3 oz","3 oz","17699.jpg",,"13"
"15054","Personal Care","Personal Needs","Deodorants","Speed Stick","Speed Stick by Mennen Regular Deodorant","Speed Stick by Mennen Regular Deodorant","3.55","1.0","","3.25 oz","3.25 oz","17701.jpg",,"13"
"15055","Personal Care","Personal Needs","Deodorants","Speed Stick","Speed Stick by Mennen Regular Deodorant","Speed Stick by Mennen Regular Deodorant","2.86","1.0","","2 oz","2 oz","6311.jpg",,"13"
"15056","Personal Care","Personal Needs","Deodorants","Speed Stick","Speed Stick Deodorant Fresh","Speed Stick Deodorant Fresh","3.55","1.0","","3 oz","3 oz","6312.jpg",,"13"
"15057","Personal Care","Personal Needs","Deodorants","Speed Stick","Speed Stick Power Antipirspirant Deodorant Ultimate Sport","Speed Stick Power Antipirspirant Deodorant Ultimate Sport","3.55","1.0","","3 oz","3 oz","6309.jpg",,"13"
"15058","Personal Care","Personal Needs","Deodorants","Suave","Suave Aerosol Antiperspirant Deodorant Powder","Suave Aerosol Antiperspirant Deodorant Powder","4.24","1.0","","6 oz","6 oz","6315.jpg",,"13"
"15059","Personal Care","Personal Needs","Deodorants","Suave","Suave Antiperspirant Deodorant Powder","Suave Antiperspirant Deodorant Powder","2.86","1.0","","2.6 oz","2.6 oz","6314.jpg",,"13"
"15060","Personal Care","Personal Needs","Deodorants","Suave","Suave Antiperspirant Deodorant Shower Fresh","Suave Antiperspirant Deodorant Shower Fresh","2.86","1.0","","2.6 oz","2.6 oz","18115.jpg",,"13"
"15061","Personal Care","Personal Needs","Deodorants","Suave","Suave Roll-on Deodorant Powder","Suave Roll-on Deodorant Powder","3.55","1.0","","2.7 oz","2.7 oz","6316.jpg",,"13"
"15062","Personal Care","Personal Needs","Deodorants","Sure","Sure Anti-Perspirant & Deodorant, Original Solid, Regular Scent","Sure Anti-Perspirant & Deodorant, Original Solid, Regular Scent","2.86","1.0","","1.7 oz","1.7 oz","17702.jpg",,"13"
"15063","Personal Care","Personal Needs","Deodorants","Tom's Of Maine","Tom's of Maine Deodorant Refreshing Lemongrass","Tom's of Maine Deodorant Refreshing Lemongrass","7.0","1.0","","2.25 oz","2.25 oz","17696.jpg",,"13"
"15064","Personal Care","Personal Needs","Deodorants","Tom's Of Maine","Tom's Of Maine Deodorant, Long Lasting, Maine Woodspice","Tom's Of Maine Deodorant, Long Lasting, Maine Woodspice","7.0","1.0","","2.25 oz","2.25 oz","17692.jpg",,"13"
"15065","Personal Care","Personal Needs","Deodorants","Tom's Of Maine","Tom's of Maine Long Lasting Deodorant Unscented","Tom's of Maine Long Lasting Deodorant Unscented","7.0","1.0","","2.25 oz","2.25 oz","17703.jpg",,"13"
"15066","Personal Care","Personal Needs","Eye & Ear Care","Advanced Eye Relief","Advanced Eye Relief Eye Wash","Advanced Eye Relief Eye Wash","6.31","1.0","","4 fl oz","4 fl oz","6487.jpg",,"13"
"15067","Personal Care","Personal Needs","Eye & Ear Care","Bausch & Lomb","Bausch & Lomb Genuine Sensitive Eyes Rewetting Drops","Bausch & Lomb Genuine Sensitive Eyes Rewetting Drops","9.88","1.0","","1 fl oz","1 fl oz","6480.jpg",,"13"
"15068","Personal Care","Personal Needs","Eye & Ear Care","Bausch & Lomb","Bausch & Lomb Multi Purpose Solution","Bausch & Lomb Multi Purpose Solution","15.51","1.0","","10 fl oz","10 fl oz","6479.jpg",,"13"
"15069","Personal Care","Personal Needs","Eye & Ear Care","Clear Eyes","Clear Eyes Eye Drops, Itchy Relief, Maximum, Box","Clear Eyes Eye Drops, Itchy Relief, Maximum, Box","6.08","1.0","","0.5 fl oz","0.5 fl oz","6481.jpg",,"13"
"15070","Personal Care","Personal Needs","Eye & Ear Care","Clear Eyes","Clear Eyes Eye Drops, Redness Relief, Lubricant, Sterile, Box","Clear Eyes Eye Drops, Redness Relief, Lubricant, Sterile, Box","6.08","1.0","","0.5 fl oz","0.5 fl oz","6482.jpg",,"13"
"15071","Personal Care","Personal Needs","Eye & Ear Care","Opti-Free","Opti-Free Express Multi-Purpose Disinfecting Solution Everyday Comfort","Opti-Free Express Multi-Purpose Disinfecting Solution Everyday Comfort","7.69","1.0","","4 fl oz","4 fl oz","6476.jpg",,"13"
"15072","Personal Care","Personal Needs","Eye & Ear Care","Opti-Free","Opti-Free Puremoist Multi-Purpose Disinfecting Solution All Day Comfort","Opti-Free Puremoist Multi-Purpose Disinfecting Solution All Day Comfort","15.51","1.0","","10 fl oz","10 fl oz","6477.jpg",,"13"
"15073","Personal Care","Personal Needs","Eye & Ear Care","Opti-Free","Opti-Free Replenish Multi-Purpose Disinfecting Solution Enhanced Comfort","Opti-Free Replenish Multi-Purpose Disinfecting Solution Enhanced Comfort","15.51","1.0","","10 fl oz","10 fl oz","6478.jpg",,"13"
"15074","Personal Care","Personal Needs","Eye & Ear Care","Q-Tips","Q-Tips Cotton Swabs","Q-Tips Cotton Swabs","2.75","1.0","","170 count","170 count","18155.jpg",,"13"
"15075","Personal Care","Personal Needs","Eye & Ear Care","Q-Tips","Q-Tips Cotton Swabs Anti-bacterial","Q-Tips Cotton Swabs Anti-bacterial","3.78","1.0","","300 count","300 count","6471.jpg",,"13"
"15076","Personal Care","Personal Needs","Eye & Ear Care","Q-Tips","Q-Tips Cotton Swabs Original","Q-Tips Cotton Swabs Original","3.78","1.0","","375 count","375 count","18156.jpg",,"13"
"15077","Personal Care","Personal Needs","Eye & Ear Care","Q-Tips","Q-Tips Cotton Swabs Original","Q-Tips Cotton Swabs Original","4.93","1.0","","500 count","500 count","18157.jpg",,"13"
"15078","Personal Care","Personal Needs","Eye & Ear Care","Re Nu","Re Nu Clean, Disinfects, Rinses and Stores Soft Contact Lenses","Re Nu Clean, Disinfects, Rinses and Stores Soft Contact Lenses","6.77","1.0","","4 fl oz","4 fl oz","17795.jpg",,"13"
"15079","Personal Care","Personal Needs","Eye & Ear Care","Re Nu","Re Nu Rewetting Drops","Re Nu Rewetting Drops","9.19","1.0","","0.5 oz","0.5 oz","17799.jpg",,"13"
"15080","Personal Care","Personal Needs","Eye & Ear Care","Refresh Contacts","Refresh Contacts Contact Lens Comfort Drops","Refresh Contacts Contact Lens Comfort Drops","9.42","1.0","","0.41 fl oz","0.41 fl oz","17798.jpg",,"13"
"15081","Personal Care","Personal Needs","Eye & Ear Care","Similasa","Similasan Dry Eye Relief Sterile Eye Drops","Similasan Dry Eye Relief Sterile Eye Drops","12.64","1.0","","0.33 fl oz","0.33 fl oz","17797.jpg",,"13"
"15082","Personal Care","Personal Needs","Eye & Ear Care","Systane","Systane Balance Lubricant Eye Drops Restorative Formula","Systane Balance Lubricant Eye Drops Restorative Formula","17.58","1.0","","0.33 fl oz","0.33 fl oz","6484.jpg",,"13"
"15083","Personal Care","Personal Needs","Eye & Ear Care","Systane","Systane Long Lasting Lubricant Eye Drops","Systane Long Lasting Lubricant Eye Drops","16.89","1.0","","0.5 fl oz","0.5 fl oz","6483.jpg",,"13"
"15084","Personal Care","Personal Needs","Eye & Ear Care","Topcare","Topcare Health Sterile Multi-purpose Solution For Soft Contact Lenses","Topcare Health Sterile Multi-purpose Solution For Soft Contact Lenses","3.44","1.0","","4 oz","4 oz","6485.jpg",,"13"
"15085","Personal Care","Personal Needs","Eye & Ear Care","Topcare","Topcare Health Sterile Multi-purpose Solution For Soft Contact Lenses","Topcare Health Sterile Multi-purpose Solution For Soft Contact Lenses","5.62","1.0","","12 fl oz","12 fl oz","6486.jpg",,"13"
"15086","Personal Care","Personal Needs","Eye & Ear Care","Visine","Visine A.C. Astringent/Redness Reliever Eye Drops","Visine A.C. Astringent/Redness Reliever Eye Drops","7.0","1.0","","0.5 fl oz","0.5 fl oz","6473.jpg",,"13"
"15087","Personal Care","Personal Needs","Eye & Ear Care","Visine","Visine Advanced Redness + Irritation Relief Lubricant/Redness Reliever Eye Drops","Visine Advanced Redness + Irritation Relief Lubricant/Redness Reliever Eye Drops","7.0","1.0","","0.5 fl oz","0.5 fl oz","6472.jpg",,"13"
"15088","Personal Care","Personal Needs","Eye & Ear Care","Visine","Visine Eye Drops Original","Visine Eye Drops Original","9.88","1.0","","1 fl oz","1 fl oz","6475.jpg",,"13"
"15089","Personal Care","Personal Needs","Eye & Ear Care","Visine","Visine Original Redness Reliever Eye Drops","Visine Original Redness Reliever Eye Drops","7.0","1.0","","0.5 fl oz","0.5 fl oz","6474.jpg",,"13"
"15090","Personal Care","Personal Needs","Facial Care","Alba Botanica","Alba Botanica Enzyne Scrub Even Advanced Sea Algae","Alba Botanica Enzyne Scrub Even Advanced Sea Algae","10.57","1.0","","4 oz","4 oz","6269.jpg",,"13"
"15091","Personal Care","Personal Needs","Facial Care","Alba Botanica","Alba Botanica Hawaiian Facial Scrub Pore Purifying Pineapple Enzyme","Alba Botanica Hawaiian Facial Scrub Pore Purifying Pineapple Enzyme","12.64","1.0","","4 oz","4 oz","6270.jpg",,"13"
"15092","Personal Care","Personal Needs","Facial Care","Basis","Basis Face Wash, Cleaner Clean","Basis Face Wash, Cleaner Clean","6.77","1.0","","6 oz","6 oz","17682.jpg",,"13"
"15093","Personal Care","Personal Needs","Facial Care","Biore","Biore Deep Cleansing Pore Strips","Biore Deep Cleansing Pore Strips","13.1","1.0","","14 count","14 count","17686.jpg",,"13"
"15094","Personal Care","Personal Needs","Facial Care","Biore","Biore Witch Hazel Ultra Deep Cleansing Pore Strips","Biore Witch Hazel Ultra Deep Cleansing Pore Strips","9.88","1.0","","6 count","6 count","17681.jpg",,"13"
"15095","Personal Care","Personal Needs","Facial Care","Blistex","Blistex Lip Protectant/Sunscreen SPF 15 Blissful Butters","Blistex Lip Protectant/Sunscreen SPF 15 Blissful Butters","2.75","1.0","","0.15 oz","0.15 oz","17688.jpg",,"13"
"15096","Personal Care","Personal Needs","Facial Care","Chapstick","Chapstick Chap Stick Skin Protectant Classic Cherry","Chapstick Chap Stick Skin Protectant Classic Cherry","1.48","1.0","","0.15 oz","0.15 oz","6272.jpg",,"13"
"15097","Personal Care","Personal Needs","Facial Care","Chapstick","Chapstick Chap Stick Skin Protectant Classic Original","Chapstick Chap Stick Skin Protectant Classic Original","1.48","1.0","","0.15 oz","0.15 oz","6271.jpg",,"13"
"15098","Personal Care","Personal Needs","Facial Care","Chapstick","Chapstick External Analgesic Skin Protectant Classic Medicated","Chapstick External Analgesic Skin Protectant Classic Medicated","2.75","1.0","","1 lb","1 lb","6273.jpg",,"13"
"15099","Personal Care","Personal Needs","Facial Care","Clean & Clear","Clean & Clear Persa-Gel 10 Acne Medication","Clean & Clear Persa-Gel 10 Acne Medication","8.5","1.0","","1 oz","1 oz","17691.jpg",,"13"
"15100","Personal Care","Personal Needs","Facial Care","Clearasil","Clearasil Deep Treatment Pads, Rapid Rescue, Maximum Strength","Clearasil Deep Treatment Pads, Rapid Rescue, Maximum Strength","11.26","1.0","","90 count","90 count","6268.jpg",,"13"
"15101","Personal Care","Personal Needs","Facial Care","Clearasil","Clearasil Rapid Rescue Deep Treatment Wash","Clearasil Rapid Rescue Deep Treatment Wash","11.26","1.0","","6.78 fl oz","6.78 fl oz","6266.jpg",,"13"
"15102","Personal Care","Personal Needs","Facial Care","Clearasil","Clearasil Stubborn Acne Control 5 IN 1 Spot Treatment Cream","Clearasil Stubborn Acne Control 5 IN 1 Spot Treatment Cream","8.04","1.0","","1 oz","1 oz","6265.jpg",,"13"
"15103","Personal Care","Personal Needs","Facial Care","Dove","Dove Men+care Face Lotion Hydrate Plus","Dove Men+care Face Lotion Hydrate Plus","9.88","1.0","","1.69 oz","1.69 oz","17685.jpg",,"13"
"15104","Personal Care","Personal Needs","Facial Care","Garnier","Garnier Skin Renew Clinical Dark Spot Overnight Peel","Garnier Skin Renew Clinical Dark Spot Overnight Peel","19.65","1.0","","1.6 fl oz","1.6 fl oz","17690.jpg",,"13"
"15105","Personal Care","Personal Needs","Facial Care","Garnier","Garnier SkinActive Refreshing Remover Cleansing Towelettes","Garnier SkinActive Refreshing Remover Cleansing Towelettes","9.19","1.0","","25 count","25 count","17689.jpg",,"13"
"15106","Personal Care","Personal Needs","Facial Care","Neutrogena","Neutrogena Makeup Remover Cleansing Towelettes Night Calming","Neutrogena Makeup Remover Cleansing Towelettes Night Calming","10.57","1.0","","25 count","25 count","17679.jpg",,"13"
"15107","Personal Care","Personal Needs","Facial Care","Noxzema","Noxzema Cleanser Original Deep Cleansing","Noxzema Cleanser Original Deep Cleansing","6.31","1.0","","12 fl oz","12 fl oz","18114.jpg",,"13"
"15108","Personal Care","Personal Needs","Facial Care","Noxzema","Noxzema Cleanser Original Deep Cleansing","Noxzema Cleanser Original Deep Cleansing","6.31","1.0","","8 oz","8 oz","6276.jpg",,"13"
"15109","Personal Care","Personal Needs","Facial Care","Noxzema","Noxzema Face Pads Anti Blemish","Noxzema Face Pads Anti Blemish","6.31","1.0","","90 count","90 count","18111.jpg",,"13"
"15110","Personal Care","Personal Needs","Facial Care","Olay","Olay Active Hydrating Beauty Moisturizing Lotion","Olay Active Hydrating Beauty Moisturizing Lotion","12.64","1.0","","4 fl oz","4 fl oz","6258.jpg",,"13"
"15111","Personal Care","Personal Needs","Facial Care","Olay","Olay Active Hydrating Cream Face Moisturizer","Olay Active Hydrating Cream Face Moisturizer","10.57","1.0","","2 oz","2 oz","6259.jpg",,"13"
"15112","Personal Care","Personal Needs","Facial Care","Olay","Olay Age Defying Classic Daily Renewal Cream, Face Moisturizer","Olay Age Defying Classic Daily Renewal Cream, Face Moisturizer","16.43","1.0","","2 fl oz","2 fl oz","6256.jpg",,"13"
"15113","Personal Care","Personal Needs","Facial Care","Olay","Olay Deeply Clean Face Cleanser + Scrub, 150mL/ 5 fl oz Female Skin Care","Olay Deeply Clean Face Cleanser + Scrub, 150mL/ 5 fl oz Female Skin Care","10.57","1.0","","5 fl oz","5 fl oz","6252.jpg",,"13"
"15114","Personal Care","Personal Needs","Facial Care","Olay","Olay Exfoliating Scrub, Deep Pore Clean, Out of This Swirled!","Olay Exfoliating Scrub, Deep Pore Clean, Out of This Swirled!","9.19","1.0","","5 oz","5 oz","No Image.jpg",,"13"
"15115","Personal Care","Personal Needs","Facial Care","Olay","Olay Gentle Clean Foaming Face Cleanser for Sensitive Skin, 6.7 oz","Olay Gentle Clean Foaming Face Cleanser for Sensitive Skin, 6.7 oz","6.66","1.0","","6.78 fl oz","6.78 fl oz","6255.jpg",,"13"
"15116","Personal Care","Personal Needs","Facial Care","Olay","Olay Gentle Clean Foaming Face Cleanser, 7.0 oz","Olay Gentle Clean Foaming Face Cleanser, 7.0 oz","6.66","1.0","","7 fl oz","7 fl oz","6254.jpg",,"13"
"15117","Personal Care","Personal Needs","Facial Care","Olay","Olay Lotion Moisturizer with SPF 15 Sensitive","Olay Lotion Moisturizer with SPF 15 Sensitive","12.64","1.0","","4 fl oz","4 fl oz","18112.jpg",,"13"
"15118","Personal Care","Personal Needs","Facial Care","Olay","Olay Regenerist Olay Regenerist Eye Lifting Eye Serum 0.5 fl. oz. Female Skin Care","Olay Regenerist Olay Regenerist Eye Lifting Eye Serum 0.5 fl. oz. Female Skin Care","30.92","1.0","","0.5 fl oz","0.5 fl oz","6257.jpg",,"13"
"15119","Personal Care","Personal Needs","Facial Care","Olivella","Olivella Facial Cleansing Tissues","Olivella Facial Cleansing Tissues","10.57","1.0","","30 count","30 count","No Image.jpg",,"13"
"15120","Personal Care","Personal Needs","Facial Care","Oxy","Oxy Acne Medication Cleansing Face Pads Daily Defense","Oxy Acne Medication Cleansing Face Pads Daily Defense","7.69","1.0","","90 count","90 count","17687.jpg",,"13"
"15121","Personal Care","Personal Needs","Facial Care","Oxy","Oxy Acne Medication Rapid Spot Treatment Maximum Action","Oxy Acne Medication Rapid Spot Treatment Maximum Action","8.84","1.0","","1 oz","1 oz","17678.jpg",,"13"
"15122","Personal Care","Personal Needs","Facial Care","Pond's","Pond's Face Cream Dry Skin","Pond's Face Cream Dry Skin","7.0","1.0","","3.9 oz","3.9 oz","6277.jpg",,"13"
"15123","Personal Care","Personal Needs","Facial Care","Pond's","Pond's Makeup Remover Wipes Evening Soothe","Pond's Makeup Remover Wipes Evening Soothe","7.69","1.0","","28 count","28 count","6278.jpg",,"13"
"15124","Personal Care","Personal Needs","Facial Care","Pond's","Pond's Original Fresh Towelette","Pond's Original Fresh Towelette","7.58","1.0","","30 count","30 count","18113.jpg",,"13"
"15125","Personal Care","Personal Needs","Facial Care","Scotties","Scotties 3 Ply Facial Tissue","Scotties 3 Ply Facial Tissue","2.17","1.0","","54 count","54 count","17683.jpg",,"14"
"15126","Personal Care","Personal Needs","Facial Care","Skin Active","Skin Active Miracle Skin Perfector Normal/Dry Skin Light/Medium BB Cream","Skin Active Miracle Skin Perfector Normal/Dry Skin Light/Medium BB Cream","17.58","1.0","","2.5 fl oz","2.5 fl oz","6260.jpg",,"13"
"15127","Personal Care","Personal Needs","Facial Care","Skin Active","Skin Active Moisture Rescue for Normal/Combo Skin Refreshing Gel-Cream","Skin Active Moisture Rescue for Normal/Combo Skin Refreshing Gel-Cream","11.26","1.0","","1.7 oz","1.7 oz","6262.jpg",,"13"
"15128","Personal Care","Personal Needs","Facial Care","Skin Active","Skin Active Ultra-Lift Firming Daily Anti-Wrinkle Moisturizer","Skin Active Ultra-Lift Firming Daily Anti-Wrinkle Moisturizer","19.65","1.0","","1.6 fl oz","1.6 fl oz","6263.jpg",,"13"
"15129","Personal Care","Personal Needs","Facial Care","Topcare","TopCare Alcohol & Oil-free Hypoallergenic Makeup Remover Cleansing Towelettes","TopCare Alcohol & Oil-free Hypoallergenic Makeup Remover Cleansing Towelettes","3.74","1.0","","25 count","25 count","6280.jpg",,"13"
"15130","Personal Care","Personal Needs","Facial Care","Topcare","TopCare Oil Of Beauty, Uva/uvb Broad Spectrum Uv Protection Spf 15 For Face With Sunscreen Lotion","TopCare Oil Of Beauty, Uva/uvb Broad Spectrum Uv Protection Spf 15 For Face With Sunscreen Lotion","5.62","1.0","","6 oz","6 oz","6281.jpg",,"13"
"15131","Personal Care","Personal Needs","Facial Wipes","Yes To Cucumbers","Yes To Cucumbers Soothing Facial Wipes","Yes To Cucumbers Soothing Facial Wipes","7.58","1.0","","30 count","30 count","17740.jpg",,"13"
"15132","Personal Care","Personal Needs","Hand Wash","Jergens","Jergens Extra Moisturizing Cherry-Almond Hand Wash","Jergens Extra Moisturizing Cherry-Almond Hand Wash","1.71","1.0","","7.5 fl oz","7.5 fl oz","17714.jpg",,"13"
"15133","Personal Care","Personal Needs","Hand Wash","Method","Method Foaming Hand Wash Sea Minerals","Method Foaming Hand Wash Sea Minerals","4.24","1.0","","10 fl oz","10 fl oz","6373.jpg",,"13"
"15134","Personal Care","Personal Needs","Hand Wash","Method","Method Hand Wash, Sweet Water, Foaming","Method Hand Wash, Sweet Water, Foaming","4.24","1.0","","300 ml","300 ml","6374.jpg",,"13"
"15135","Personal Care","Personal Needs","Hand Wash","Method","Method Sweet Water Hand Wash","Method Sweet Water Hand Wash","4.24","1.0","","12 fl oz","12 fl oz","6375.jpg",,"13"
"15136","Personal Care","Personal Needs","Nail Polish Remover","Market Basket","Market Basket Nail Polish Remover","Market Basket Nail Polish Remover","1.25","1.0","","6 oz","6 oz","Market Basket.jpg",,"13"
"15137","Personal Care","Personal Needs","Oral Hygiene","Abreva","Abreva Cold Sore and Fever Blister Treatment","Abreva Cold Sore and Fever Blister Treatment","28.05","1.0","","0.07 oz","0.07 oz","17790.jpg",,"13"
"15138","Personal Care","Personal Needs","Oral Hygiene","Act","Act Anticavity Alcohol Free Mint Fluoride Rinse","Act Anticavity Alcohol Free Mint Fluoride Rinse","7.0","1.0","","18 fl oz","18 fl oz","6465.jpg",,"13"
"15139","Personal Care","Personal Needs","Oral Hygiene","Act","Act Kids Anticavity Fluoride Rinse Bubble Gum Blowout","Act Kids Anticavity Fluoride Rinse Bubble Gum Blowout","6.66","1.0","","16.9 fl oz","16.9 fl oz","6467.jpg",,"13"
"15140","Personal Care","Personal Needs","Oral Hygiene","Act","Act Restoring Anticavity Fluoride Mouthwash Cool Mint","Act Restoring Anticavity Fluoride Mouthwash Cool Mint","6.43","1.0","","18 fl oz","18 fl oz","6464.jpg",,"13"
"15141","Personal Care","Personal Needs","Oral Hygiene","Act","Act Total Care Mouthwash Fresh Mint","Act Total Care Mouthwash Fresh Mint","7.0","1.0","","18 fl oz","18 fl oz","6466.jpg",,"13"
"15142","Personal Care","Personal Needs","Oral Hygiene","Aim","Aim Multi Benefit Whitening W/Baking Soda Fresh Mint Gel Toothpaste","Aim Multi Benefit Whitening W/Baking Soda Fresh Mint Gel Toothpaste","1.48","1.0","","6 oz","6 oz","17776.jpg",,"13"
"15143","Personal Care","Personal Needs","Oral Hygiene","Aim","Aim Multi-Benefit Cavity Protection Ultra Mint Gel Toothpaste","Aim Multi-Benefit Cavity Protection Ultra Mint Gel Toothpaste","1.48","1.0","","7.2 oz","7.2 oz","17775.jpg",,"13"
"15144","Personal Care","Personal Needs","Oral Hygiene","Aim","Aim Multi-Benefit Cavity Protection Ultra Mint Gel Toothpaste","Aim Multi-Benefit Cavity Protection Ultra Mint Gel Toothpaste","1.48","1.0","","5.5 oz","5.5 oz","17786.jpg",,"13"
"15145","Personal Care","Personal Needs","Oral Hygiene","Aim","Aim Ultra Mint Gel Anticavity Fluoride Gel Toothpaste","Aim Ultra Mint Gel Anticavity Fluoride Gel Toothpaste","1.48","1.0","","6 oz","6 oz","17794.jpg",,"13"
"15146","Personal Care","Personal Needs","Oral Hygiene","Anbesol","Anbesol Oral Pain Relief Medication","Anbesol Oral Pain Relief Medication","9.53","1.0","","0.33 oz","0.33 oz","17771.jpg",,"13"
"15147","Personal Care","Personal Needs","Oral Hygiene","Aquafresh","Aquafresh Toothpaste","Aquafresh Toothpaste","3.21","1.0","","5.6 oz","5.6 oz","6451.jpg",,"13"
"15148","Personal Care","Personal Needs","Oral Hygiene","Aquafresh","Aquafresh Toothpaste, Fluoride, Deep Action, Mint Zest","Aquafresh Toothpaste, Fluoride, Deep Action, Mint Zest","4.93","1.0","","5.6 oz","5.6 oz","6450.jpg",,"13"
"15149","Personal Care","Personal Needs","Oral Hygiene","Aquafresh","Aquafresh Triple Protection Cavity Protection Fluoride Toothpaste Cool Mint","Aquafresh Triple Protection Cavity Protection Fluoride Toothpaste Cool Mint","2.17","1.0","","6.4 oz","6.4 oz","6452.jpg",,"13"
"15150","Personal Care","Personal Needs","Oral Hygiene","Arm & Hammer","Arm & Hammer Advance White Extreme Whitening Toothpaste","Arm & Hammer Advance White Extreme Whitening Toothpaste","4.93","1.0","","4.3 oz","4.3 oz","6441.jpg",,"13"
"15151","Personal Care","Personal Needs","Oral Hygiene","Arm & Hammer","Arm & Hammer Extreme Whitening Clean Mint Toothpaste","Arm & Hammer Extreme Whitening Clean Mint Toothpaste","5.62","1.0","","6 oz","6 oz","6436.jpg",,"13"
"15152","Personal Care","Personal Needs","Oral Hygiene","Arm & Hammer","Arm & Hammer Fresh Mint Fluoride Anticavity Toothpaste","Arm & Hammer Fresh Mint Fluoride Anticavity Toothpaste","6.31","1.0","","6 oz","6 oz","6439.jpg",,"13"
"15153","Personal Care","Personal Needs","Oral Hygiene","Arm & Hammer","Arm & Hammer Kid's Spinbrush Marvel Spiderman Homecoming","Arm & Hammer Kid's Spinbrush Marvel Spiderman Homecoming","9.19","1.0","","1 count","1 count","6434.jpg",,"13"
"15154","Personal Care","Personal Needs","Oral Hygiene","Arm & Hammer","Arm & Hammer PeroxiCare Fluoride Anticavity Toothpaste Fresh Mint","Arm & Hammer PeroxiCare Fluoride Anticavity Toothpaste Fresh Mint","6.31","1.0","","6 fl oz","6 fl oz","6437.jpg",,"13"
"15155","Personal Care","Personal Needs","Oral Hygiene","Arm & Hammer","Arm & Hammer Spinbrush Pro Series Ultra White Soft","Arm & Hammer Spinbrush Pro Series Ultra White Soft","12.64","1.0","","1 count","1 count","6438.jpg",,"13"
"15156","Personal Care","Personal Needs","Oral Hygiene","Arm & Hammer","Arm & Hammer Spinbrush Pro White Soft Replacement Heads","Arm & Hammer Spinbrush Pro White Soft Replacement Heads","12.64","1.0","","2 count","2 count","6435.jpg",,"13"
"15157","Personal Care","Personal Needs","Oral Hygiene","Arm & Hammer","Arm & Hammer Truly Radiant Rejuvenating Crisp Mint Twist Fluoride Anticavity","Arm & Hammer Truly Radiant Rejuvenating Crisp Mint Twist Fluoride Anticavity","5.62","1.0","","4.3 oz","4.3 oz","6440.jpg",,"13"
"15158","Personal Care","Personal Needs","Oral Hygiene","Biotene","Biotene Mouthwash","Biotene Mouthwash","14.02","1.0","","33 oz","33 oz","17769.jpg",,"13"
"15159","Personal Care","Personal Needs","Oral Hygiene","Colgate","Colgate 2-In-1 Toothpaste & Mouthwash Whitening","Colgate 2-In-1 Toothpaste & Mouthwash Whitening","4.93","1.0","","4.6 oz","4.6 oz","6394.jpg",,"13"
"15160","Personal Care","Personal Needs","Oral Hygiene","Colgate","Colgate 360 Whole Mouth Clean Toothbrush Soft","Colgate 360 Whole Mouth Clean Toothbrush Soft","4.93","1.0","","1 count","1 count","6398.jpg",,"13"
"15161","Personal Care","Personal Needs","Oral Hygiene","Colgate","Colgate Cavity Protection Fluoride Toothpaste","Colgate Cavity Protection Fluoride Toothpaste","1.25","1.0","","1 oz","1 oz","6379.jpg",,"13"
"15162","Personal Care","Personal Needs","Oral Hygiene","Colgate","Colgate Cavity Protection Toothpaste, Anticavity Fluoride, Great Regular Flavor","Colgate Cavity Protection Toothpaste, Anticavity Fluoride, Great Regular Flavor","2.86","1.0","","6 oz","6 oz","6378.jpg",,"13"
"15163","Personal Care","Personal Needs","Oral Hygiene","Colgate","Colgate Fluoride Toothpaste Baking Soda & Peroxide Whitening Frosty Mint Stripe","Colgate Fluoride Toothpaste Baking Soda & Peroxide Whitening Frosty Mint Stripe","2.86","1.0","","6.4 oz","6.4 oz","6393.jpg",,"13"
"15164","Personal Care","Personal Needs","Oral Hygiene","Colgate","Colgate Maximum Strength Sensitive Enamel Protect Toothpaste","Colgate Maximum Strength Sensitive Enamel Protect Toothpaste","5.62","1.0","","6 oz","6 oz","6400.jpg",,"13"
"15165","Personal Care","Personal Needs","Oral Hygiene","Colgate","Colgate Optic White Anticavity Fluoride Toothpaste Sparkling White","Colgate Optic White Anticavity Fluoride Toothpaste Sparkling White","5.62","1.0","","3.5 oz","3.5 oz","6391.jpg",,"13"
"15166","Personal Care","Personal Needs","Oral Hygiene","Colgate","Colgate Optic White Enamel White Toothpaste Luminous Mint","Colgate Optic White Enamel White Toothpaste Luminous Mint","5.62","1.0","","3.5 oz","3.5 oz","6392.jpg",,"13"
"15167","Personal Care","Personal Needs","Oral Hygiene","Colgate","Colgate Plus Cleaning Tip Toothbrush Soft","Colgate Plus Cleaning Tip Toothbrush Soft","2.17","1.0","","1 count","1 count","6381.jpg",,"13"
"15168","Personal Care","Personal Needs","Oral Hygiene","Colgate","Colgate Plus Toothbrush Medium","Colgate Plus Toothbrush Medium","2.17","1.0","","1 count","1 count","6387.jpg",,"13"
"15169","Personal Care","Personal Needs","Oral Hygiene","Colgate","Colgate Sensitive Whitening Toothpaste Fresh Mint","Colgate Sensitive Whitening Toothpaste Fresh Mint","7.0","1.0","","6 oz","6 oz","6384.jpg",,"13"
"15170","Personal Care","Personal Needs","Oral Hygiene","Colgate","Colgate Tartar Protection Whitening Toothpaste Cool Mint","Colgate Tartar Protection Whitening Toothpaste Cool Mint","2.86","1.0","","6.4 oz","6.4 oz","6397.jpg",,"13"
"15171","Personal Care","Personal Needs","Oral Hygiene","Colgate","Colgate Toothpaste, Anticavity Fluoride, Baking Soda & Peroxide Whitening, Brisk Mint","Colgate Toothpaste, Anticavity Fluoride, Baking Soda & Peroxide Whitening, Brisk Mint","2.86","1.0","","8 oz","8 oz","6396.jpg",,"13"
"15172","Personal Care","Personal Needs","Oral Hygiene","Colgate","Colgate Total 12HR Pro-Shield Mouthwash Peppermint Blast","Colgate Total 12HR Pro-Shield Mouthwash Peppermint Blast","5.62","1.0","","16.9 fl oz","16.9 fl oz","6385.jpg",,"13"
"15173","Personal Care","Personal Needs","Oral Hygiene","Colgate","Colgate Total Advanced Deep Clean Anticavity Fluoride and Antigingivitis Toothpaste","Colgate Total Advanced Deep Clean Anticavity Fluoride and Antigingivitis Toothpaste","4.93","1.0","","5.8 oz","5.8 oz","6399.jpg",,"13"
"15174","Personal Care","Personal Needs","Oral Hygiene","Colgate","Colgate Total Advanced Whitening Anticavity Fluoride and Antigingivitis Toothpaste","Colgate Total Advanced Whitening Anticavity Fluoride and Antigingivitis Toothpaste","4.24","1.0","","5.8 oz","5.8 oz","6383.jpg",,"13"
"15175","Personal Care","Personal Needs","Oral Hygiene","Colgate","Colgate Total Advanced Whitening Toothpaste","Colgate Total Advanced Whitening Toothpaste","4.24","1.0","","4 oz","4 oz","6389.jpg",,"13"
"15176","Personal Care","Personal Needs","Oral Hygiene","Colgate","Colgate Total Anticavity Fluoride and Antigingivitis Toothpaste Clean Mint","Colgate Total Anticavity Fluoride and Antigingivitis Toothpaste Clean Mint","4.24","1.0","","6 oz","6 oz","6386.jpg",,"13"
"15177","Personal Care","Personal Needs","Oral Hygiene","Colgate","Colgate Total Toothpaste Gel Whitening","Colgate Total Toothpaste Gel Whitening","4.24","1.0","","6 oz","6 oz","6380.jpg",,"13"
"15178","Personal Care","Personal Needs","Oral Hygiene","Colgate","Colgate Total Whitening Toothpaste","Colgate Total Whitening Toothpaste","4.24","1.0","","6 oz","6 oz","6390.jpg",,"13"
"15179","Personal Care","Personal Needs","Oral Hygiene","Crest","Crest 3D White Foaming Clean Whitening Toothpaste","Crest 3D White Foaming Clean Whitening Toothpaste","4.93","1.0","","4.1 oz","4.1 oz","6415.jpg",,"13"
"15180","Personal Care","Personal Needs","Oral Hygiene","Crest","Crest 3D White Toothpaste Radiant Mint","Crest 3D White Toothpaste Radiant Mint","4.93","1.0","","3.5 oz","3.5 oz","6408.jpg",,"13"
"15181","Personal Care","Personal Needs","Oral Hygiene","Crest","Crest Cavity Protection Toothpaste Regular","Crest Cavity Protection Toothpaste Regular","2.86","1.0","","6.4 oz","6.4 oz","6411.jpg",,"13"
"15182","Personal Care","Personal Needs","Oral Hygiene","Crest","Crest Complete Toothpaste, Minty Fresh","Crest Complete Toothpaste, Minty Fresh","2.52","1.0","","2.7 oz","2.7 oz","18150.jpg",,"13"
"15183","Personal Care","Personal Needs","Oral Hygiene","Crest","Crest Complete Whitening + Scope Cool Peppermint Toothpaste","Crest Complete Whitening + Scope Cool Peppermint Toothpaste","4.24","1.0","","6.2 oz","6.2 oz","6421.jpg",,"13"
"15184","Personal Care","Personal Needs","Oral Hygiene","Crest","Crest Complete Whitening + Scope Toothpaste Minty Fresh Striped","Crest Complete Whitening + Scope Toothpaste Minty Fresh Striped","4.24","1.0","","6.2 oz","6.2 oz","6402.jpg",,"13"
"15185","Personal Care","Personal Needs","Oral Hygiene","Crest","Crest Diamond Strong Mouthwash","Crest Diamond Strong Mouthwash","7.69","1.0","","16 fl oz","16 fl oz","18149.jpg",,"13"
"15186","Personal Care","Personal Needs","Oral Hygiene","Crest","Crest Disney Cars Toothpaste Fruit Burst","Crest Disney Cars Toothpaste Fruit Burst","3.78","1.0","","4.2 oz","4.2 oz","6406.jpg",,"13"
"15187","Personal Care","Personal Needs","Oral Hygiene","Crest","Crest Extra Whitening Toothpaste","Crest Extra Whitening Toothpaste","4.24","1.0","","6.2 oz","6.2 oz","18151.jpg",,"13"
"15188","Personal Care","Personal Needs","Oral Hygiene","Crest","Crest Fluoridge Anticavity Toothpaste Baking Soda & Peroxide Whitening Fresh Mint","Crest Fluoridge Anticavity Toothpaste Baking Soda & Peroxide Whitening Fresh Mint","2.86","1.0","","6.4 oz","6.4 oz","6401.jpg",,"13"
"15189","Personal Care","Personal Needs","Oral Hygiene","Crest","Crest Pro Health Advanced Soothing Smooth Mint Toothpaste, Oral Care","Crest Pro Health Advanced Soothing Smooth Mint Toothpaste, Oral Care","5.62","1.0","","4 oz","4 oz","6412.jpg",,"13"
"15190","Personal Care","Personal Needs","Oral Hygiene","Crest","Crest Pro-Health CPC Antigingivits/Antiplaque Oral Mouthwash Multi-Protection Clean Mint","Crest Pro-Health CPC Antigingivits/Antiplaque Oral Mouthwash Multi-Protection Clean Mint","5.62","1.0","","16.9 fl oz","16.9 fl oz","6413.jpg",,"13"
"15191","Personal Care","Personal Needs","Oral Hygiene","Crest","Crest Pro-Health Extra Whitening Power Toothpaste 3.7 oz. Dentifrice","Crest Pro-Health Extra Whitening Power Toothpaste 3.7 oz. Dentifrice","4.24","1.0","","3.7 oz","3.7 oz","6410.jpg",,"13"
"15192","Personal Care","Personal Needs","Oral Hygiene","Crest","Crest Pro-Health Fluoride Toothpaste Clean Mint","Crest Pro-Health Fluoride Toothpaste Clean Mint","4.24","1.0","","1 count","1 count","6420.jpg",,"13"
"15193","Personal Care","Personal Needs","Oral Hygiene","Crest","Crest Pro-Health Mouthwash Clean Mint","Crest Pro-Health Mouthwash Clean Mint","5.39","1.0","","250 ml","250 ml","6409.jpg",,"13"
"15194","Personal Care","Personal Needs","Oral Hygiene","Crest","Crest Pro-Health Mouthwash, Alcohol Free, Clean Mint Multi-Protection","Crest Pro-Health Mouthwash, Alcohol Free, Clean Mint Multi-Protection","8.5","1.0","","1 L","1 L","6407.jpg",,"13"
"15195","Personal Care","Personal Needs","Oral Hygiene","Crest","Crest Tartar Control Fresh Mint Flavor Liquid Gel Toothpaste","Crest Tartar Control Fresh Mint Flavor Liquid Gel Toothpaste","2.86","1.0","","6 oz","6 oz","6404.jpg",,"13"
"15196","Personal Care","Personal Needs","Oral Hygiene","Crest","Crest Tartar Protection Toothpaste Regular","Crest Tartar Protection Toothpaste Regular","2.86","1.0","","1 count","1 count","6405.jpg",,"13"
"15197","Personal Care","Personal Needs","Oral Hygiene","Crest","Crest Toothpaste","Crest Toothpaste","4.24","1.0","","4.2 count","4.2 count","6414.jpg",,"13"
"15198","Personal Care","Personal Needs","Oral Hygiene","Crest","Crest Toothpaste","Crest Toothpaste","5.62","1.0","","4 oz","4 oz","6418.jpg",,"13"
"15199","Personal Care","Personal Needs","Oral Hygiene","Efferdent","Efferdent Anti-Bacterial Denture Cleaner","Efferdent Anti-Bacterial Denture Cleaner","4.93","1.0","","44 count","44 count","17781.jpg",,"13"
"15200","Personal Care","Personal Needs","Oral Hygiene","Efferdent","Efferdent Anti-Bacterial Denture Cleanser","Efferdent Anti-Bacterial Denture Cleanser","4.93","1.0","","40 count","40 count","17777.jpg",,"13"
"15201","Personal Care","Personal Needs","Oral Hygiene","Fixodent","Fixodent Denture Adhesive Cream Original","Fixodent Denture Adhesive Cream Original","6.66","1.0","","2 fl oz","2 fl oz","17784.jpg",,"13"
"15202","Personal Care","Personal Needs","Oral Hygiene","Glide","Glide 3D White Whitening + Scope Flavor Dental Floss, Radiant Mint","Glide 3D White Whitening + Scope Flavor Dental Floss, Radiant Mint","4.93","1.0","","38.2 yd","38.2 yd","18152.jpg",,"13"
"15203","Personal Care","Personal Needs","Oral Hygiene","Glide","Glide Glide Gum Care Floss Picks","Glide Glide Gum Care Floss Picks","4.93","1.0","","30 count","30 count","18148.jpg",,"13"
"15204","Personal Care","Personal Needs","Oral Hygiene","Gum","GUM Crayola Flashing Light Soft Toothbrush","GUM Crayola Flashing Light Soft Toothbrush","4.24","1.0","","1 count","1 count","6443.jpg",,"13"
"15205","Personal Care","Personal Needs","Oral Hygiene","Gum","GUM Crayola Kids' Flossers","GUM Crayola Kids' Flossers","2.75","1.0","","40 count","40 count","6447.jpg",,"13"
"15206","Personal Care","Personal Needs","Oral Hygiene","Gum","GUM Crayola Pip-Squeaks Ultrasoft Toothbrush","GUM Crayola Pip-Squeaks Ultrasoft Toothbrush","2.86","1.0","","2 count","2 count","6448.jpg",,"13"
"15207","Personal Care","Personal Needs","Oral Hygiene","Gum","GUM Crayola Suction Cup Base Toothbruch Soft","GUM Crayola Suction Cup Base Toothbruch Soft","2.75","1.0","","2 count","2 count","6444.jpg",,"13"
"15208","Personal Care","Personal Needs","Oral Hygiene","Gum","GUM Professional Clean Flossers Fresh Mint","GUM Professional Clean Flossers Fresh Mint","3.55","1.0","","90 count","90 count","6442.jpg",,"13"
"15209","Personal Care","Personal Needs","Oral Hygiene","Gum","GUM Professional Clean Flossers with Extra Strong Floss Fresh Mint - 40 CT","GUM Professional Clean Flossers with Extra Strong Floss Fresh Mint - 40 CT","2.86","1.0","","40 count","40 count","6445.jpg",,"13"
"15210","Personal Care","Personal Needs","Oral Hygiene","Gum","GUM Soft-Picks Original - 40 CT","GUM Soft-Picks Original - 40 CT","3.78","1.0","","40 count","40 count","6446.jpg",,"13"
"15211","Personal Care","Personal Needs","Oral Hygiene","Johnson & Johnson","Johnson & Johnson Reach Reach Mint Waxed Floss","Johnson & Johnson Reach Reach Mint Waxed Floss","1.94","1.0","","55 count","55 count","17778.jpg",,"13"
"15212","Personal Care","Personal Needs","Oral Hygiene","Johnson & Johnson","Johnson & Johnson Reach Reach Waxed Floss, Unflavored","Johnson & Johnson Reach Reach Waxed Floss, Unflavored","1.94","1.0","","55 count","55 count","17791.jpg",,"13"
"15213","Personal Care","Personal Needs","Oral Hygiene","Listerine","Listerine Cool Mint Antiseptic Mouthwash","Listerine Cool Mint Antiseptic Mouthwash","6.31","1.0","","500 fl oz","500 fl oz","6453.jpg",,"13"
"15214","Personal Care","Personal Needs","Oral Hygiene","Listerine","Listerine Cool Mint Antiseptic Mouthwash","Listerine Cool Mint Antiseptic Mouthwash","7.58","1.0","","1 L","1 L","6456.jpg",,"13"
"15215","Personal Care","Personal Needs","Oral Hygiene","Listerine","Listerine Cool Mint Antiseptic Mouthwash","Listerine Cool Mint Antiseptic Mouthwash","11.26","1.0","","1.5 L","1.5 L","6458.jpg",,"13"
"15216","Personal Care","Personal Needs","Oral Hygiene","Listerine","Listerine Freshburst Antiseptic Mouthwash","Listerine Freshburst Antiseptic Mouthwash","6.31","1.0","","500 fl oz","500 fl oz","6454.jpg",,"13"
"15217","Personal Care","Personal Needs","Oral Hygiene","Listerine","Listerine Freshburst Antiseptic Mouthwash","Listerine Freshburst Antiseptic Mouthwash","8.96","1.0","","1 L","1 L","6455.jpg",,"13"
"15218","Personal Care","Personal Needs","Oral Hygiene","Listerine","Listerine Original Antiseptic Mouthwash","Listerine Original Antiseptic Mouthwash","7.58","1.0","","1 L","1 L","6457.jpg",,"13"
"15219","Personal Care","Personal Needs","Oral Hygiene","Market Basket","Market Basket Angle Edge Toothbrush Soft","Market Basket Angle Edge Toothbrush Soft","1.71","1.0","","1 count","1 count","Market Basket.jpg",,"13"
"15220","Personal Care","Personal Needs","Oral Hygiene","Market Basket","Market Basket Anticavity Mouthwash Eucalyptus Mint","Market Basket Anticavity Mouthwash Eucalyptus Mint","4.24","1.0","","1 L","1 L","Market Basket.jpg",,"13"
"15221","Personal Care","Personal Needs","Oral Hygiene","Market Basket","Market Basket Antiseptic Fresh Mint Mouth Rinse","Market Basket Antiseptic Fresh Mint Mouth Rinse","2.29","1.0","","16.9 fl oz","16.9 fl oz","Market Basket.jpg",,"13"
"15222","Personal Care","Personal Needs","Oral Hygiene","Market Basket","Market Basket Antiseptic Fresh Mint Mouthwash","Market Basket Antiseptic Fresh Mint Mouthwash","2.29","1.0","","16.9 fl oz","16.9 fl oz","Market Basket.jpg",,"13"
"15223","Personal Care","Personal Needs","Oral Hygiene","Market Basket","Market Basket Antiseptic Mouth Rinse","Market Basket Antiseptic Mouth Rinse","2.29","1.0","","16.9 fl oz","16.9 fl oz","Market Basket.jpg",,"13"
"15224","Personal Care","Personal Needs","Oral Hygiene","Market Basket","Market Basket Antiseptic Mouth Rinse Blue Mint","Market Basket Antiseptic Mouth Rinse Blue Mint","2.86","1.0","","1 L","1 L","Market Basket.jpg",,"13"
"15225","Personal Care","Personal Needs","Oral Hygiene","Market Basket","Market Basket Clean+ Toothbrush Firm","Market Basket Clean+ Toothbrush Firm","0.91","1.0","","1 count","1 count","Market Basket.jpg",,"13"
"15226","Personal Care","Personal Needs","Oral Hygiene","Market Basket","Market Basket Clean+ Toothbrush Soft","Market Basket Clean+ Toothbrush Soft","0.91","1.0","","1 count","1 count","Market Basket.jpg",,"13"
"15227","Personal Care","Personal Needs","Oral Hygiene","Market Basket","Market Basket Elite Angle Toothbrush Medium","Market Basket Elite Angle Toothbrush Medium","1.83","1.0","","1 count","1 count","Market Basket.jpg",,"13"
"15228","Personal Care","Personal Needs","Oral Hygiene","Market Basket","Market Basket Extra Comfort Floss","Market Basket Extra Comfort Floss","2.86","1.0","","43.7 yd","43.7 yd","Market Basket.jpg",,"13"
"15229","Personal Care","Personal Needs","Oral Hygiene","Market Basket","Market Basket Hi Tech Floss Mint Waxed","Market Basket Hi Tech Floss Mint Waxed","2.17","1.0","","50 meters","50 meters","Market Basket.jpg",,"13"
"15230","Personal Care","Personal Needs","Oral Hygiene","Market Basket","Market Basket Mouthwash Peppermint","Market Basket Mouthwash Peppermint","2.52","1.0","","1 L","1 L","Market Basket.jpg",,"13"
"15231","Personal Care","Personal Needs","Oral Hygiene","Market Basket","Market Basket Smartgrip Contour Toothbrush Medium","Market Basket Smartgrip Contour Toothbrush Medium","1.83","1.0","","1 count","1 count","Market Basket.jpg",,"13"
"15232","Personal Care","Personal Needs","Oral Hygiene","Market Basket","Market Basket Smartgrip Contour Toothbrush Soft","Market Basket Smartgrip Contour Toothbrush Soft","1.83","1.0","","1 count","1 count","Market Basket.jpg",,"13"
"15233","Personal Care","Personal Needs","Oral Hygiene","Market Basket","Market Basket Soft & Smooth Dental Floss","Market Basket Soft & Smooth Dental Floss","2.86","1.0","","55 count","55 count","Market Basket.jpg",,"13"
"15234","Personal Care","Personal Needs","Oral Hygiene","Market Basket","Market Basket Youth Toothbrush","Market Basket Youth Toothbrush","1.48","1.0","","1 count","1 count","Market Basket.jpg",,"13"
"15235","Personal Care","Personal Needs","Oral Hygiene","Mott's","Mott's Cinnamon Applesauce","Mott's Cinnamon Applesauce","3.09","1.0","","6 x 4 oz","6 x 4 oz","4946.jpg",,"3"
"15236","Personal Care","Personal Needs","Oral Hygiene","Orajel","Orajel Daniel Tigers Fruity Stripes Training Toothpaste + Toothbrush","Orajel Daniel Tigers Fruity Stripes Training Toothpaste + Toothbrush","6.31","1.0","","2 count","2 count","18153.jpg",,"13"
"15237","Personal Care","Personal Needs","Oral Hygiene","Orajel","Orajel Maximum Toothache Relief Double Medicated","Orajel Maximum Toothache Relief Double Medicated","9.88","1.0","","0.42 oz","0.42 oz","17774.jpg",,"13"
"15238","Personal Care","Personal Needs","Oral Hygiene","Orajel","Orajel Nickelodeon Paw Patrol Fruity Fun Training Toothpaste","Orajel Nickelodeon Paw Patrol Fruity Fun Training Toothpaste","4.93","1.0","","1.5 oz","1.5 oz","17783.jpg",,"13"
"15239","Personal Care","Personal Needs","Oral Hygiene","Orajel","Orajel Sesame Street Berry Fun Training Toothpaste","Orajel Sesame Street Berry Fun Training Toothpaste","4.93","1.0","","1.5 oz","1.5 oz","17779.jpg",,"13"
"15240","Personal Care","Personal Needs","Oral Hygiene","Oral-B","Oral-B Complete Deep Clean Toothbrush, Soft","Oral-B Complete Deep Clean Toothbrush, Soft","4.24","1.0","","1 count","1 count","6431.jpg",,"13"
"15241","Personal Care","Personal Needs","Oral Hygiene","Oral-B","Oral-B Complete Satin Floss Mint","Oral-B Complete Satin Floss Mint","4.24","1.0","","55 yd","55 yd","6429.jpg",,"13"
"15242","Personal Care","Personal Needs","Oral Hygiene","Oral-B","Oral-B Glide Pro-Health Floss Deep Clean","Oral-B Glide Pro-Health Floss Deep Clean","4.93","1.0","","43.7 yd","43.7 yd","6422.jpg",,"13"
"15243","Personal Care","Personal Needs","Oral Hygiene","Oral-B","Oral-B Glide Pro-Health Mint Floss Dental Floss","Oral-B Glide Pro-Health Mint Floss Dental Floss","4.93","1.0","","54.6 yd","54.6 yd","6425.jpg",,"13"
"15244","Personal Care","Personal Needs","Oral Hygiene","Oral-B","Oral-B Manual Color Collection Manual Toothbrush, Medium","Oral-B Manual Color Collection Manual Toothbrush, Medium","2.86","1.0","","1 count","1 count","17789.jpg",,"13"
"15245","Personal Care","Personal Needs","Oral Hygiene","Oral-B","Oral-B Manual Expert Clean Battery Toothbrush, Soft","Oral-B Manual Expert Clean Battery Toothbrush, Soft","7.0","1.0","","1 count","1 count","17787.jpg",,"13"
"15246","Personal Care","Personal Needs","Oral Hygiene","Oral-B","Oral-B Manual Indicator Contour Clean Toothbrush, Soft","Oral-B Manual Indicator Contour Clean Toothbrush, Soft","2.86","1.0","","1 count","1 count","18147.jpg",,"13"
"15247","Personal Care","Personal Needs","Oral Hygiene","Oral-B","Oral-B Manual Oral-B Pro-Health All-in-One Manual Toothbrush, Soft","Oral-B Manual Oral-B Pro-Health All-in-One Manual Toothbrush, Soft","5.28","1.0","","1 count","1 count","18154.jpg",,"13"
"15248","Personal Care","Personal Needs","Oral Hygiene","Oral-B","Oral-B Pro-Health All-in-One Manual Toothbrush, Medium","Oral-B Pro-Health All-in-One Manual Toothbrush, Medium","5.28","1.0","","1 count","1 count","18146.jpg",,"13"
"15249","Personal Care","Personal Needs","Oral Hygiene","Oral-B","Oral-B Toothbrush","Oral-B Toothbrush","2.86","1.0","","1 count","1 count","6424.jpg",,"13"
"15250","Personal Care","Personal Needs","Oral Hygiene","Oral-B","Oral-B Toothbrush Pro Health Stages 5-7 Yrs Soft","Oral-B Toothbrush Pro Health Stages 5-7 Yrs Soft","3.55","1.0","","1 count","1 count","6428.jpg",,"13"
"15251","Personal Care","Personal Needs","Oral Hygiene","Plackers","Plackers Flossers, with Fluoride, Kids 1st","Plackers Flossers, with Fluoride, Kids 1st","2.75","1.0","","48 count","48 count","17780.jpg",,"13"
"15252","Personal Care","Personal Needs","Oral Hygiene","Plackers","Plackers Micro Mint Dental Flossers Mint","Plackers Micro Mint Dental Flossers Mint","4.01","1.0","","90 count","90 count","17788.jpg",,"13"
"15253","Personal Care","Personal Needs","Oral Hygiene","Polident","Polident Antibacterial Denture Cleanser 3 Minute Triple Mint Freshness","Polident Antibacterial Denture Cleanser 3 Minute Triple Mint Freshness","5.28","1.0","","40 count","40 count","17772.jpg",,"13"
"15254","Personal Care","Personal Needs","Oral Hygiene","Scope","Scope Classic Original Mint Mouthwash","Scope Classic Original Mint Mouthwash","5.62","1.0","","1 L","1 L","17785.jpg",,"13"
"15255","Personal Care","Personal Needs","Oral Hygiene","Sensodyne","Sensodyne ProNamel Iso-Active Gentle Whitening Toothpaste","Sensodyne ProNamel Iso-Active Gentle Whitening Toothpaste","8.5","1.0","","4.3 oz","4.3 oz","17792.jpg",,"13"
"15256","Personal Care","Personal Needs","Oral Hygiene","Sensodyne","Sensodyne Pronamel Toothpaste","Sensodyne Pronamel Toothpaste","8.5","1.0","","4 oz","4 oz","17773.jpg",,"13"
"15257","Personal Care","Personal Needs","Oral Hygiene","Sensodyne","Sensodyne Pronamel Toothpaste","Sensodyne Pronamel Toothpaste","8.5","1.0","","4 oz","4 oz","17782.jpg",,"13"
"15258","Personal Care","Personal Needs","Oral Hygiene","Sensodyne","Sensodyne Toothpaste","Sensodyne Toothpaste","7.0","1.0","","3.4 oz","3.4 oz","17767.jpg",,"13"
"15259","Personal Care","Personal Needs","Oral Hygiene","Sensodyne","Sensodyne Toothpaste","Sensodyne Toothpaste","5.62","1.0","","4 oz","4 oz","17768.jpg",,"13"
"15260","Personal Care","Personal Needs","Oral Hygiene","The Natural Dentist","The Natural Dentist Stim-U Dent Plaque Removers Original Mint - 4 PK","The Natural Dentist Stim-U Dent Plaque Removers Original Mint - 4 PK","3.21","1.0","","4 count","4 count","17766.jpg",,"13"
"15261","Personal Care","Personal Needs","Oral Hygiene","Tom's Of Maine","Tom's of Maine Natural Fluoride-Free Antiplaque & Whitening Toothpaste Peppermint","Tom's of Maine Natural Fluoride-Free Antiplaque & Whitening Toothpaste Peppermint","6.31","1.0","","5.5 fl oz","5.5 fl oz","6461.jpg",,"13"
"15262","Personal Care","Personal Needs","Oral Hygiene","Tom's Of Maine","Tom's Of Maine Toothpaste, Whole Care, with Fluoride, Spearmint Gel, Natural, Box","Tom's Of Maine Toothpaste, Whole Care, with Fluoride, Spearmint Gel, Natural, Box","6.31","1.0","","4.7 oz","4.7 oz","6459.jpg",,"13"
"15263","Personal Care","Personal Needs","Oral Hygiene","Tom's Of Maine","Tom's of Maine Whole Care Spearmint Toothpaste","Tom's of Maine Whole Care Spearmint Toothpaste","6.31","1.0","","4.7 oz","4.7 oz","6463.jpg",,"13"
"15264","Personal Care","Personal Needs","Oral Hygiene","Tom's Of Maine","Tom's of Maine Wicked Fresh! Mouthwash Cool Mountain Mint","Tom's of Maine Wicked Fresh! Mouthwash Cool Mountain Mint","7.0","1.0","","16 oz","16 oz","6460.jpg",,"13"
"15265","Personal Care","Personal Needs","Oral Hygiene","Tom's Of Maine","Tom's of Maine Wicked Fresh! Spearmint Ice Toothpaste","Tom's of Maine Wicked Fresh! Spearmint Ice Toothpaste","6.31","1.0","","5.5 oz","5.5 oz","6462.jpg",,"13"
"15266","Personal Care","Personal Needs","Shave Needs","Gillette","Gillette Foamy Regular Shave Cream","Gillette Foamy Regular Shave Cream","1.48","1.0","","11 fl oz","11 fl oz","17680.jpg",,"13"
"15267","Personal Care","Personal Needs","Shave Needs","Gillette","Gillette Sensor 3 Mens Disposable Razors","Gillette Sensor 3 Mens Disposable Razors","8.79","1.0","","4 count","4 count","6756.jpg",,"13"
"15268","Personal Care","Personal Needs","Shave Needs","Market Basket","Market Basket Twin Blade Plus Razors For Men","Market Basket Twin Blade Plus Razors For Men","2.17","1.0","","12 count","12 count","Market Basket.jpg",,"13"
"15269","Personal Care","Personal Needs","Shave Needs","Skintimate","Skintimate Skintimate Women's Moisturizing Shave Gel Dry Skin","Skintimate Skintimate Women's Moisturizing Shave Gel Dry Skin","4.13","1.0","","7 oz","7 oz","17722.jpg",,"13"
"15270","Personal Care","Personal Needs","Skin care","Summer's Eve","Summer's Eve 5 in 1 Cleansing Wash for Sensitive Skin Delicate Blossom","Summer's Eve 5 in 1 Cleansing Wash for Sensitive Skin Delicate Blossom","4.93","1.0","","9 oz","9 oz","6512.jpg",,"13"
"15271","Personal Care","Personal Needs","Skin care","Summer's Eve","Summer's Eve 5 in 1 Cleansing Wash for Sensitive Skin Simply Sensitive","Summer's Eve 5 in 1 Cleansing Wash for Sensitive Skin Simply Sensitive","4.93","1.0","","9 fl oz","9 fl oz","6513.jpg",,"13"
"15272","Personal Care","Personal Needs","Skin care","Summer's Eve","Summer's Eve 5 in 1 Freshening Spray Ultra","Summer's Eve 5 in 1 Freshening Spray Ultra","5.28","1.0","","2 fl oz","2 fl oz","6515.jpg",,"13"
"15273","Personal Care","Personal Needs","Skin care","Summer's Eve","Summer's Eve Cleansing Cloths for Sensitive Skin Sheer Floral","Summer's Eve Cleansing Cloths for Sensitive Skin Sheer Floral","3.09","1.0","","16 count","16 count","6511.jpg",,"13"
"15274","Personal Care","Personal Needs","Skin care","Summer's Eve","Summer's Eve Douche Fresh Scent","Summer's Eve Douche Fresh Scent","2.75","1.0","","2 x 4.5 fl oz","2 x 4.5 fl oz","6514.jpg",,"13"
"15275","Personal Care","Vitamins & Proteins","Protein & Meal Replacements","Amrita Protein","Amrita Sun Butter & Jelly Protein Bar","Amrita Sun Butter & Jelly Protein Bar","2.17","1.0","","2.12 oz","2.12 oz","6750.jpg",,"13"
"15276","Personal Care","Vitamins & Proteins","Protein & Meal Replacements","Atkins","Atkins Caramel Chocolate Peanut Nougat Bar","Atkins Caramel Chocolate Peanut Nougat Bar","8.5","1.0","","5 x 1.5 oz","5 x 1.5 oz","6730.jpg",,"13"
"15277","Personal Care","Vitamins & Proteins","Protein & Meal Replacements","Atkins","Atkins Protein-Rich Shake Strawberry","Atkins Protein-Rich Shake Strawberry","9.19","1.0","","4 x 11 fl oz","4 x 11 fl oz","6729.jpg",,"13"
"15278","Personal Care","Vitamins & Proteins","Protein & Meal Replacements","Atkins","Atkins Shake French Vanilla","Atkins Shake French Vanilla","9.19","1.0","","4 x 11 fl oz","4 x 11 fl oz","6731.jpg",,"13"
"15279","Personal Care","Vitamins & Proteins","Protein & Meal Replacements","Atkins","Atkins Shake Milk Chocolate Delight","Atkins Shake Milk Chocolate Delight","4.93","1.0","","4 x 11 fl oz","4 x 11 fl oz","6728.jpg",,"13"
"15280","Personal Care","Vitamins & Proteins","Protein & Meal Replacements","Body Fortress","Body Fortress Super Advanced Strawberry Whey Protein","Body Fortress Super Advanced Strawberry Whey Protein","21.03","1.0","","32 oz","32 oz","6738.jpg",,"3"
"15281","Personal Care","Vitamins & Proteins","Protein & Meal Replacements","Body Fortress","Body Fortress Super Advanced Whey Protein Supplement","Body Fortress Super Advanced Whey Protein Supplement","26.67","1.0","","2 lb","2 lb","6737.jpg",,"3"
"15282","Personal Care","Vitamins & Proteins","Protein & Meal Replacements","Body Fortress","Body Fortress Whey Protein","Body Fortress Whey Protein","25.29","1.0","","2 lb","2 lb","6736.jpg",,"3"
"15283","Personal Care","Vitamins & Proteins","Protein & Meal Replacements","Boost","Boost HIGH PROTEIN Very Vanilla","Boost HIGH PROTEIN Very Vanilla","11.26","1.0","","6 x 8 fl oz","6 x 8 fl oz","6739.jpg",,"13"
"15284","Personal Care","Vitamins & Proteins","Protein & Meal Replacements","Boost","Boost Original Complete Nutritional Drink, Rich Chocolate","Boost Original Complete Nutritional Drink, Rich Chocolate","11.26","1.0","","6 x 8 fl oz","6 x 8 fl oz","6740.jpg",,"13"
"15285","Personal Care","Vitamins & Proteins","Protein & Meal Replacements","Boost","Boost Original Very Vanilla","Boost Original Very Vanilla","11.26","1.0","","6 x 8 fl oz","6 x 8 fl oz","6741.jpg",,"13"
"15286","Personal Care","Vitamins & Proteins","Protein & Meal Replacements","Boost","Boost Plus Rich Chocolate","Boost Plus Rich Chocolate","13.33","1.0","","48 fl oz","48 fl oz","6748.jpg",,"13"
"15287","Personal Care","Vitamins & Proteins","Protein & Meal Replacements","Boost","Boost Plus Very Vanilla","Boost Plus Very Vanilla","13.33","1.0","","6 x 8 fl oz","6 x 8 fl oz","6749.jpg",,"13"
"15288","Personal Care","Vitamins & Proteins","Protein & Meal Replacements","Ensure","Ensure Nutrition Shake","Ensure Nutrition Shake","14.02","1.0","","6 x 8 fl oz","6 x 8 fl oz","6720.jpg",,"13"
"15289","Personal Care","Vitamins & Proteins","Protein & Meal Replacements","Ensure","Ensure Original Nutrition Shake Milk Chocolate Ready-to-Drink Bottles","Ensure Original Nutrition Shake Milk Chocolate Ready-to-Drink Bottles","14.02","1.0","","6 x 8 fl oz","6 x 8 fl oz","6719.jpg",,"13"
"15290","Personal Care","Vitamins & Proteins","Protein & Meal Replacements","Ensure","Ensure Original Nutrition Shake Strawberry Ready-to-Drink Bottles","Ensure Original Nutrition Shake Strawberry Ready-to-Drink Bottles","12.64","1.0","","6 x 8 fl oz","6 x 8 fl oz","6723.jpg",,"13"
"15291","Personal Care","Vitamins & Proteins","Protein & Meal Replacements","Ensure","Ensure Original Nutrition Shake Vanilla Ready-to-Drink Bottles","Ensure Original Nutrition Shake Vanilla Ready-to-Drink Bottles","12.64","1.0","","6 x 8 fl oz","6 x 8 fl oz","6718.jpg",,"13"
"15292","Personal Care","Vitamins & Proteins","Protein & Meal Replacements","Ensure","Ensure Plus Milk Chocolate","Ensure Plus Milk Chocolate","14.02","1.0","","6 count","6 count","No Image.jpg",,"13"
"15293","Personal Care","Vitamins & Proteins","Protein & Meal Replacements","Ensure","Ensure Plus Nutrition Shake Milk Chocolate Ready-to-Drink Bottles","Ensure Plus Nutrition Shake Milk Chocolate Ready-to-Drink Bottles","14.02","1.0","","48 fl oz","48 fl oz","6722.jpg",,"13"
"15294","Personal Care","Vitamins & Proteins","Protein & Meal Replacements","Ensure","Ensure Plus Nutrition Shake Strawberry Ready-to-Drink Bottles","Ensure Plus Nutrition Shake Strawberry Ready-to-Drink Bottles","12.64","1.0","","6 x 8 fl oz","6 x 8 fl oz","6721.jpg",,"13"
"15295","Personal Care","Vitamins & Proteins","Protein & Meal Replacements","Glucerna","Glucerna Diabetes Nutritional Shake","Glucerna Diabetes Nutritional Shake","14.02","1.0","","6 x 8 fl oz","6 x 8 fl oz","6743.jpg",,"13"
"15296","Personal Care","Vitamins & Proteins","Protein & Meal Replacements","Glucerna","Glucerna Diabetes Nutritional Shake","Glucerna Diabetes Nutritional Shake","14.02","1.0","","6 x 8 fl oz","6 x 8 fl oz","6744.jpg",,"13"
"15297","Personal Care","Vitamins & Proteins","Protein & Meal Replacements","Glucerna","Glucerna Diabetes Nutritional Shake Rich Chocolate Ready-To-Drink Bottles","Glucerna Diabetes Nutritional Shake Rich Chocolate Ready-To-Drink Bottles","14.02","1.0","","6 x 8 fl oz","6 x 8 fl oz","6742.jpg",,"13"
"15298","Personal Care","Vitamins & Proteins","Protein & Meal Replacements","Kellogg's","Kellogg's Special K Coffee House Chocolate Mocha Protein Breakfast Shakes","Kellogg's Special K Coffee House Chocolate Mocha Protein Breakfast Shakes","8.5","1.0","","4 x 10 fl oz","4 x 10 fl oz","17856.jpg",,"5"
"15299","Personal Care","Vitamins & Proteins","Protein & Meal Replacements","Kellogg's","Kellogg's Special K Protein Meal Bars Chocolatey Brownie","Kellogg's Special K Protein Meal Bars Chocolatey Brownie","8.5","1.0","","5 x 7.9 oz","5 x 7.9 oz","17855.jpg",,"13"
"15300","Personal Care","Vitamins & Proteins","Protein & Meal Replacements","Kellogg's","Kellogg's Special K Protein Shakes French Vanilla","Kellogg's Special K Protein Shakes French Vanilla","8.5","1.0","","40 fl oz","40 fl oz","6746.jpg",,"13"
"15301","Personal Care","Vitamins & Proteins","Protein & Meal Replacements","Kellogg's","Kellogg's Special K Protein Shakes Rich Chocolate","Kellogg's Special K Protein Shakes Rich Chocolate","7.0","1.0","","4 x 40 fl oz","4 x 40 fl oz","6745.jpg",,"5"
"15302","Personal Care","Vitamins & Proteins","Protein & Meal Replacements","Kellogg's","Kellogg's Special K Protein Shakes Strawberry","Kellogg's Special K Protein Shakes Strawberry","7.69","1.0","","40 fl oz","40 fl oz","6747.jpg",,"5"
"15303","Personal Care","Vitamins & Proteins","Protein & Meal Replacements","MET-Rx","MET-Rx Protein Plus RTD 51 Creamy Vanilla","MET-Rx Protein Plus RTD 51 Creamy Vanilla","4.24","1.0","","15 fl oz","15 fl oz","17857.jpg",,"13"
"15304","Personal Care","Vitamins & Proteins","Protein & Meal Replacements","Muscle Milk","Muscle Milk Banana Dairy Substitute - Shelf Stable","Muscle Milk Banana Dairy Substitute - Shelf Stable","4.24","1.0","","14 fl oz","14 fl oz","6735.jpg",,"13"
"15305","Personal Care","Vitamins & Proteins","Protein & Meal Replacements","Muscle Milk","Muscle Milk Chocolate Dairy Drinks - Chilled","Muscle Milk Chocolate Dairy Drinks - Chilled","4.24","1.0","","14 fl oz","14 fl oz","6733.jpg",,"13"
"15306","Personal Care","Vitamins & Proteins","Protein & Meal Replacements","Muscle Milk","Muscle Milk Protein Shake, Non Dairy, Knockout Chocolate","Muscle Milk Protein Shake, Non Dairy, Knockout Chocolate","4.24","1.0","","14 fl oz","14 fl oz","6734.jpg",,"13"
"15307","Personal Care","Vitamins & Proteins","Protein & Meal Replacements","Muscle Milk","Muscle Milk Vanilla Cream Dairy Substitute - Shelf Stable","Muscle Milk Vanilla Cream Dairy Substitute - Shelf Stable","4.24","1.0","","14 fl oz","14 fl oz","6732.jpg",,"13"
"15308","Personal Care","Vitamins & Proteins","Protein & Meal Replacements","Pure Protein","Pure Protein 100% Whey Protein Powder Supplement","Pure Protein 100% Whey Protein Powder Supplement","14.02","1.0","","1 lb","1 lb","6725.jpg",,"3"
"15309","Personal Care","Vitamins & Proteins","Protein & Meal Replacements","Pure Protein","Pure Protein Nutrition Shake Vanilla Cream","Pure Protein Nutrition Shake Vanilla Cream","10.57","1.0","","4 x 11 fl oz","4 x 11 fl oz","6724.jpg",,"13"
"15310","Personal Care","Vitamins & Proteins","Protein & Meal Replacements","Pure Protein","Pure Protein Protein Powder, Vanilla Cream","Pure Protein Protein Powder, Vanilla Cream","14.02","1.0","","16 oz","16 oz","6727.jpg",,"3"
"15311","Personal Care","Vitamins & Proteins","Protein & Meal Replacements","Pure Protein","Pure Protein Shake Bottles Rich Chocolate","Pure Protein Shake Bottles Rich Chocolate","9.36","1.0","","4 x 11 fl oz","4 x 11 fl oz","6726.jpg",,"3"
"15312","Personal Care","Vitamins & Proteins","Vitamins & Supplements","Caltrate","Caltrate calcium vitamin d combination mineral supplements","Caltrate calcium vitamin d combination mineral supplements","21.72","1.0","","120 count","120 count","6717.jpg",,"13"
"15313","Personal Care","Vitamins & Proteins","Vitamins & Supplements","Centrum","Centrum MultiGummies","Centrum MultiGummies","10.8","1.0","","70 count","70 count","No Image.jpg",,"13"
"15314","Personal Care","Vitamins & Proteins","Vitamins & Supplements","Centrum","Centrum Multivitamin with Minerals","Centrum Multivitamin with Minerals","15.51","1.0","","125 count","125 count","6707.jpg",,"13"
"15315","Personal Care","Vitamins & Proteins","Vitamins & Supplements","Centrum","Centrum Silver Multivitamin and Multimineral Supplement Tablets For Men 50 Above","Centrum Silver Multivitamin and Multimineral Supplement Tablets For Men 50 Above","16.89","1.0","","100 count","100 count","6705.jpg",,"13"
"15316","Personal Care","Vitamins & Proteins","Vitamins & Supplements","Citracal","Citracal Calcium Supplement Coated Caplets Maximum Plus","Citracal Calcium Supplement Coated Caplets Maximum Plus","18.27","1.0","","120 count","120 count","6714.jpg",,"13"
"15317","Personal Care","Vitamins & Proteins","Vitamins & Supplements","Citracal","Citracal Petites Calcium Citrate With Vitamin D3 Caplets","Citracal Petites Calcium Citrate With Vitamin D3 Caplets","18.27","1.0","","200 count","200 count","6715.jpg",,"13"
"15318","Personal Care","Vitamins & Proteins","Vitamins & Supplements","Disney","Disney Princess MultiVitamin Gummies- 60 PCS","Disney Princess MultiVitamin Gummies- 60 PCS","8.5","1.0","","60 count","60 count","17850.jpg",,"13"
"15319","Personal Care","Vitamins & Proteins","Vitamins & Supplements","Dramamine","Dramamine Motion Sickness Relief, Chewable Tablets, Orange Flavor","Dramamine Motion Sickness Relief, Chewable Tablets, Orange Flavor","2.86","1.0","","4 count","4 count","17854.jpg",,"13"
"15320","Personal Care","Vitamins & Proteins","Vitamins & Supplements","Emergen-C","Emergen-C Calcium Magnesium Mineral Supplement","Emergen-C Calcium Magnesium Mineral Supplement","5.62","1.0","","10 count","10 count","6708.jpg",,"13"
"15321","Personal Care","Vitamins & Proteins","Vitamins & Supplements","Flintstones","Flintstones Children's Chewable Multivitamins plus Immunity Support","Flintstones Children's Chewable Multivitamins plus Immunity Support","11.95","1.0","","60 count","60 count","6711.jpg",,"13"
"15322","Personal Care","Vitamins & Proteins","Vitamins & Supplements","Flintstones","Flintstones Children's Chewable Multivitamins with Iron","Flintstones Children's Chewable Multivitamins with Iron","9.88","1.0","","60 count","60 count","6712.jpg",,"13"
"15323","Personal Care","Vitamins & Proteins","Vitamins & Supplements","Flintstones","Flintstones Children's Complete Chewable Multivitamin","Flintstones Children's Complete Chewable Multivitamin","12.29","1.0","","60 count","60 count","6713.jpg",,"13"
"15324","Personal Care","Vitamins & Proteins","Vitamins & Supplements","L'il Critters","L'il Critters Complete Multivitamin, Gummies","L'il Critters Complete Multivitamin, Gummies","7.0","1.0","","70 count","70 count","6716.jpg",,"13"
"15325","Personal Care","Vitamins & Proteins","Vitamins & Supplements","Nature Made","Nature Made Biotin 2500 mcg Softgels","Nature Made Biotin 2500 mcg Softgels","9.3","1.0","","90 count","90 count","18189.jpg",,"13"
"15326","Personal Care","Vitamins & Proteins","Vitamins & Supplements","Nature Made","Nature Made Burpless Fish Oil 1000 mg Softgels","Nature Made Burpless Fish Oil 1000 mg Softgels","18.27","1.0","","150 count","150 count","18193.jpg",,"13"
"15327","Personal Care","Vitamins & Proteins","Vitamins & Supplements","Nature Made","Nature Made Calcium (Carbonate) 500 mg w/D Tablets Value Size","Nature Made Calcium (Carbonate) 500 mg w/D Tablets Value Size","18.27","1.0","","300 count","300 count","18182.jpg",,"13"
"15328","Personal Care","Vitamins & Proteins","Vitamins & Supplements","Nature Made","Nature Made Calcium 500 mg Gummies","Nature Made Calcium 500 mg Gummies","16.89","1.0","","80 count","80 count","18194.jpg",,"13"
"15329","Personal Care","Vitamins & Proteins","Vitamins & Supplements","Nature Made","Nature Made Calcium, 600 mg, Liquid Softgels","Nature Made Calcium, 600 mg, Liquid Softgels","16.55","1.0","","100 count","100 count","18183.jpg",,"13"
"15330","Personal Care","Vitamins & Proteins","Vitamins & Supplements","Nature Made","Nature Made Calcium, Magnesium Oxide, Zinc with Vitamin D3 Tablets","Nature Made Calcium, Magnesium Oxide, Zinc with Vitamin D3 Tablets","12.64","1.0","","300 count","300 count","18178.jpg",,"13"
"15331","Personal Care","Vitamins & Proteins","Vitamins & Supplements","Nature Made","Nature Made CoQ10 100 mg Softgels Value Size","Nature Made CoQ10 100 mg Softgels Value Size","42.08","1.0","","72 count","72 count","18191.jpg",,"13"
"15332","Personal Care","Vitamins & Proteins","Vitamins & Supplements","Nature Made","Nature Made Fish Oil","Nature Made Fish Oil","14.02","1.0","","180 count","180 count","6679.jpg",,"13"
"15333","Personal Care","Vitamins & Proteins","Vitamins & Supplements","Nature Made","Nature Made Fish Oil Gummies with Omega-3s EPA and DHA - Strawberry, Lemon & Orange","Nature Made Fish Oil Gummies with Omega-3s EPA and DHA - Strawberry, Lemon & Orange","14.02","1.0","","90 count","90 count","18195.jpg",,"13"
"15334","Personal Care","Vitamins & Proteins","Vitamins & Supplements","Nature Made","Nature Made Flaxseed Oil 1000 mg Softgels Value Size","Nature Made Flaxseed Oil 1000 mg Softgels Value Size","28.05","1.0","","180 count","180 count","18184.jpg",,"13"
"15335","Personal Care","Vitamins & Proteins","Vitamins & Supplements","Nature Made","Nature Made Folic Acid 400 mcg (665 mcg DFE) Tablets","Nature Made Folic Acid 400 mcg (665 mcg DFE) Tablets","5.62","1.0","","250 count","250 count","18180.jpg",,"13"
"15336","Personal Care","Vitamins & Proteins","Vitamins & Supplements","Nature Made","Nature Made Iron 65mg Tablets","Nature Made Iron 65mg Tablets","8.5","1.0","","180 count","180 count","6685.jpg",,"13"
"15337","Personal Care","Vitamins & Proteins","Vitamins & Supplements","Nature Made","Nature Made L-Lysine 500 mg Tablets","Nature Made L-Lysine 500 mg Tablets","13.1","1.0","","100 count","100 count","18186.jpg",,"13"
"15338","Personal Care","Vitamins & Proteins","Vitamins & Supplements","Nature Made","Nature Made Magnesium Oxide 250 mg Tablets","Nature Made Magnesium Oxide 250 mg Tablets","5.05","1.0","","100 count","100 count","18190.jpg",,"13"
"15339","Personal Care","Vitamins & Proteins","Vitamins & Supplements","Nature Made","Nature Made Melatonin 3mg","Nature Made Melatonin 3mg","7.0","1.0","","120 count","120 count","6678.jpg",,"13"
"15340","Personal Care","Vitamins & Proteins","Vitamins & Supplements","Nature Made","Nature Made Melatonin 5 mg Tablets","Nature Made Melatonin 5 mg Tablets","11.26","1.0","","90 count","90 count","6677.jpg",,"13"
"15341","Personal Care","Vitamins & Proteins","Vitamins & Supplements","Nature Made","Nature Made Multivitamin For Her 50+ Tablets with No Iron","Nature Made Multivitamin For Her 50+ Tablets with No Iron","12.64","1.0","","90 count","90 count","18181.jpg",,"13"
"15342","Personal Care","Vitamins & Proteins","Vitamins & Supplements","Nature Made","Nature Made Prenatal Tablets with Folic Acid, Iron, Iodine & Zinc","Nature Made Prenatal Tablets with Folic Acid, Iron, Iodine & Zinc","14.02","1.0","","90 count","90 count","18188.jpg",,"13"
"15343","Personal Care","Vitamins & Proteins","Vitamins & Supplements","Nature Made","Nature Made Super B-Complex Tablets","Nature Made Super B-Complex Tablets","12.64","1.0","","175 count","175 count","18179.jpg",,"13"
"15344","Personal Care","Vitamins & Proteins","Vitamins & Supplements","Nature Made","Nature Made Ubiquinol CoQ10 100 mg Softgels","Nature Made Ubiquinol CoQ10 100 mg Softgels","35.06","1.0","","30 count","30 count","18185.jpg",,"13"
"15345","Personal Care","Vitamins & Proteins","Vitamins & Supplements","Nature Made","Nature Made Vitamin B12 1000 mcg Time Release Tablets","Nature Made Vitamin B12 1000 mcg Time Release Tablets","9.88","1.0","","75 count","75 count","18187.jpg",,"13"
"15346","Personal Care","Vitamins & Proteins","Vitamins & Supplements","Nature Made","Nature Made Vitamin D3 1000 IU (25 mcg) Tablets","Nature Made Vitamin D3 1000 IU (25 mcg) Tablets","7.0","1.0","","100 count","100 count","18192.jpg",,"13"
"15347","Personal Care","Vitamins & Proteins","Vitamins & Supplements","Nature Made","Nature Made Vitamin D3 2000 IU (50 mcg) Tablets","Nature Made Vitamin D3 2000 IU (50 mcg) Tablets","9.88","1.0","","1 pack","1 pack","18196.jpg",,"13"
"15348","Personal Care","Vitamins & Proteins","Vitamins & Supplements","Nature Made","Nature Made Vitamin D3 2000 IU (50 mcg) Tablets","Nature Made Vitamin D3 2000 IU (50 mcg) Tablets","14.02","1.0","","220 count","220 count","18197.jpg",,"13"
"15349","Personal Care","Vitamins & Proteins","Vitamins & Supplements","One A Day","One A Day Energy Multivitamin/Multimineral Supplement","One A Day Energy Multivitamin/Multimineral Supplement","14.02","1.0","","50 count","50 count","6703.jpg",,"13"
"15350","Personal Care","Vitamins & Proteins","Vitamins & Supplements","One A Day","One A Day Men's Health Formula Complete Multivitamin Tablets","One A Day Men's Health Formula Complete Multivitamin Tablets","25.98","1.0","","200 count","200 count","6698.jpg",,"13"
"15351","Personal Care","Vitamins & Proteins","Vitamins & Supplements","One A Day","One A Day Men's Multivitamin 50+ Healthy Advantage Tablets","One A Day Men's Multivitamin 50+ Healthy Advantage Tablets","14.02","1.0","","65 count","65 count","6700.jpg",,"13"
"15352","Personal Care","Vitamins & Proteins","Vitamins & Supplements","One A Day","One A Day Women's Active Metabolism Tablets Multivitamin/Multimineral Supplement","One A Day Women's Active Metabolism Tablets Multivitamin/Multimineral Supplement","14.02","1.0","","50 count","50 count","6699.jpg",,"13"
"15353","Personal Care","Vitamins & Proteins","Vitamins & Supplements","One A Day","One A Day Women's Multivitamin Women's Formula Tablets","One A Day Women's Multivitamin Women's Formula Tablets","25.98","1.0","","200 count","200 count","6704.jpg",,"13"
"15354","Personal Care","Vitamins & Proteins","Vitamins & Supplements","One A Day","One A Day Women's Multivitamin/Multimineral Supplement Women's Formula Tablets","One A Day Women's Multivitamin/Multimineral Supplement Women's Formula Tablets","10.57","1.0","","60 count","60 count","6701.jpg",,"13"
"15355","Personal Care","Vitamins & Proteins","Vitamins & Supplements","One A Day","One A Day Women's Multivitamin/Multimineral Supplement Women's Formula Tablets","One A Day Women's Multivitamin/Multimineral Supplement Women's Formula Tablets","14.02","1.0","","100 count","100 count","6702.jpg",,"13"
"15356","Personal Care","Vitamins & Proteins","Vitamins & Supplements","Sundown Naturals","Sundown Naturals Calcium Magnesium And Zinc - 100 CT","Sundown Naturals Calcium Magnesium And Zinc - 100 CT","5.62","1.0","","100 count","100 count","6695.jpg",,"13"
"15357","Personal Care","Vitamins & Proteins","Vitamins & Supplements","Sundown Naturals","Sundown Naturals Folic Acid 800mcg Vitamin Supplement Tablets - 100 CT","Sundown Naturals Folic Acid 800mcg Vitamin Supplement Tablets - 100 CT","3.55","1.0","","100 count","100 count","6696.jpg",,"13"
"15358","Personal Care","Vitamins & Proteins","Vitamins & Supplements","Sundown Naturals","Sundown Naturals Saw Palmetto Herbal Supplememt","Sundown Naturals Saw Palmetto Herbal Supplememt","9.19","1.0","","100 count","100 count","No Image.jpg",,"13"
"15359","Personal Care","Vitamins & Proteins","Vitamins & Supplements","Tums","Tums Antacid","Tums Antacid","4.93","1.0","","60 count","60 count","17853.jpg",,"13"
"15438","Halloween Specials","Candy & Chocolates","Assortment","Hershey's","Hershey All Time Great Snack Size - Hershey's, KitKat, Reese's, Almond Joy","Hershey All Time Great Snack Size - Hershey's, KitKat, Reese's, Almond Joy","7.49","0.0","","15.92 oz","15.92 oz","HS0001.jpg",,"0"
"15439","Halloween Specials","Candy & Chocolates","Individual","Almond Joy","Almond Joy Coconut & Almond Chocolate ","Almond Joy Coconut & Almond Chocolate ","3.75","0.0","","11.3 oz","11.3 oz","HS0002.jpg",,"0"
"15440","Halloween Specials","Candy & Chocolates","Individual","Twix","Twix Fun Size","Twix Fun Size","6.24","0.0","","20.62 oz","20.62 oz","HS0003.jpg",,"0"
"15441","Halloween Specials","Candy & Chocolates","Assortment","Snickers","Snickers Peanuts, Caramel, Nougat, Milk Chocolate","Snickers Peanuts, Caramel, Nougat, Milk Chocolate","6.24","0.0","","20.77 oz","20.77 oz","HS0004.jpg",,"0"
"15442","Halloween Specials","Candy & Chocolates","Assortment","M&M's","80 Pieces M&M's, Twix, Starburst Original, Snickers","80 Pieces M&M's, Twix, Starburst Original, Snickers","11.24","0.0","","34.65 oz","34.65 oz","HS0005.jpg",,"0"
"15443","Halloween Specials","Candy & Chocolates","Assortment","Skittles","85 Pieces Skittles, Starburst Original, Lifesavers Candy, Hubba Bubba Candy","85 Pieces Skittles, Starburst Original, Lifesavers Candy, Hubba Bubba Candy","11.24","0.0","","21.39 oz","21.39 oz","HS0006.jpg",,"0"
"15444","Halloween Specials","Candy & Chocolates","Individual","Charms","Charms Mini Pops 300 count Peanut Free & Gluten Free","Charms Mini Pops 300 count Peanut Free & Gluten Free","8.74","0.0","","55.58 oz","55.58 oz","HS0007.jpg",,"0"
"15445","Halloween Specials","Candy & Chocolates","Assortment","Lifesavers Big Gummies","Lifesavers Big Gummies Starburst Favereds, Skittles Wild Berry, Starburst Original, Skittles Original","Lifesavers Big Gummies Starburst Favereds, Skittles Wild Berry, Starburst Original, Skittles Original","17.49","0.0","","63.43 oz","63.43 oz","HS0008.jpg",,"0"
"15446","Halloween Specials","Candy & Chocolates","Assortment","Child's Play","Child's Play Tootsie Roll, Juniors, Snack Bars, Mini Dots, Tootsie Pops, Tootsie Fruit Chews","Child's Play Tootsie Roll, Juniors, Snack Bars, Mini Dots, Tootsie Pops, Tootsie Fruit Chews","11.24","0.0","","56 oz","56 oz","HS0009.jpg",,"0"
"15447","Halloween Specials","Candy & Chocolates","Individual","Hershey's","Hershey Reese's Snack Size","Hershey Reese's Snack Size","3.75","0.0","","10.5 oz","10.5 oz","HS0010.jpg",,"0"
"15448","Halloween Specials","Candy & Chocolates","Individual","Milky Way","Milky Ways Fun Size","Milky Ways Fun Size","3.75","0.0","","10.65 oz","10.65 oz","HS0011.jpg",,"0"
"15449","Halloween Specials","Candy & Chocolates","Individual","Twix","Twix Snack Bars","Twix Snack Bars","3.75","0.0","","10.83 oz","10.83 oz","HS0012.jpg",,"0"
"15450","Halloween Specials","Candy & Chocolates","Individual","Snickers","Snickers Fun Size","Snickers Fun Size","3.75","0.0","","10.59 oz","10.59 oz","HS0013.jpg",,"0"
"15451","Halloween Specials","Candy & Chocolates","Individual","Skittles","Skittles Zombie Fun Size","Skittles Zombie Fun Size","3.75","0.0","","10.72 oz","10.72 oz","HS0014.jpg",,"0"
"15452","Halloween Specials","Candy & Chocolates","Assortment","Milky Way","35 Pieces Milky Way Bar, 3 Musketeers, Twix, Snickers","35 Pieces Milky Way Bar, 3 Musketeers, Twix, Snickers","4.36","0.0","","9.87 oz","9.87 oz","HS0015.jpg",,"0"
"15453","Halloween Specials","Candy & Chocolates","Assortment","Milky Way","35 Pieces 3 Musketeers, Twix, Snickers, Starburst Original","35 Pieces 3 Musketeers, Twix, Snickers, Starburst Original","6.24","0.0","","15.61 oz","15.61 oz","HS0016.jpg",,"0"
"15454","Halloween Specials","Candy & Chocolates","Individual","Snickers","Snickers Minis","Snickers Minis","4.36","0.0","","10.48 oz","10.48 oz","HS0017.jpg",,"0"
"15455","Halloween Specials","Candy & Chocolates","Assortment","Tootsie","55 Halloween Treats Tootsie Rolls, Charlestown Chew, Junior Minis","55 Halloween Treats Tootsie Rolls, Charlestown Chew, Junior Minis","8.74","0.0","","31.2 oz","31.2 oz","HS0018.jpg",,"0"
"15456","Halloween Specials","Candy & Chocolates","Assortment","Boo Bag","60 Pieces Boo Bag Crunch, Babyruth, Butterfinger","60 Pieces Boo Bag Crunch, Babyruth, Butterfinger","9.99","0.0","","35 oz","35 oz","HS0019.jpg",,"0"
"15457","Halloween Specials","Candy & Chocolates","Assortment","Child's Play","Child's Play Tootsie Roll, Juniors, Snack Bars, Mini Dots, Tootsie Pops, Tootsie Fruit Chews","Child's Play Tootsie Roll, Juniors, Snack Bars, Mini Dots, Tootsie Pops, Tootsie Fruit Chews","16.24","0.0","","84 oz","84 oz","HS0020.jpg",,"0"
"15458","Halloween Specials","Candy & Chocolates","Assortment","BabyRuth","150 Pieces Babyruth, 100 Grand, Butterfinger, Crunch","150 Pieces Babyruth, 100 Grand, Butterfinger, Crunch","18.74","0.0","","3.8 lb","3.8 lb","HS0021.jpg",,"0"
"15459","Halloween Specials","Candy & Chocolates","Assortment","Snickers","100 Pieces Snickers, Twix, Milky Way, Musketeers","100 Pieces Snickers, Twix, Milky Way, Musketeers","11.24","0.0","","28.78 oz","28.78 oz","HS0022.jpg",,"0"
"15460","Halloween Specials","Candy & Chocolates","Individual","Charms","Charms Candy Carnival","Charms Candy Carnival","6.24","0.0","","25 oz","25 oz","HS0023.jpg",,"0"
"15461","Halloween Specials","Candy & Chocolates","Individual","Hershey's","Hershey's Kisses Milk Chocolate","Hershey's Kisses Milk Chocolate","3.75","0.0","","11 oz","11 oz","HS0024.jpg",,"0"
"15462","Halloween Specials","Candy & Chocolates","Individual","Hershey's","Hershey Milk Chocolate DC Superhero Bar","Hershey Milk Chocolate DC Superhero Bar","3.75","0.0","","9.45 oz","9.45 oz","HS0025.jpg",,"0"
"15463","Halloween Specials","Candy & Chocolates","Individual","Smarties","Smarties Candy Rolls Original","Smarties Candy Rolls Original","6.24","0.0","","2 lb","2 lb","HS0026.jpg",,"0"
"15464","Halloween Specials","Candy & Chocolates","Individual","Haribo","Haribo Trick or Treat Mix","Haribo Trick or Treat Mix","9.99","0.0","","2.25 lb","2.25 lb","HS0027.jpg",,"0"
"15465","Halloween Specials","Candy & Chocolates","Individual","Mars","Mars Candy 80 count","Mars Candy 80 count","11.24","0.0","","2.17 lb","2.17 lb","HS0028.jpg",,"0"
"15466","Halloween Specials","Candy & Chocolates","Individual","Starbust","Starbust Fruit Chews","Starbust Fruit Chews","3.7","0.0","","10.58 oz","10.58 oz","HS0029.jpg",,"3"
"15467","Halloween Specials","Candy & Chocolates","Individual","Tootsie","Tootsie Fruit Chews Assorted Fruit Rolls","Tootsie Fruit Chews Assorted Fruit Rolls","3.13","0.0","","14.37 oz","14.37 oz","HS0030.jpg",,"0"
"15468","Halloween Specials","Candy & Chocolates","Individual","Hershey's","Hershey's Miniatures Chocolate Candy","Hershey's Miniatures Chocolate Candy","3.75","0.0","","11 oz","11 oz","HS0031.jpg",,"0"
"15469","Halloween Specials","Candy & Chocolates","Individual","Hershey's","Hershey's Monster Kisses Milk Chocolate","Hershey's Monster Kisses Milk Chocolate","3.75","0.0","","10 oz","10 oz","HS0032.jpg",,"0"
"15470","Halloween Specials","Candy & Chocolates","Individual","Hershey's","Hershey's Vampire Kisses Milk Chocolate Filled with Strawberry Flavoured Creme","Hershey's Vampire Kisses Milk Chocolate Filled with Strawberry Flavoured Creme","3.75","0.0","","9 oz","9 oz","HS0033.jpg",,"0"
"15471","Halloween Specials","Candy & Chocolates","Individual","Hershey's","Hersheys's Spooky Reeses Peanut Butter Cups","Hersheys's Spooky Reeses Peanut Butter Cups","3.75","0.0","","11 oz","11 oz","HS0034.jpg",,"0"
"15472","Halloween Specials","Candy & Chocolates","Individual","M&M's","M&M's Ghoul's Mix Peanut Flavoured Candy","M&M's Ghoul's Mix Peanut Flavoured Candy","3.75","0.0","","10 oz","10 oz","HS0035.jpg",,"0"
"15473","Halloween Specials","Candy & Chocolates","Individual","M&M's","M&M's Ghoul's Mix Peanut Butter Flavoured Candy","M&M's Ghoul's Mix Peanut Butter Flavoured Candy","3.75","0.0","","9.48 oz","9.48 oz","HS0036.jpg",,"0"
"15474","Halloween Specials","Candy & Chocolates","Assortment","Snickers","Snickers Assortment Pack - Snickers, Twix, Milky Way, Musketeers","Snickers Assortment Pack - Snickers, Twix, Milky Way, Musketeers","11.24","0.0","","26.78 oz","26.78 oz","HS0037.jpg",,"0"
"15475","Halloween Specials","Candy & Chocolates","Assortment","Wonka","Wonka Mixups - Laffy Taffy, Bottle Caps, Sweet Tarts, Nerds - 200 pieces","Wonka Mixups - Laffy Taffy, Bottle Caps, Sweet Tarts, Nerds - 200 pieces","14.99","0.0","","53.3 oz","53.3 oz","HS0038.jpg",,"0"
"15476","Halloween Specials","Candy & Chocolates","Individual","Charlestown Chew","Charlestown Chew Vanilla Flavored","Charlestown Chew Vanilla Flavored","3.75","0.0","","10 oz","10 oz","HS0039.jpg",,"3"
"15477","Halloween Specials","Candy & Chocolates","Assortment","Kidz Pik","Kidz Pik Assortment - Blow Pop, Dubble Bubble, Pops","Kidz Pik Assortment - Blow Pop, Dubble Bubble, Pops","8.74","0.0","","32.38 oz","32.38 oz","HS0040.jpg",,"0"
"15478","Halloween Specials","Candy & Chocolates","Individual","Junior Mints","Junior Mints Snack Size - Creamy Mints in Pure Chocolate","Junior Mints Snack Size - Creamy Mints in Pure Chocolate","3.75","0.0","","10 oz","10 oz","HS0041.jpg",,"0"
"15479","Halloween Specials","Candy & Chocolates","Individual","Charms","Charms Blow Pop Lemonade Stand","Charms Blow Pop Lemonade Stand","3.13","0.0","","11.7 oz","11.7 oz","HS0042.jpg",,"0"
"15480","Halloween Specials","Candy & Chocolates","Individual","Mallo Cup","Mallo Cup Fun Bits Snack Size ","Mallo Cup Fun Bits Snack Size ","6.0","0.0","","10 oz","10 oz","HS0043.jpg",,"0"
"15481","Halloween Specials","Candy & Chocolates","Individual","Charms","Charms Orange Pumpkin Pops ","Charms Orange Pumpkin Pops ","3.13","0.0","","11 oz","11 oz","HS0044.jpg",,"0"
"15482","Halloween Specials","Candy & Chocolates","Individual","M&M's","M&M's Chocolate Popcorn Milk Chocolate with Crisp Rice Center","M&M's Chocolate Popcorn Milk Chocolate with Crisp Rice Center","3.75","0.0","","7.44 oz","7.44 oz","HS0045.jpg",,"0"
"15483","Halloween Specials","Candy & Chocolates","Individual","York","York Dark Chocolate Covered Peppermint Patties","York Dark Chocolate Covered Peppermint Patties","3.75","0.0","","11.4 oz","11.4 oz","HS0046.jpg",,"3"
"15484","Halloween Specials","Candy & Chocolates","Individual","KitKat","KitKat Dark Chocolate Crisp Wafer Snack Size","KitKat Dark Chocolate Crisp Wafer Snack Size","3.75","0.0","","9.8 oz","9.8 oz","HS0047.jpg",,"0"
"15485","Halloween Specials","Candy & Chocolates","Individual","Twizzlers","Twizzlers Strawberry Twists Candy","Twizzlers Strawberry Twists Candy","3.75","0.0","","22 oz","22 oz","HS0048.jpg",,"0"
"15486","Halloween Specials","Candy & Chocolates","Assortment","Twix","55 Pieces Caramel Lovers - Twix, Snickers, Milky Way, M&M's","55 Pieces Caramel Lovers - Twix, Snickers, Milky Way, M&M's","11.24","0.0","","33.87 oz","33.87 oz","HS0049.jpg",,"0"
"15487","Halloween Specials","Candy & Chocolates","Individual","Charms","Charms Assorted Bubble Gum Filled Pops","Charms Assorted Bubble Gum Filled Pops","9.99","0.0","","46.75 oz","46.75 oz","HS0050.jpg",,"0"
"15488","Halloween Specials","Candy & Chocolates","Carving Kit","Pumpkin Masters","Pumpkin Masters Pumpkin Carving Kit","Pumpkin Masters Pumpkin Carving Kit","4.99","0.0","","15 count","15 count","HS0051.jpg",,"0"
"15489","Halloween Specials","Candy & Chocolates","Individual","KitKat","KitKat Milk Chocolate Crisp Wafer Snack Size","KitKat Milk Chocolate Crisp Wafer Snack Size","3.75","0.0","","10 oz","10 oz","HS0052.jpg",,"0"
"15490","Halloween Specials","Candy & Chocolates","Individual","Skittles","Skittles Original Fun Size","Skittles Original Fun Size","3.75","0.0","","10.22 oz","10.22 oz","HS0053.jpg",,"0"
"15491","Halloween Specials","Candy & Chocolates","Individual","M&M's","M&M's Peanut Made With Real Milk Chocolate","M&M's Peanut Made With Real Milk Chocolate","3.75","0.0","","10.57 oz","10.57 oz","HS0054.jpg",,"0"
"15492","Halloween Specials","Candy & Chocolates","Individual","M&M's","M&M's Glow in the Dark Trick or Treat Packs Milk Chocolate","M&M's Glow in the Dark Trick or Treat Packs Milk Chocolate","3.75","0.0","","8.42 oz","8.42 oz","HS0055.jpg",,"0"
"15493","Halloween Specials","Halloween Decor","Props","Pumpkin Masters","Pumpkin Masters 3 in 1 Light","Pumpkin Masters 3 in 1 Light","6.24","0.0","","1 count","1 count","HS0056.jpg",,"0"
"15494","Halloween Specials","Candy & Chocolates","Individual","Tootsie Roll","Tootsie Pops Minis 200 count","Tootsie Pops Minis 200 count","8.74","0.0","","2.25 lb","2.25 lb","HS0057.jpg",,"0"
"15495","Halloween Specials","Halloween Decor","Bowl & Buckets","Arrow Home","Arrow Home Halloween Bowl","Arrow Home Halloween Bowl","1.87","0.0","","1 count","1 count","HS0058.jpg",,"0"
"15496","Halloween Specials","Halloween Decor","Bowl & Buckets","Arrow Home","Arrow Home Trick or Treat Candy Bucket","Arrow Home Trick or Treat Candy Bucket","1.87","0.0","","1 count","1 count","HS0059.jpg",,"0"
"15497","Halloween Specials","Halloween Decor","Pumpkin","Market Basket","Market Basket Show Pumpkins","Market Basket Show Pumpkins","6.25","0.0","","1 count","1 count","HS0060.jpg",,"0"
"15498","Halloween Specials","Halloween Decor","Pumpkin","Market Basket","Market Basket Jumbo Pumpkins","Market Basket Jumbo Pumpkins","8.74","0.0","","1 count","1 count","HS0061.jpg",,"0"
"15499","Halloween Specials","Halloween Cookies","Cookie Dough","Nestle Toll House","Nestle Toll House Sugar Cookie Dough topped with snowflakes sprinkles","Nestle Toll House Sugar Cookie Dough topped with snowflakes sprinkles","3.13","0.0","","14 oz","14 oz","HS0062.jpg",,"1"
"15500","Halloween Specials","Halloween Cookies","Cookie Dough","Nestle Toll House","Nestle Toll House Hocus Pocus Oatmeal Peanut Butter Cookie Dough with chocolate morsels and candy coated gems","Nestle Toll House Hocus Pocus Oatmeal Peanut Butter Cookie Dough with chocolate morsels and candy coated gems","3.61","0.0","","14 oz","14 oz","HS0063.jpg",,"1"
"15501","Halloween Specials","Halloween Cookies","Cookie Dough","Nestle Toll House","Nestle Toll House Ghoul's Mix Sugar Cookie Dough topped with haloween sprinkles","Nestle Toll House Ghoul's Mix Sugar Cookie Dough topped with haloween sprinkles","3.13","0.0","","14 oz","14 oz","HS0064.jpg",,"1"
"15502","Halloween Specials","Halloween Cookies","Cookie Dough","Nestle Toll House","Nestle Toll House Funfetti Edible Cookie Dough with candy sprinkles","Nestle Toll House Funfetti Edible Cookie Dough with candy sprinkles","6.24","0.0","","15 oz","15 oz","HS0065.jpg",,"1"
"15503","Halloween Specials","Halloween Cookies","Cookie Dough","Nestle Toll House","Nestle Toll House Funfetti Edible Cookie Dough Chocolate Chip","Nestle Toll House Funfetti Edible Cookie Dough Chocolate Chip","6.24","0.0","","15 oz","15 oz","HS0066.jpg",,"1"
"15504","Halloween Specials","Halloween Decor","Props","Market Basket","Market Basket Scarecrow Balloon","Market Basket Scarecrow Balloon","11.24","1.0","","1 count","1 count","HS0067.jpg",,"0"
"15505","Halloween Specials","Halloween Cookies","Cupcakes","Market Basket","Market Basket 12 Autumn Mini Vanilla Cupcakes","Market Basket 12 Autumn Mini Vanilla Cupcakes","2.86","0.0","","10.5 oz","10.5 oz","HS0068.jpg",,"21"
"15506","Halloween Specials","Halloween Cookies","Cookies","Market Basket","Market Basket Fresh Baked Cookies","Market Basket Fresh Baked Cookies","4.99","0.0","","1 pack","1 pack","HS0069.jpg",,"21"
"15507","Halloween Specials","Halloween Decor","Props","Market Basket","Market Basket Happy Autumn Balloon","Market Basket Happy Autumn Balloon","8.74","1.0","","1 count","1 count","HS0070.jpg",,"0"
"15508","Halloween Specials","Halloween Decor","Pumpkin","Market Basket","Market Basket Small Show Pumpkin","Market Basket Small Show Pumpkin","4.99","1.0","","1 count","1 count","HS0071.jpg",,"20"
"15509","Halloween Specials","Halloween Decor","Gourds","Market Basket","Market Basket Assorted Gourds","Market Basket Assorted Gourds","1.74","1.0","","1 lb","1 lb","HS0072.jpg",,"20"
"15510","Halloween Specials","Halloween Decor","Flower Pot","Market Basket","Market Basket MUM Flower Pot - Yellow","Market Basket MUM Flower Pot - Yellow","4.36","1.0","","1 count","1 count","HS0073.jpg",,"20"
"15511","Halloween Specials","Halloween Decor","Flower Pot","Market Basket","Market Basket MUM Flower Pot - Orange","Market Basket MUM Flower Pot - Orange","4.36","1.0","","1 count","1 count","HS0074.jpg",,"20"
"15512","Halloween Specials","Halloween Decor","Flower Pot","Market Basket","Market Basket MUM Flower Pot - Red Yellow","Market Basket MUM Flower Pot - Red Yellow","4.36","1.0","","1 count","1 count","HS0075.jpg",,"20"
"15513","Halloween Specials","Halloween Decor","Flower Pot","Market Basket","Market Basket MUM Flower Pot - Reddish Yellow","Market Basket MUM Flower Pot - Reddish Yellow","4.36","1.0","","1 count","1 count","HS0076.jpg",,"20"
"15514","Halloween Specials","Halloween Decor","Flower Pot","Market Basket","Market Basket Fleurette Flower Pot - Yellow","Market Basket Fleurette Flower Pot - Yellow","4.99","1.0","","1 count","1 count","HS0077.jpg",,"20"
"15515","Halloween Specials","Halloween Decor","Flower Pot","Market Basket","Market Basket Fleurette Flower Pot - Red","Market Basket Fleurette Flower Pot - Red","4.99","1.0","","1 count","1 count","HS0078.jpg",,"20"
"15516","Cooking Needs","Rice, Grain, Pasta & Beans","Food Donation","Market Basket","Food Donation Bag","Food Donation Bag","25.99","0.0","","1 bag","1 bag","1605664132.jpg",,"N/A"
"15517","Cooking Needs","Rice, Grain, Pasta & Beans","Food Donation","Market Basket","Food Donation Bag","Food Donation Bag","25.99","0.0","","1 bag","1 bag","1605664132.jpg",,"N/A"
"15518","Cooking Needs","Rice, Grain, Pasta & Beans","Food Donation","Market Basket","Food Donation Bag","Food Donation Bag","25.99","0.0","","1 bag","1 bag","1605664132.jpg",,"5"
"15519","Cooking Needs","Rice, Grain, Pasta & Beans","Food Donation","Market Basket","Food Donation Bag","Food Donation Bag","25.99","0.0","","1 bag","1 bag","1605664132.jpg",,"5"
