[
  {
    "id": 6638,
    "code": "Odwalla Fruit Smoothie Strawberry Banana",
    "desc": "Odwalla Fruit Smoothie Strawberry Banana",
    "shortDesc": "Odwalla Fruit Smoothie Strawberry Banana",
    "tags": [
      "Refrigerated Drinks"
    ],
    "categories": [
      {
        "code": "Beverages & Juices",
        "desc": "Beverages & Juices"
      }
    ],
    "subCategories": [
      {
        "code": "Juices & Refrigerated Drinks",
        "desc": "Juices & Refrigerated Drinks"
      }
    ],
    "brands": [
      {
        "code": "Odwalla",
        "desc": "Odwalla"
      }
    ],
    "price": {
      "basePrice": 2.99,
      "discountPrice": 2.99
    },
    "type": {
      "code": "Refrigerated Drinks",
      "desc": "Refrigerated Drinks"
    },
    "weight": "12 fl oz",
    "UpcCode": "",
    "tax": 0.0,
    "spiceLevel": "",
    "aiselNo": "20",
    "store": "Market Basket",
    "weightType": "12 fl oz",
    "imageName": "3798.jpg",
    "defaultImage": "3798.jpg",
    "updatedTimestamp": "Jan 23, 2021 8:02:30 PM",
    "createdTimestamp": "Jan 23, 2021 8:02:30 PM",
    "isNewlyAdded": false,
    "isActive": true,
    "isDealsEnabled": false,
    "quantity": 0
  },
  {
    "id": 7080,
    "code": "Goya Olive Oil Extra Virgin",
    "desc": "Goya Olive Oil Extra Virgin",
    "shortDesc": "Goya Olive Oil Extra Virgin",
    "tags": [
      "Oils & Vinegars"
    ],
    "categories": [
      {
        "code": "Cooking Needs",
        "desc": "Cooking Needs"
      }
    ],
    "subCategories": [
      {
        "code": "Oils & Vinegars",
        "desc": "Oils & Vinegars"
      }
    ],
    "brands": [
      {
        "code": "Goya",
        "desc": "Goya"
      }
    ],
    "price": {
      "basePrice": 14.09,
      "discountPrice": 14.09
    },
    "type": {
      "code": "Oils & Vinegars",
      "desc": "Oils & Vinegars"
    },
    "weight": "34 fl oz",
    "UpcCode": "",
    "tax": 0.0,
    "spiceLevel": "",
    "aiselNo": "2",
    "store": "Market Basket",
    "weightType": "34 fl oz",
    "imageName": "1847.jpg",
    "defaultImage": "1847.jpg",
    "updatedTimestamp": "Jan 23, 2021 8:02:30 PM",
    "createdTimestamp": "Jan 23, 2021 8:02:30 PM",
    "isNewlyAdded": false,
    "isActive": true,
    "isDealsEnabled": false,
    "quantity": 0
  },
  {
    "id": 14710,
    "code": "Tone Soothing Oatmeal & Shea Butter Body Wash",
    "desc": "Tone Soothing Oatmeal & Shea Butter Body Wash",
    "shortDesc": "Tone Soothing Oatmeal & Shea Butter Body Wash",
    "tags": [
      "Body Wash"
    ],
    "categories": [
      {
        "code": "Personal Care",
        "desc": "Personal Care"
      }
    ],
    "subCategories": [
      {
        "code": "Body Wash, Soap & Hair Care",
        "desc": "Body Wash, Soap & Hair Care"
      }
    ],
    "brands": [
      {
        "code": "Tone",
        "desc": "Tone"
      }
    ],
    "price": {
      "basePrice": 5.62,
      "discountPrice": 5.62
    },
    "type": {
      "code": "Body Wash",
      "desc": "Body Wash"
    },
    "weight": "18 fl oz",
    "UpcCode": "",
    "tax": 1.0,
    "spiceLevel": "",
    "aiselNo": "13",
    "store": "Market Basket",
    "weightType": "18 fl oz",
    "imageName": "17721.jpg",
    "defaultImage": "17721.jpg",
    "updatedTimestamp": "Jan 23, 2021 8:02:30 PM",
    "createdTimestamp": "Jan 23, 2021 8:02:30 PM",
    "isNewlyAdded": false,
    "isActive": true,
    "isDealsEnabled": false,
    "quantity": 0
  },
  {
    "id": 5861,
    "code": "Reese's Peanut Butter Topping",
    "desc": "Reese's Peanut Butter Topping",
    "shortDesc": "Reese's Peanut Butter Topping",
    "tags": [
      "Ice Cream Toppings"
    ],
    "categories": [
      {
        "code": "Richardson's Farm Ice Cream",
        "desc": "Richardson's Farm Ice Cream"
      }
    ],
    "subCategories": [
      {
        "code": "Ice Cream Toppings",
        "desc": "Ice Cream Toppings"
      }
    ],
    "brands": [
      {
        "code": "Reese's",
        "desc": "Reese's"
      }
    ],
    "price": {
      "basePrice": 2.99,
      "discountPrice": 2.99
    },
    "type": {
      "code": "Ice Cream Toppings",
      "desc": "Ice Cream Toppings"
    },
    "weight": "7 oz",
    "UpcCode": "",
    "tax": 0.0,
    "spiceLevel": "",
    "aiselNo": "20",
    "store": "Market Basket",
    "weightType": "7 oz",
    "imageName": "1348.jpg",
    "defaultImage": "1348.jpg",
    "updatedTimestamp": "Jan 23, 2021 8:02:30 PM",
    "createdTimestamp": "Jan 23, 2021 8:02:30 PM",
    "isNewlyAdded": false,
    "isActive": true,
    "isDealsEnabled": false,
    "quantity": 0
  },
  {
    "id": 7397,
    "code": "Bush's Best Chili Beans Black Beans Mild Chili Sauce",
    "desc": "Bush's Best Chili Beans Black Beans Mild Chili Sauce",
    "shortDesc": "Bush's Best Chili Beans Black Beans Mild Chili Sauce",
    "tags": [
      "Canned & Jarred Vegetables"
    ],
    "categories": [
      {
        "code": "Cooking Needs",
        "desc": "Cooking Needs"
      }
    ],
    "subCategories": [
      {
        "code": "Canned Food",
        "desc": "Canned Food"
      }
    ],
    "brands": [
      {
        "code": "Bush's Best",
        "desc": "Bush's Best"
      }
    ],
    "price": {
      "basePrice": 1.29,
      "discountPrice": 1.29
    },
    "type": {
      "code": "Canned & Jarred Vegetables",
      "desc": "Canned & Jarred Vegetables"
    },
    "weight": "15.5 oz",
    "UpcCode": "",
    "tax": 0.0,
    "spiceLevel": "",
    "aiselNo": "9",
    "store": "Market Basket",
    "weightType": "15.5 oz",
    "imageName": "17099.jpg",
    "defaultImage": "17099.jpg",
    "updatedTimestamp": "Jan 23, 2021 8:02:30 PM",
    "createdTimestamp": "Jan 23, 2021 8:02:30 PM",
    "isNewlyAdded": false,
    "isActive": true,
    "isDealsEnabled": false,
    "quantity": 0
  },
  {
    "id": 7286,
    "code": "McCormick GourmetÃ¢âÂ¢ Organic Chipotle Chile Pepper",
    "desc": "McCormick GourmetÃ¢âÂ¢ Organic Chipotle Chile Pepper",
    "shortDesc": "McCormick GourmetÃ¢âÂ¢ Organic Chipotle Chile Pepper",
    "tags": [
      "Spices & Seasonings"
    ],
    "categories": [
      {
        "code": "Cooking Needs",
        "desc": "Cooking Needs"
      }
    ],
    "subCategories": [
      {
        "code": "Spices & Seasonings",
        "desc": "Spices & Seasonings"
      }
    ],
    "brands": [
      {
        "code": "McCormick",
        "desc": "McCormick"
      }
    ],
    "price": {
      "basePrice": 6.09,
      "discountPrice": 6.09
    },
    "type": {
      "code": "Spices & Seasonings",
      "desc": "Spices & Seasonings"
    },
    "weight": "2 oz",
    "UpcCode": "",
    "tax": 0.0,
    "spiceLevel": "",
    "aiselNo": "9",
    "store": "Market Basket",
    "weightType": "2 oz",
    "imageName": "2191.jpg",
    "defaultImage": "2191.jpg",
    "updatedTimestamp": "Jan 23, 2021 8:02:30 PM",
    "createdTimestamp": "Jan 23, 2021 8:02:30 PM",
    "isNewlyAdded": false,
    "isActive": true,
    "isDealsEnabled": false,
    "quantity": 0
  },
  {
    "id": 10275,
    "code": "Yasso Frozen Greek Yogurt, Pistachio Brittle Bars",
    "desc": "Yasso Frozen Greek Yogurt, Pistachio Brittle Bars",
    "shortDesc": "Yasso Frozen Greek Yogurt, Pistachio Brittle Bars",
    "tags": [
      "Ice Cream & Ice"
    ],
    "categories": [
      {
        "code": "Frozen Food",
        "desc": "Frozen Food"
      }
    ],
    "subCategories": [
      {
        "code": "Ice Cream & Ice",
        "desc": "Ice Cream & Ice"
      }
    ],
    "brands": [
      {
        "code": "Yasso",
        "desc": "Yasso"
      }
    ],
    "price": {
      "basePrice": 4.89,
      "discountPrice": 4.89
    },
    "type": {
      "code": "Ice Cream & Ice",
      "desc": "Ice Cream & Ice"
    },
    "weight": "4 x 3.5 fl oz",
    "UpcCode": "",
    "tax": 0.0,
    "spiceLevel": "",
    "aiselNo": "21",
    "store": "Market Basket",
    "weightType": "4 x 3.5 fl oz",
    "imageName": "16078.jpg",
    "defaultImage": "16078.jpg",
    "updatedTimestamp": "Jan 23, 2021 8:02:30 PM",
    "createdTimestamp": "Jan 23, 2021 8:02:30 PM",
    "isNewlyAdded": false,
    "isActive": true,
    "isDealsEnabled": false,
    "quantity": 0
  },
  {
    "id": 6433,
    "code": "Sunsweet Pitted Prunes Orange Essence",
    "desc": "Sunsweet Pitted Prunes Orange Essence",
    "shortDesc": "Sunsweet Pitted Prunes Orange Essence",
    "tags": [
      "Nuts, Seeds & Dried Fruit"
    ],
    "categories": [
      {
        "code": "Chips, Cookies & Snacks",
        "desc": "Chips, Cookies & Snacks"
      }
    ],
    "subCategories": [
      {
        "code": "Nuts, Seeds & Dried Fruit",
        "desc": "Nuts, Seeds & Dried Fruit"
      }
    ],
    "brands": [
      {
        "code": "Sunsweet",
        "desc": "Sunsweet"
      }
    ],
    "price": {
      "basePrice": 2.86,
      "discountPrice": 2.86
    },
    "type": {
      "code": "Nuts, Seeds & Dried Fruit",
      "desc": "Nuts, Seeds & Dried Fruit"
    },
    "weight": "6 oz",
    "UpcCode": "",
    "tax": 0.0,
    "spiceLevel": "",
    "aiselNo": "6",
    "store": "Market Basket",
    "weightType": "6 oz",
    "imageName": "1388.jpg",
    "defaultImage": "1388.jpg",
    "updatedTimestamp": "Jan 23, 2021 8:02:30 PM",
    "createdTimestamp": "Jan 23, 2021 8:02:30 PM",
    "isNewlyAdded": false,
    "isActive": true,
    "isDealsEnabled": false,
    "quantity": 0
  },
  {
    "id": 15207,
    "code": "GUM Crayola Suction Cup Base Toothbruch Soft",
    "desc": "GUM Crayola Suction Cup Base Toothbruch Soft",
    "shortDesc": "GUM Crayola Suction Cup Base Toothbruch Soft",
    "tags": [
      "Oral Hygiene"
    ],
    "categories": [
      {
        "code": "Personal Care",
        "desc": "Personal Care"
      }
    ],
    "subCategories": [
      {
        "code": "Personal Needs",
        "desc": "Personal Needs"
      }
    ],
    "brands": [
      {
        "code": "Gum",
        "desc": "Gum"
      }
    ],
    "price": {
      "basePrice": 2.75,
      "discountPrice": 2.75
    },
    "type": {
      "code": "Oral Hygiene",
      "desc": "Oral Hygiene"
    },
    "weight": "2 count",
    "UpcCode": "",
    "tax": 1.0,
    "spiceLevel": "",
    "aiselNo": "13",
    "store": "Market Basket",
    "weightType": "2 count",
    "imageName": "6444.jpg",
    "defaultImage": "6444.jpg",
    "updatedTimestamp": "Jan 23, 2021 8:02:30 PM",
    "createdTimestamp": "Jan 23, 2021 8:02:30 PM",
    "isNewlyAdded": false,
    "isActive": true,
    "isDealsEnabled": false,
    "quantity": 0
  },
  {
    "id": 14368,
    "code": "Folgers Coffee",
    "desc": "Folgers Coffee",
    "shortDesc": "Folgers Coffee",
    "tags": [
      "Coffee"
    ],
    "categories": [
      {
        "code": "Breakfast & Dairy",
        "desc": "Breakfast & Dairy"
      }
    ],
    "subCategories": [
      {
        "code": "Tea & Coffee",
        "desc": "Tea & Coffee"
      }
    ],
    "brands": [
      {
        "code": "Folgers ",
        "desc": "Folgers "
      }
    ],
    "price": {
      "basePrice": 4.29,
      "discountPrice": 4.29
    },
    "type": {
      "code": "Coffee",
      "desc": "Coffee"
    },
    "weight": "10.8 oz",
    "UpcCode": "",
    "tax": 0.0,
    "spiceLevel": "",
    "aiselNo": "8",
    "store": "Market Basket",
    "weightType": "10.8 oz",
    "imageName": "3344.jpg",
    "defaultImage": "3344.jpg",
    "updatedTimestamp": "Jan 23, 2021 8:02:30 PM",
    "createdTimestamp": "Jan 23, 2021 8:02:30 PM",
    "isNewlyAdded": false,
    "isActive": true,
    "isDealsEnabled": false,
    "quantity": 0
  },
  {
    "id": 6628,
    "code": "Newmen's Own Virgin Lemonade Beverage",
    "desc": "Newmen's Own Virgin Lemonade Beverage",
    "shortDesc": "Newmen's Own Virgin Lemonade Beverage",
    "tags": [
      "Refrigerated Drinks"
    ],
    "categories": [
      {
        "code": "Beverages & Juices",
        "desc": "Beverages & Juices"
      }
    ],
    "subCategories": [
      {
        "code": "Juices & Refrigerated Drinks",
        "desc": "Juices & Refrigerated Drinks"
      }
    ],
    "brands": [
      {
        "code": "Newman's Own",
        "desc": "Newman's Own"
      }
    ],
    "price": {
      "basePrice": 2.86,
      "discountPrice": 2.86
    },
    "type": {
      "code": "Refrigerated Drinks",
      "desc": "Refrigerated Drinks"
    },
    "weight": "59 fl oz",
    "UpcCode": "",
    "tax": 0.0,
    "spiceLevel": "",
    "aiselNo": "1",
    "store": "Market Basket",
    "weightType": "59 fl oz",
    "imageName": "X639.jpg",
    "defaultImage": "X639.jpg",
    "updatedTimestamp": "Jan 23, 2021 8:02:29 PM",
    "createdTimestamp": "Jan 23, 2021 8:02:29 PM",
    "isNewlyAdded": false,
    "isActive": true,
    "isDealsEnabled": false,
    "quantity": 0
  },
  {
    "id": 6146,
    "code": "Mountain Dew Can",
    "desc": "Mountain Dew Can",
    "shortDesc": "Mountain Dew Can",
    "tags": [
      "Soft Drinks"
    ],
    "categories": [
      {
        "code": "Beverages & Juices",
        "desc": "Beverages & Juices"
      }
    ],
    "subCategories": [
      {
        "code": "Soft Drinks & Seltzers",
        "desc": "Soft Drinks & Seltzers"
      }
    ],
    "brands": [
      {
        "code": "Mountain Dew",
        "desc": "Mountain Dew"
      }
    ],
    "price": {
      "basePrice": 4.38,
      "discountPrice": 4.38
    },
    "type": {
      "code": "Soft Drinks",
      "desc": "Soft Drinks"
    },
    "weight": "6 x 7.5 fl oz",
    "UpcCode": "",
    "tax": 0.0,
    "spiceLevel": "",
    "aiselNo": "17",
    "store": "Market Basket",
    "weightType": "6 x 7.5 fl oz",
    "imageName": "No Image.jpg",
    "defaultImage": "No Image.jpg",
    "updatedTimestamp": "Jan 23, 2021 8:02:30 PM",
    "createdTimestamp": "Jan 23, 2021 8:02:30 PM",
    "isNewlyAdded": false,
    "isActive": true,
    "isDealsEnabled": false,
    "quantity": 0
  },
  {
    "id": 14404,
    "code": "Market Basket #2 Coffee Filters",
    "desc": "Market Basket #2 Coffee Filters",
    "shortDesc": "Market Basket #2 Coffee Filters",
    "tags": [
      "Coffee"
    ],
    "categories": [
      {
        "code": "Breakfast & Dairy",
        "desc": "Breakfast & Dairy"
      }
    ],
    "subCategories": [
      {
        "code": "Tea & Coffee",
        "desc": "Tea & Coffee"
      }
    ],
    "brands": [
      {
        "code": "Market Basket",
        "desc": "Market Basket"
      }
    ],
    "price": {
      "basePrice": 2.49,
      "discountPrice": 2.49
    },
    "type": {
      "code": "Coffee",
      "desc": "Coffee"
    },
    "weight": "100 count",
    "UpcCode": "",
    "tax": 0.0,
    "spiceLevel": "",
    "aiselNo": "8",
    "store": "Market Basket",
    "weightType": "100 count",
    "imageName": "Market Basket.jpg",
    "defaultImage": "Market Basket.jpg",
    "updatedTimestamp": "Jan 23, 2021 8:02:30 PM",
    "createdTimestamp": "Jan 23, 2021 8:02:30 PM",
    "isNewlyAdded": false,
    "isActive": true,
    "isDealsEnabled": false,
    "quantity": 0
  },
  {
    "id": 140,
    "code": "Butler Gum Copper Mesh Scourers",
    "desc": "Butler Gum Copper Mesh Scourers",
    "shortDesc": "Butler Gum Copper Mesh Scourers",
    "tags": [
      "Other Cleaning Products"
    ],
    "categories": [
      {
        "code": "Kitchen & Cleaning",
        "desc": "Kitchen & Cleaning"
      }
    ],
    "subCategories": [
      {
        "code": "Cleaning Products",
        "desc": "Cleaning Products"
      }
    ],
    "brands": [
      {
        "code": "Butler Gum",
        "desc": "Butler Gum"
      }
    ],
    "price": {
      "basePrice": 2.79,
      "discountPrice": 2.79
    },
    "type": {
      "code": "Other Cleaning Products",
      "desc": "Other Cleaning Products"
    },
    "weight": "2 count",
    "UpcCode": "",
    "tax": 1.0,
    "spiceLevel": "",
    "aiselNo": "15",
    "store": "Market Basket",
    "weightType": "2 count",
    "imageName": "No Image.jpg",
    "defaultImage": "No Image.jpg",
    "updatedTimestamp": "Jan 23, 2021 8:02:30 PM",
    "createdTimestamp": "Jan 23, 2021 8:02:30 PM",
    "isNewlyAdded": false,
    "isActive": true,
    "isDealsEnabled": false,
    "quantity": 0
  },
  {
    "id": 8362,
    "code": "Gonsalves Honey Orange Blossom",
    "desc": "Gonsalves Honey Orange Blossom",
    "shortDesc": "Gonsalves Honey Orange Blossom",
    "tags": [
      "Honey"
    ],
    "categories": [
      {
        "code": "Condiments & Dressings",
        "desc": "Condiments & Dressings"
      }
    ],
    "subCategories": [
      {
        "code": "Honey, Syrup & Nectars",
        "desc": "Honey, Syrup & Nectars"
      }
    ],
    "brands": [
      {
        "code": "Gonsalves",
        "desc": "Gonsalves"
      }
    ],
    "price": {
      "basePrice": 6.69,
      "discountPrice": 6.69
    },
    "type": {
      "code": "Honey",
      "desc": "Honey"
    },
    "weight": "16 oz",
    "UpcCode": "",
    "tax": 0.0,
    "spiceLevel": "",
    "aiselNo": "3",
    "store": "Market Basket",
    "weightType": "16 oz",
    "imageName": "No Image.jpg",
    "defaultImage": "No Image.jpg",
    "updatedTimestamp": "Jan 23, 2021 8:02:30 PM",
    "createdTimestamp": "Jan 23, 2021 8:02:30 PM",
    "isNewlyAdded": false,
    "isActive": true,
    "isDealsEnabled": false,
    "quantity": 0
  },
  {
    "id": 246,
    "code": "Palmolive Ultra Soft Touch with Aloe Concentrated Dish Liquid",
    "desc": "Palmolive Ultra Soft Touch with Aloe Concentrated Dish Liquid",
    "shortDesc": "Palmolive Ultra Soft Touch with Aloe Concentrated Dish Liquid",
    "tags": [
      "Dish Liquid"
    ],
    "categories": [
      {
        "code": "Kitchen & Cleaning",
        "desc": "Kitchen & Cleaning"
      }
    ],
    "subCategories": [
      {
        "code": "Dish Detergents",
        "desc": "Dish Detergents"
      }
    ],
    "brands": [
      {
        "code": "Palmolive",
        "desc": "Palmolive"
      }
    ],
    "price": {
      "basePrice": 3.69,
      "discountPrice": 3.69
    },
    "type": {
      "code": "Dish Liquid",
      "desc": "Dish Liquid"
    },
    "weight": "25 fl oz",
    "UpcCode": "",
    "tax": 1.0,
    "spiceLevel": "",
    "aiselNo": "15",
    "store": "Market Basket",
    "weightType": "25 fl oz",
    "imageName": "16837.jpg",
    "defaultImage": "16837.jpg",
    "updatedTimestamp": "Jan 23, 2021 8:02:30 PM",
    "createdTimestamp": "Jan 23, 2021 8:02:30 PM",
    "isNewlyAdded": false,
    "isActive": true,
    "isDealsEnabled": false,
    "quantity": 0
  },
  {
    "id": 4988,
    "code": "Utz Kettle Classic Salt & Malt Vinegar Potato Chips",
    "desc": "Utz Kettle Classic Salt & Malt Vinegar Potato Chips",
    "shortDesc": "Utz Kettle Classic Salt & Malt Vinegar Potato Chips",
    "tags": [
      "Chips & Pretzels"
    ],
    "categories": [
      {
        "code": "Chips, Cookies & Snacks",
        "desc": "Chips, Cookies & Snacks"
      }
    ],
    "subCategories": [
      {
        "code": "Chips & Fruit Snacks",
        "desc": "Chips & Fruit Snacks"
      }
    ],
    "brands": [
      {
        "code": "Utz",
        "desc": "Utz"
      }
    ],
    "price": {
      "basePrice": 4.69,
      "discountPrice": 4.69
    },
    "type": {
      "code": "Chips & Pretzels",
      "desc": "Chips & Pretzels"
    },
    "weight": "8 oz",
    "UpcCode": "",
    "tax": 0.0,
    "spiceLevel": "",
    "aiselNo": "0",
    "store": "Market Basket",
    "weightType": "8 oz",
    "imageName": "No Image.jpg",
    "defaultImage": "No Image.jpg",
    "updatedTimestamp": "Jan 23, 2021 8:02:30 PM",
    "createdTimestamp": "Jan 23, 2021 8:02:30 PM",
    "isNewlyAdded": false,
    "isActive": true,
    "isDealsEnabled": false,
    "quantity": 0
  },
  {
    "id": 9426,
    "code": "Birds Eye Voila! Teriyaki Chicken",
    "desc": "Birds Eye Voila! Teriyaki Chicken",
    "shortDesc": "Birds Eye Voila! Teriyaki Chicken",
    "tags": [
      "Frozen Meal"
    ],
    "categories": [
      {
        "code": "Frozen Food",
        "desc": "Frozen Food"
      }
    ],
    "subCategories": [
      {
        "code": "Frozen Dinners & Entrees",
        "desc": "Frozen Dinners & Entrees"
      }
    ],
    "brands": [
      {
        "code": "Birds Eye",
        "desc": "Birds Eye"
      }
    ],
    "price": {
      "basePrice": 4.89,
      "discountPrice": 4.89
    },
    "type": {
      "code": "Frozen Meal",
      "desc": "Frozen Meal"
    },
    "weight": "21 oz",
    "UpcCode": "",
    "tax": 0.0,
    "spiceLevel": "",
    "aiselNo": "18",
    "store": "Market Basket",
    "weightType": "21 oz",
    "imageName": "2791.jpg",
    "defaultImage": "2791.jpg",
    "updatedTimestamp": "Jan 23, 2021 8:02:30 PM",
    "createdTimestamp": "Jan 23, 2021 8:02:30 PM",
    "isNewlyAdded": false,
    "isActive": true,
    "isDealsEnabled": false,
    "quantity": 0
  },
  {
    "id": 9919,
    "code": "Green Giant Antioxidant Blend Steamers",
    "desc": "Green Giant Antioxidant Blend Steamers",
    "shortDesc": "Green Giant Antioxidant Blend Steamers",
    "tags": [
      "Frozen Vegan & Vegetarian"
    ],
    "categories": [
      {
        "code": "Frozen Food",
        "desc": "Frozen Food"
      }
    ],
    "subCategories": [
      {
        "code": "Frozen Dinners & Entrees",
        "desc": "Frozen Dinners & Entrees"
      }
    ],
    "brands": [
      {
        "code": "Green Giant",
        "desc": "Green Giant"
      }
    ],
    "price": {
      "basePrice": 4.89,
      "discountPrice": 4.89
    },
    "type": {
      "code": "Frozen Vegan & Vegetarian",
      "desc": "Frozen Vegan & Vegetarian"
    },
    "weight": "7 oz",
    "UpcCode": "",
    "tax": 0.0,
    "spiceLevel": "",
    "aiselNo": "1",
    "store": "Market Basket",
    "weightType": "7 oz",
    "imageName": "16060.jpg",
    "defaultImage": "16060.jpg",
    "updatedTimestamp": "Jan 23, 2021 8:02:30 PM",
    "createdTimestamp": "Jan 23, 2021 8:02:30 PM",
    "isNewlyAdded": false,
    "isActive": true,
    "isDealsEnabled": false,
    "quantity": 0
  },
  {
    "id": 15201,
    "code": "Fixodent Denture Adhesive Cream Original",
    "desc": "Fixodent Denture Adhesive Cream Original",
    "shortDesc": "Fixodent Denture Adhesive Cream Original",
    "tags": [
      "Oral Hygiene"
    ],
    "categories": [
      {
        "code": "Personal Care",
        "desc": "Personal Care"
      }
    ],
    "subCategories": [
      {
        "code": "Personal Needs",
        "desc": "Personal Needs"
      }
    ],
    "brands": [
      {
        "code": "Fixodent",
        "desc": "Fixodent"
      }
    ],
    "price": {
      "basePrice": 6.66,
      "discountPrice": 6.66
    },
    "type": {
      "code": "Oral Hygiene",
      "desc": "Oral Hygiene"
    },
    "weight": "2 fl oz",
    "UpcCode": "",
    "tax": 1.0,
    "spiceLevel": "",
    "aiselNo": "13",
    "store": "Market Basket",
    "weightType": "2 fl oz",
    "imageName": "17784.jpg",
    "defaultImage": "17784.jpg",
    "updatedTimestamp": "Jan 23, 2021 8:02:30 PM",
    "createdTimestamp": "Jan 23, 2021 8:02:30 PM",
    "isNewlyAdded": false,
    "isActive": true,
    "isDealsEnabled": false,
    "quantity": 0
  },
  {
    "id": 211,
    "code": "SOS Sponges",
    "desc": "SOS Sponges",
    "shortDesc": "SOS Sponges",
    "tags": [
      "Scrub Sponge"
    ],
    "categories": [
      {
        "code": "Kitchen & Cleaning",
        "desc": "Kitchen & Cleaning"
      }
    ],
    "subCategories": [
      {
        "code": "Cleaning Products",
        "desc": "Cleaning Products"
      }
    ],
    "brands": [
      {
        "code": "SOS",
        "desc": "SOS"
      }
    ],
    "price": {
      "basePrice": 1.39,
      "discountPrice": 1.39
    },
    "type": {
      "code": "Scrub Sponge",
      "desc": "Scrub Sponge"
    },
    "weight": "4 count",
    "UpcCode": "",
    "tax": 1.0,
    "spiceLevel": "",
    "aiselNo": "15",
    "store": "Market Basket",
    "weightType": "4 count",
    "imageName": "16768.jpg",
    "defaultImage": "16768.jpg",
    "updatedTimestamp": "Jan 23, 2021 8:02:30 PM",
    "createdTimestamp": "Jan 23, 2021 8:02:30 PM",
    "isNewlyAdded": false,
    "isActive": true,
    "isDealsEnabled": false,
    "quantity": 0
  },
  {
    "id": 7842,
    "code": "Genova Tonno Solid Light Tuna in Olive Oil",
    "desc": "Genova Tonno Solid Light Tuna in Olive Oil",
    "shortDesc": "Genova Tonno Solid Light Tuna in Olive Oil",
    "tags": [
      "Canned Meat & Seafood"
    ],
    "categories": [
      {
        "code": "Cooking Needs",
        "desc": "Cooking Needs"
      }
    ],
    "subCategories": [
      {
        "code": "Canned Food",
        "desc": "Canned Food"
      }
    ],
    "brands": [
      {
        "code": "Genova",
        "desc": "Genova"
      }
    ],
    "price": {
      "basePrice": 2.49,
      "discountPrice": 2.49
    },
    "type": {
      "code": "Canned Meat & Seafood",
      "desc": "Canned Meat & Seafood"
    },
    "weight": "5 oz",
    "UpcCode": "",
    "tax": 0.0,
    "spiceLevel": "",
    "aiselNo": "2",
    "store": "Market Basket",
    "weightType": "5 oz",
    "imageName": "5242.jpg",
    "defaultImage": "5242.jpg",
    "updatedTimestamp": "Jan 23, 2021 8:02:30 PM",
    "createdTimestamp": "Jan 23, 2021 8:02:30 PM",
    "isNewlyAdded": false,
    "isActive": true,
    "isDealsEnabled": false,
    "quantity": 0
  },
  {
    "id": 4370,
    "code": "Market Basket Tuna Steaks",
    "desc": "Market Basket Tuna Steaks",
    "shortDesc": "Market Basket Tuna Steaks",
    "tags": [
      "Tuna"
    ],
    "categories": [
      {
        "code": "Meat & Seafood",
        "desc": "Meat & Seafood"
      }
    ],
    "subCategories": [
      {
        "code": "Meat & Seafood Counter",
        "desc": "Meat & Seafood Counter"
      }
    ],
    "brands": [
      {
        "code": "Market Basket",
        "desc": "Market Basket"
      }
    ],
    "price": {
      "basePrice": 18.29,
      "discountPrice": 18.29
    },
    "type": {
      "code": "Tuna",
      "desc": "Tuna"
    },
    "weight": "Approx: 1.00 lb at $18.2/lb",
    "UpcCode": "",
    "tax": 0.0,
    "spiceLevel": "",
    "aiselNo": "22",
    "store": "Market Basket",
    "weightType": "Approx: 1.00 lb at $18.2/lb",
    "imageName": "Market Basket.jpg",
    "defaultImage": "Market Basket.jpg",
    "updatedTimestamp": "Jan 23, 2021 8:02:30 PM",
    "createdTimestamp": "Jan 23, 2021 8:02:30 PM",
    "isNewlyAdded": false,
    "isActive": true,
    "isDealsEnabled": false,
    "quantity": 0
  },
  {
    "id": 6134,
    "code": "Market Basket Diet Soda",
    "desc": "Market Basket Diet Soda",
    "shortDesc": "Market Basket Diet Soda",
    "tags": [
      "Soft Drinks"
    ],
    "categories": [
      {
        "code": "Beverages & Juices",
        "desc": "Beverages & Juices"
      }
    ],
    "subCategories": [
      {
        "code": "Soft Drinks & Seltzers",
        "desc": "Soft Drinks & Seltzers"
      }
    ],
    "brands": [
      {
        "code": "Market Basket",
        "desc": "Market Basket"
      }
    ],
    "price": {
      "basePrice": 1.1,
      "discountPrice": 1.1
    },
    "type": {
      "code": "Soft Drinks",
      "desc": "Soft Drinks"
    },
    "weight": "2 L",
    "UpcCode": "",
    "tax": 0.0,
    "spiceLevel": "",
    "aiselNo": "17",
    "store": "Market Basket",
    "weightType": "2 L",
    "imageName": "Market Basket.jpg",
    "defaultImage": "Market Basket.jpg",
    "updatedTimestamp": "Jan 23, 2021 8:02:30 PM",
    "createdTimestamp": "Jan 23, 2021 8:02:30 PM",
    "isNewlyAdded": false,
    "isActive": true,
    "isDealsEnabled": false,
    "quantity": 0
  },
  {
    "id": 14471,
    "code": "Pilon Espresso Coffee Decaffeinated Ground Coffee",
    "desc": "Pilon Espresso Coffee Decaffeinated Ground Coffee",
    "shortDesc": "Pilon Espresso Coffee Decaffeinated Ground Coffee",
    "tags": [
      "Coffee"
    ],
    "categories": [
      {
        "code": "Breakfast & Dairy",
        "desc": "Breakfast & Dairy"
      }
    ],
    "subCategories": [
      {
        "code": "Tea & Coffee",
        "desc": "Tea & Coffee"
      }
    ],
    "brands": [
      {
        "code": "Pilon",
        "desc": "Pilon"
      }
    ],
    "price": {
      "basePrice": 5.49,
      "discountPrice": 5.49
    },
    "type": {
      "code": "Coffee",
      "desc": "Coffee"
    },
    "weight": "10 oz",
    "UpcCode": "",
    "tax": 0.0,
    "spiceLevel": "",
    "aiselNo": "8",
    "store": "Market Basket",
    "weightType": "10 oz",
    "imageName": "16303.jpg",
    "defaultImage": "16303.jpg",
    "updatedTimestamp": "Jan 23, 2021 8:02:30 PM",
    "createdTimestamp": "Jan 23, 2021 8:02:30 PM",
    "isNewlyAdded": false,
    "isActive": true,
    "isDealsEnabled": false,
    "quantity": 0
  },
  {
    "id": 13628,
    "code": "Boursin Garlic & Fine Herbs Gournay Cheese",
    "desc": "Boursin Garlic & Fine Herbs Gournay Cheese",
    "shortDesc": "Boursin Garlic & Fine Herbs Gournay Cheese",
    "tags": [
      "Packaged Cheese"
    ],
    "categories": [
      {
        "code": "Breakfast & Dairy",
        "desc": "Breakfast & Dairy"
      }
    ],
    "subCategories": [
      {
        "code": "Dairy & Eggs",
        "desc": "Dairy & Eggs"
      }
    ],
    "brands": [
      {
        "code": "Boursin",
        "desc": "Boursin"
      }
    ],
    "price": {
      "basePrice": 4.89,
      "discountPrice": 4.89
    },
    "type": {
      "code": "Packaged Cheese",
      "desc": "Packaged Cheese"
    },
    "weight": "5.2 oz",
    "UpcCode": "",
    "tax": 0.0,
    "spiceLevel": "",
    "aiselNo": "1",
    "store": "Market Basket",
    "weightType": "5.2 oz",
    "imageName": "14568.jpg",
    "defaultImage": "14568.jpg",
    "updatedTimestamp": "Jan 23, 2021 8:02:30 PM",
    "createdTimestamp": "Jan 23, 2021 8:02:30 PM",
    "isNewlyAdded": false,
    "isActive": true,
    "isDealsEnabled": false,
    "quantity": 0
  },
  {
    "id": 15085,
    "code": "Topcare Health Sterile Multi-purpose Solution For Soft Contact Lenses",
    "desc": "Topcare Health Sterile Multi-purpose Solution For Soft Contact Lenses",
    "shortDesc": "Topcare Health Sterile Multi-purpose Solution For Soft Contact Lenses",
    "tags": [
      "Eye & Ear Care"
    ],
    "categories": [
      {
        "code": "Personal Care",
        "desc": "Personal Care"
      }
    ],
    "subCategories": [
      {
        "code": "Personal Needs",
        "desc": "Personal Needs"
      }
    ],
    "brands": [
      {
        "code": "Topcare",
        "desc": "Topcare"
      }
    ],
    "price": {
      "basePrice": 5.62,
      "discountPrice": 5.62
    },
    "type": {
      "code": "Eye & Ear Care",
      "desc": "Eye & Ear Care"
    },
    "weight": "12 fl oz",
    "UpcCode": "",
    "tax": 1.0,
    "spiceLevel": "",
    "aiselNo": "13",
    "store": "Market Basket",
    "weightType": "12 fl oz",
    "imageName": "6486.jpg",
    "defaultImage": "6486.jpg",
    "updatedTimestamp": "Jan 23, 2021 8:02:30 PM",
    "createdTimestamp": "Jan 23, 2021 8:02:30 PM",
    "isNewlyAdded": false,
    "isActive": true,
    "isDealsEnabled": false,
    "quantity": 0
  },
  {
    "id": 9969,
    "code": "Breyer's Frozen Dairy Dessert Chocolate Chip",
    "desc": "Breyer's Frozen Dairy Dessert Chocolate Chip",
    "shortDesc": "Breyer's Frozen Dairy Dessert Chocolate Chip",
    "tags": [
      "Ice Cream & Ice"
    ],
    "categories": [
      {
        "code": "Frozen Food",
        "desc": "Frozen Food"
      }
    ],
    "subCategories": [
      {
        "code": "Ice Cream & Ice",
        "desc": "Ice Cream & Ice"
      }
    ],
    "brands": [
      {
        "code": "Breyer's",
        "desc": "Breyer's"
      }
    ],
    "price": {
      "basePrice": 4.29,
      "discountPrice": 4.29
    },
    "type": {
      "code": "Ice Cream & Ice",
      "desc": "Ice Cream & Ice"
    },
    "weight": "48 oz",
    "UpcCode": "",
    "tax": 0.0,
    "spiceLevel": "",
    "aiselNo": "21",
    "store": "Market Basket",
    "weightType": "48 oz",
    "imageName": "18036.jpg",
    "defaultImage": "18036.jpg",
    "updatedTimestamp": "Jan 23, 2021 8:02:30 PM",
    "createdTimestamp": "Jan 23, 2021 8:02:30 PM",
    "isNewlyAdded": false,
    "isActive": true,
    "isDealsEnabled": false,
    "quantity": 0
  },
  {
    "id": 234,
    "code": "Cascade Dawn 10X Power Dishwashing Detergent",
    "desc": "Cascade Dawn 10X Power Dishwashing Detergent",
    "shortDesc": "Cascade Dawn 10X Power Dishwashing Detergent",
    "tags": [
      "Dish Liquid"
    ],
    "categories": [
      {
        "code": "Kitchen & Cleaning",
        "desc": "Kitchen & Cleaning"
      }
    ],
    "subCategories": [
      {
        "code": "Dish Detergents",
        "desc": "Dish Detergents"
      }
    ],
    "brands": [
      {
        "code": "Cascade",
        "desc": "Cascade"
      }
    ],
    "price": {
      "basePrice": 4.89,
      "discountPrice": 4.89
    },
    "type": {
      "code": "Dish Liquid",
      "desc": "Dish Liquid"
    },
    "weight": "20 count",
    "UpcCode": "",
    "tax": 1.0,
    "spiceLevel": "",
    "aiselNo": "15",
    "store": "Market Basket",
    "weightType": "20 count",
    "imageName": "4329.jpg",
    "defaultImage": "4329.jpg",
    "updatedTimestamp": "Jan 23, 2021 8:02:30 PM",
    "createdTimestamp": "Jan 23, 2021 8:02:30 PM",
    "isNewlyAdded": false,
    "isActive": true,
    "isDealsEnabled": false,
    "quantity": 0
  },
  {
    "id": 4889,
    "code": "Market Basket Classic Potato Chips",
    "desc": "Market Basket Classic Potato Chips",
    "shortDesc": "Market Basket Classic Potato Chips",
    "tags": [
      "Chips & Pretzels"
    ],
    "categories": [
      {
        "code": "Chips, Cookies & Snacks",
        "desc": "Chips, Cookies & Snacks"
      }
    ],
    "subCategories": [
      {
        "code": "Chips & Fruit Snacks",
        "desc": "Chips & Fruit Snacks"
      }
    ],
    "brands": [
      {
        "code": "Market Basket",
        "desc": "Market Basket"
      }
    ],
    "price": {
      "basePrice": 3.13,
      "discountPrice": 3.13
    },
    "type": {
      "code": "Chips & Pretzels",
      "desc": "Chips & Pretzels"
    },
    "weight": "10 oz",
    "UpcCode": "",
    "tax": 0.0,
    "spiceLevel": "",
    "aiselNo": "0",
    "store": "Market Basket",
    "weightType": "10 oz",
    "imageName": "Market Basket.jpg",
    "defaultImage": "Market Basket.jpg",
    "updatedTimestamp": "Jan 23, 2021 8:02:30 PM",
    "createdTimestamp": "Jan 23, 2021 8:02:30 PM",
    "isNewlyAdded": false,
    "isActive": true,
    "isDealsEnabled": false,
    "quantity": 0
  },
  {
    "id": 3971,
    "code": "Product of France Shallots",
    "desc": "Product of France Shallots",
    "shortDesc": "Product of France Shallots",
    "tags": [
      "Shallot"
    ],
    "categories": [
      {
        "code": "Fresh Produce",
        "desc": "Fresh Produce"
      }
    ],
    "subCategories": [
      {
        "code": "Fresh Vegetables",
        "desc": "Fresh Vegetables"
      }
    ],
    "brands": [
      {
        "code": "Market Basket",
        "desc": "Market Basket"
      }
    ],
    "price": {
      "basePrice": 4.13,
      "discountPrice": 4.13
    },
    "type": {
      "code": "Shallot",
      "desc": "Shallot"
    },
    "weight": "1.22 lb",
    "UpcCode": "",
    "tax": 0.0,
    "spiceLevel": "",
    "aiselNo": "20",
    "store": "Market Basket",
    "weightType": "1.22 lb",
    "imageName": "FP128.jpg",
    "defaultImage": "FP128.jpg",
    "updatedTimestamp": "Jan 23, 2021 8:02:30 PM",
    "createdTimestamp": "Jan 23, 2021 8:02:30 PM",
    "isNewlyAdded": false,
    "isActive": true,
    "isDealsEnabled": false,
    "quantity": 0
  },
  {
    "id": 6604,
    "code": "Market Basket NO PULP PREMIUM 100% JUICE With Calcium PASTEURIZED ORANGE JUICE With CALICIUM + Vitamin D NOT FROM CONCENTRATE",
    "desc": "Market Basket NO PULP PREMIUM 100% JUICE With Calcium PASTEURIZED ORANGE JUICE With CALICIUM + Vitamin D NOT FROM CONCENTRATE",
    "shortDesc": "Market Basket NO PULP PREMIUM 100% JUICE With Calcium PASTEURIZED ORANGE JUICE With CALICIUM + Vitamin D NOT FROM CONCENTRATE",
    "tags": [
      "Refrigerated Drinks"
    ],
    "categories": [
      {
        "code": "Beverages & Juices",
        "desc": "Beverages & Juices"
      }
    ],
    "subCategories": [
      {
        "code": "Juices & Refrigerated Drinks",
        "desc": "Juices & Refrigerated Drinks"
      }
    ],
    "brands": [
      {
        "code": "Market Basket",
        "desc": "Market Basket"
      }
    ],
    "price": {
      "basePrice": 6.11,
      "discountPrice": 6.11
    },
    "type": {
      "code": "Refrigerated Drinks",
      "desc": "Refrigerated Drinks"
    },
    "weight": "89 fl oz",
    "UpcCode": "",
    "tax": 0.0,
    "spiceLevel": "",
    "aiselNo": "1",
    "store": "Market Basket",
    "weightType": "89 fl oz",
    "imageName": "X589.jpg",
    "defaultImage": "X589.jpg",
    "updatedTimestamp": "Jan 23, 2021 8:02:29 PM",
    "createdTimestamp": "Jan 23, 2021 8:02:29 PM",
    "isNewlyAdded": false,
    "isActive": true,
    "isDealsEnabled": false,
    "quantity": 0
  },
  {
    "id": 7883,
    "code": "Spam 25% Less Sodium Canned Meat",
    "desc": "Spam 25% Less Sodium Canned Meat",
    "shortDesc": "Spam 25% Less Sodium Canned Meat",
    "tags": [
      "Canned Meat & Seafood"
    ],
    "categories": [
      {
        "code": "Cooking Needs",
        "desc": "Cooking Needs"
      }
    ],
    "subCategories": [
      {
        "code": "Canned Food",
        "desc": "Canned Food"
      }
    ],
    "brands": [
      {
        "code": "Spam",
        "desc": "Spam"
      }
    ],
    "price": {
      "basePrice": 3.09,
      "discountPrice": 3.09
    },
    "type": {
      "code": "Canned Meat & Seafood",
      "desc": "Canned Meat & Seafood"
    },
    "weight": "12 oz",
    "UpcCode": "",
    "tax": 0.0,
    "spiceLevel": "",
    "aiselNo": "2",
    "store": "Market Basket",
    "weightType": "12 oz",
    "imageName": "17148.jpg",
    "defaultImage": "17148.jpg",
    "updatedTimestamp": "Jan 23, 2021 8:02:30 PM",
    "createdTimestamp": "Jan 23, 2021 8:02:30 PM",
    "isNewlyAdded": false,
    "isActive": true,
    "isDealsEnabled": false,
    "quantity": 0
  },
  {
    "id": 4244,
    "code": "Blue Hill Bay Herring, Rollmops",
    "desc": "Blue Hill Bay Herring, Rollmops",
    "shortDesc": "Blue Hill Bay Herring, Rollmops",
    "tags": [
      "Herring"
    ],
    "categories": [
      {
        "code": "Meat & Seafood",
        "desc": "Meat & Seafood"
      }
    ],
    "subCategories": [
      {
        "code": "Packaged Meat & Seafood",
        "desc": "Packaged Meat & Seafood"
      }
    ],
    "brands": [
      {
        "code": "Blue Hill Bay",
        "desc": "Blue Hill Bay"
      }
    ],
    "price": {
      "basePrice": 5.59,
      "discountPrice": 5.59
    },
    "type": {
      "code": "Herring",
      "desc": "Herring"
    },
    "weight": "12 oz",
    "UpcCode": "",
    "tax": 0.0,
    "spiceLevel": "",
    "aiselNo": "22",
    "store": "Market Basket",
    "weightType": "12 oz",
    "imageName": "4126.jpg",
    "defaultImage": "4126.jpg",
    "updatedTimestamp": "Jan 23, 2021 8:02:30 PM",
    "createdTimestamp": "Jan 23, 2021 8:02:30 PM",
    "isNewlyAdded": false,
    "isActive": true,
    "isDealsEnabled": false,
    "quantity": 0
  },
  {
    "id": 8147,
    "code": "Wolfgang Puck Organic Signature Tortilla Soup",
    "desc": "Wolfgang Puck Organic Signature Tortilla Soup",
    "shortDesc": "Wolfgang Puck Organic Signature Tortilla Soup",
    "tags": [
      "Soup, Broth & Bouillon"
    ],
    "categories": [
      {
        "code": "Cooking Needs",
        "desc": "Cooking Needs"
      }
    ],
    "subCategories": [
      {
        "code": "Canned Food",
        "desc": "Canned Food"
      }
    ],
    "brands": [
      {
        "code": "Wolfgang Puck",
        "desc": "Wolfgang Puck"
      }
    ],
    "price": {
      "basePrice": 3.49,
      "discountPrice": 3.49
    },
    "type": {
      "code": "Soup, Broth & Bouillon",
      "desc": "Soup, Broth & Bouillon"
    },
    "weight": "14.5 oz",
    "UpcCode": "",
    "tax": 0.0,
    "spiceLevel": "",
    "aiselNo": "2",
    "store": "Market Basket",
    "weightType": "14.5 oz",
    "imageName": "17247.jpg",
    "defaultImage": "17247.jpg",
    "updatedTimestamp": "Jan 23, 2021 8:02:30 PM",
    "createdTimestamp": "Jan 23, 2021 8:02:30 PM",
    "isNewlyAdded": false,
    "isActive": true,
    "isDealsEnabled": false,
    "quantity": 0
  },
  {
    "id": 12947,
    "code": "Boghosian Valley Bread Tomato & Basil Lavash",
    "desc": "Boghosian Valley Bread Tomato & Basil Lavash",
    "shortDesc": "Boghosian Valley Bread Tomato & Basil Lavash",
    "tags": [
      "Tortillas & Flat Bread"
    ],
    "categories": [
      {
        "code": "Breakfast & Dairy",
        "desc": "Breakfast & Dairy"
      }
    ],
    "subCategories": [
      {
        "code": "Breads & Rolls",
        "desc": "Breads & Rolls"
      }
    ],
    "brands": [
      {
        "code": "Boghosian",
        "desc": "Boghosian"
      }
    ],
    "price": {
      "basePrice": 3.09,
      "discountPrice": 3.09
    },
    "type": {
      "code": "Tortillas & Flat Bread",
      "desc": "Tortillas & Flat Bread"
    },
    "weight": "12 oz",
    "UpcCode": "",
    "tax": 0.0,
    "spiceLevel": "",
    "aiselNo": "18",
    "store": "Market Basket",
    "weightType": "12 oz",
    "imageName": "4812.jpg",
    "defaultImage": "4812.jpg",
    "updatedTimestamp": "Jan 23, 2021 8:02:30 PM",
    "createdTimestamp": "Jan 23, 2021 8:02:30 PM",
    "isNewlyAdded": false,
    "isActive": true,
    "isDealsEnabled": false,
    "quantity": 0
  },
  {
    "id": 13312,
    "code": "Organic Valley Salted Butter",
    "desc": "Organic Valley Salted Butter",
    "shortDesc": "Organic Valley Salted Butter",
    "tags": [
      "Butter"
    ],
    "categories": [
      {
        "code": "Breakfast & Dairy",
        "desc": "Breakfast & Dairy"
      }
    ],
    "subCategories": [
      {
        "code": "Dairy & Eggs",
        "desc": "Dairy & Eggs"
      }
    ],
    "brands": [
      {
        "code": "Organic Valley",
        "desc": "Organic Valley"
      }
    ],
    "price": {
      "basePrice": 7.19,
      "discountPrice": 7.19
    },
    "type": {
      "code": "Butter",
      "desc": "Butter"
    },
    "weight": "1 lb",
    "UpcCode": "",
    "tax": 0.0,
    "spiceLevel": "",
    "aiselNo": "1",
    "store": "Market Basket",
    "weightType": "1 lb",
    "imageName": "14776.jpg",
    "defaultImage": "14776.jpg",
    "updatedTimestamp": "Jan 23, 2021 8:02:30 PM",
    "createdTimestamp": "Jan 23, 2021 8:02:30 PM",
    "isNewlyAdded": false,
    "isActive": true,
    "isDealsEnabled": false,
    "quantity": 0
  },
  {
    "id": 6173,
    "code": "Pepsi Zero Sugar Can",
    "desc": "Pepsi Zero Sugar Can",
    "shortDesc": "Pepsi Zero Sugar Can",
    "tags": [
      "Soft Drinks"
    ],
    "categories": [
      {
        "code": "Beverages & Juices",
        "desc": "Beverages & Juices"
      }
    ],
    "subCategories": [
      {
        "code": "Soft Drinks & Seltzers",
        "desc": "Soft Drinks & Seltzers"
      }
    ],
    "brands": [
      {
        "code": "Pepsi",
        "desc": "Pepsi"
      }
    ],
    "price": {
      "basePrice": 4.38,
      "discountPrice": 4.38
    },
    "type": {
      "code": "Soft Drinks",
      "desc": "Soft Drinks"
    },
    "weight": "6 x 7.5 fl oz",
    "UpcCode": "",
    "tax": 0.0,
    "spiceLevel": "",
    "aiselNo": "17",
    "store": "Market Basket",
    "weightType": "6 x 7.5 fl oz",
    "imageName": "No Image.jpg",
    "defaultImage": "No Image.jpg",
    "updatedTimestamp": "Jan 23, 2021 8:02:30 PM",
    "createdTimestamp": "Jan 23, 2021 8:02:30 PM",
    "isNewlyAdded": false,
    "isActive": true,
    "isDealsEnabled": false,
    "quantity": 0
  },
  {
    "id": 15350,
    "code": "One A Day Men's Health Formula Complete Multivitamin Tablets",
    "desc": "One A Day Men's Health Formula Complete Multivitamin Tablets",
    "shortDesc": "One A Day Men's Health Formula Complete Multivitamin Tablets",
    "tags": [
      "Vitamins & Supplements"
    ],
    "categories": [
      {
        "code": "Personal Care",
        "desc": "Personal Care"
      }
    ],
    "subCategories": [
      {
        "code": "Vitamins & Proteins",
        "desc": "Vitamins & Proteins"
      }
    ],
    "brands": [
      {
        "code": "One A Day",
        "desc": "One A Day"
      }
    ],
    "price": {
      "basePrice": 25.98,
      "discountPrice": 25.98
    },
    "type": {
      "code": "Vitamins & Supplements",
      "desc": "Vitamins & Supplements"
    },
    "weight": "200 count",
    "UpcCode": "",
    "tax": 1.0,
    "spiceLevel": "",
    "aiselNo": "13",
    "store": "Market Basket",
    "weightType": "200 count",
    "imageName": "6698.jpg",
    "defaultImage": "6698.jpg",
    "updatedTimestamp": "Jan 23, 2021 8:02:30 PM",
    "createdTimestamp": "Jan 23, 2021 8:02:30 PM",
    "isNewlyAdded": false,
    "isActive": true,
    "isDealsEnabled": false,
    "quantity": 0
  },
  {
    "id": 8088,
    "code": "Pacific Organic Bisque Roasted Red Pepper & Tomato",
    "desc": "Pacific Organic Bisque Roasted Red Pepper & Tomato",
    "shortDesc": "Pacific Organic Bisque Roasted Red Pepper & Tomato",
    "tags": [
      "Soup, Broth & Bouillon"
    ],
    "categories": [
      {
        "code": "Cooking Needs",
        "desc": "Cooking Needs"
      }
    ],
    "subCategories": [
      {
        "code": "Canned Food",
        "desc": "Canned Food"
      }
    ],
    "brands": [
      {
        "code": "Pacific",
        "desc": "Pacific"
      }
    ],
    "price": {
      "basePrice": 3.69,
      "discountPrice": 3.69
    },
    "type": {
      "code": "Soup, Broth & Bouillon",
      "desc": "Soup, Broth & Bouillon"
    },
    "weight": "17.6 oz",
    "UpcCode": "",
    "tax": 0.0,
    "spiceLevel": "",
    "aiselNo": "2",
    "store": "Market Basket",
    "weightType": "17.6 oz",
    "imageName": "5363.jpg",
    "defaultImage": "5363.jpg",
    "updatedTimestamp": "Jan 23, 2021 8:02:30 PM",
    "createdTimestamp": "Jan 23, 2021 8:02:30 PM",
    "isNewlyAdded": false,
    "isActive": true,
    "isDealsEnabled": false,
    "quantity": 0
  },
  {
    "id": 8091,
    "code": "Pacific Organic Soup Chicken & Wild Rice",
    "desc": "Pacific Organic Soup Chicken & Wild Rice",
    "shortDesc": "Pacific Organic Soup Chicken & Wild Rice",
    "tags": [
      "Soup, Broth & Bouillon"
    ],
    "categories": [
      {
        "code": "Cooking Needs",
        "desc": "Cooking Needs"
      }
    ],
    "subCategories": [
      {
        "code": "Canned Food",
        "desc": "Canned Food"
      }
    ],
    "brands": [
      {
        "code": "Pacific",
        "desc": "Pacific"
      }
    ],
    "price": {
      "basePrice": 3.69,
      "discountPrice": 3.69
    },
    "type": {
      "code": "Soup, Broth & Bouillon",
      "desc": "Soup, Broth & Bouillon"
    },
    "weight": "17.6 oz",
    "UpcCode": "",
    "tax": 0.0,
    "spiceLevel": "",
    "aiselNo": "2",
    "store": "Market Basket",
    "weightType": "17.6 oz",
    "imageName": "5357.jpg",
    "defaultImage": "5357.jpg",
    "updatedTimestamp": "Jan 23, 2021 8:02:30 PM",
    "createdTimestamp": "Jan 23, 2021 8:02:30 PM",
    "isNewlyAdded": false,
    "isActive": true,
    "isDealsEnabled": false,
    "quantity": 0
  },
  {
    "id": 14948,
    "code": "Tums Regular Strength Peppermint Antacid/Calcium Supplement Chewable Tablets",
    "desc": "Tums Regular Strength Peppermint Antacid/Calcium Supplement Chewable Tablets",
    "shortDesc": "Tums Regular Strength Peppermint Antacid/Calcium Supplement Chewable Tablets",
    "tags": [
      "Digestion"
    ],
    "categories": [
      {
        "code": "Personal Care",
        "desc": "Personal Care"
      }
    ],
    "subCategories": [
      {
        "code": "First Aid & Healthcare",
        "desc": "First Aid & Healthcare"
      }
    ],
    "brands": [
      {
        "code": "Tums",
        "desc": "Tums"
      }
    ],
    "price": {
      "basePrice": 7.0,
      "discountPrice": 7.0
    },
    "type": {
      "code": "Digestion",
      "desc": "Digestion"
    },
    "weight": "150 count",
    "UpcCode": "",
    "tax": 1.0,
    "spiceLevel": "",
    "aiselNo": "13",
    "store": "Market Basket",
    "weightType": "150 count",
    "imageName": "6648.jpg",
    "defaultImage": "6648.jpg",
    "updatedTimestamp": "Jan 23, 2021 8:02:30 PM",
    "createdTimestamp": "Jan 23, 2021 8:02:30 PM",
    "isNewlyAdded": false,
    "isActive": true,
    "isDealsEnabled": false,
    "quantity": 0
  },
  {
    "id": 5150,
    "code": "Back to Nature Gluten Free White Cheddar Rice Thin Crackers",
    "desc": "Back to Nature Gluten Free White Cheddar Rice Thin Crackers",
    "shortDesc": "Back to Nature Gluten Free White Cheddar Rice Thin Crackers",
    "tags": [
      "Crackers"
    ],
    "categories": [
      {
        "code": "Chips, Cookies & Snacks",
        "desc": "Chips, Cookies & Snacks"
      }
    ],
    "subCategories": [
      {
        "code": "Cookies & Crackers",
        "desc": "Cookies & Crackers"
      }
    ],
    "brands": [
      {
        "code": "Back to Nature",
        "desc": "Back to Nature"
      }
    ],
    "price": {
      "basePrice": 5.45,
      "discountPrice": 5.45
    },
    "type": {
      "code": "Crackers",
      "desc": "Crackers"
    },
    "weight": "4 oz",
    "UpcCode": "",
    "tax": 0.0,
    "spiceLevel": "",
    "aiselNo": "6",
    "store": "Market Basket",
    "weightType": "4 oz",
    "imageName": "15164.jpg",
    "defaultImage": "15164.jpg",
    "updatedTimestamp": "Jan 23, 2021 8:02:30 PM",
    "createdTimestamp": "Jan 23, 2021 8:02:30 PM",
    "isNewlyAdded": false,
    "isActive": true,
    "isDealsEnabled": false,
    "quantity": 0
  },
  {
    "id": 7031,
    "code": "Royal Gelatin, Cherry, Sugar Free, Box",
    "desc": "Royal Gelatin, Cherry, Sugar Free, Box",
    "shortDesc": "Royal Gelatin, Cherry, Sugar Free, Box",
    "tags": [
      "Doughs, Gelatins & Bake Mixes"
    ],
    "categories": [
      {
        "code": "Cooking Needs",
        "desc": "Cooking Needs"
      }
    ],
    "subCategories": [
      {
        "code": "Baking & Cooking",
        "desc": "Baking & Cooking"
      }
    ],
    "brands": [
      {
        "code": "Royal",
        "desc": "Royal"
      }
    ],
    "price": {
      "basePrice": 0.49,
      "discountPrice": 0.49
    },
    "type": {
      "code": "Doughs, Gelatins & Bake Mixes",
      "desc": "Doughs, Gelatins & Bake Mixes"
    },
    "weight": "0.32 oz",
    "UpcCode": "",
    "tax": 0.0,
    "spiceLevel": "",
    "aiselNo": "8",
    "store": "Market Basket",
    "weightType": "0.32 oz",
    "imageName": "2107.jpg",
    "defaultImage": "2107.jpg",
    "updatedTimestamp": "Jan 23, 2021 8:02:30 PM",
    "createdTimestamp": "Jan 23, 2021 8:02:30 PM",
    "isNewlyAdded": false,
    "isActive": true,
    "isDealsEnabled": false,
    "quantity": 0
  },
  {
    "id": 3730,
    "code": "Strawberry Watermelon Drink Enhancer Drops",
    "desc": "Strawberry Watermelon Drink Enhancer Drops",
    "shortDesc": "Strawberry Watermelon Drink Enhancer Drops",
    "tags": [
      "Watermelon"
    ],
    "categories": [
      {
        "code": "Fresh Produce",
        "desc": "Fresh Produce"
      }
    ],
    "subCategories": [
      {
        "code": "Fresh Fruits",
        "desc": "Fresh Fruits"
      }
    ],
    "brands": [
      {
        "code": "Market Basket",
        "desc": "Market Basket"
      }
    ],
    "price": {
      "basePrice": 2.86,
      "discountPrice": 2.86
    },
    "type": {
      "code": "Watermelon",
      "desc": "Watermelon"
    },
    "weight": "1 count",
    "UpcCode": "",
    "tax": 0.0,
    "spiceLevel": "",
    "aiselNo": "20",
    "store": "Market Basket",
    "weightType": "1 count",
    "imageName": "Market Basket.jpg",
    "defaultImage": "Market Basket.jpg",
    "updatedTimestamp": "Jan 23, 2021 8:02:30 PM",
    "createdTimestamp": "Jan 23, 2021 8:02:30 PM",
    "isNewlyAdded": false,
    "isActive": true,
    "isDealsEnabled": false,
    "quantity": 0
  },
  {
    "id": 6850,
    "code": "Goya Bulgur Wheat",
    "desc": "Goya Bulgur Wheat",
    "shortDesc": "Goya Bulgur Wheat",
    "tags": [
      "Baking Ingredients"
    ],
    "categories": [
      {
        "code": "Cooking Needs",
        "desc": "Cooking Needs"
      }
    ],
    "subCategories": [
      {
        "code": "Baking & Cooking",
        "desc": "Baking & Cooking"
      }
    ],
    "brands": [
      {
        "code": "Goya",
        "desc": "Goya"
      }
    ],
    "price": {
      "basePrice": 2.69,
      "discountPrice": 2.69
    },
    "type": {
      "code": "Baking Ingredients",
      "desc": "Baking Ingredients"
    },
    "weight": "24 oz",
    "UpcCode": "",
    "tax": 0.0,
    "spiceLevel": "",
    "aiselNo": "8",
    "store": "Market Basket",
    "weightType": "24 oz",
    "imageName": "2352.jpg",
    "defaultImage": "2352.jpg",
    "updatedTimestamp": "Jan 23, 2021 8:02:30 PM",
    "createdTimestamp": "Jan 23, 2021 8:02:30 PM",
    "isNewlyAdded": false,
    "isActive": true,
    "isDealsEnabled": false,
    "quantity": 0
  },
  {
    "id": 7236,
    "code": "Litehouse Freeze Dried Dill",
    "desc": "Litehouse Freeze Dried Dill",
    "shortDesc": "Litehouse Freeze Dried Dill",
    "tags": [
      "Spices & Seasonings"
    ],
    "categories": [
      {
        "code": "Cooking Needs",
        "desc": "Cooking Needs"
      }
    ],
    "subCategories": [
      {
        "code": "Spices & Seasonings",
        "desc": "Spices & Seasonings"
      }
    ],
    "brands": [
      {
        "code": "Litehouse",
        "desc": "Litehouse"
      }
    ],
    "price": {
      "basePrice": 4.09,
      "discountPrice": 4.09
    },
    "type": {
      "code": "Spices & Seasonings",
      "desc": "Spices & Seasonings"
    },
    "weight": "0.35 oz",
    "UpcCode": "",
    "tax": 0.0,
    "spiceLevel": "",
    "aiselNo": "9",
    "store": "Market Basket",
    "weightType": "0.35 oz",
    "imageName": "2282.jpg",
    "defaultImage": "2282.jpg",
    "updatedTimestamp": "Jan 23, 2021 8:02:30 PM",
    "createdTimestamp": "Jan 23, 2021 8:02:30 PM",
    "isNewlyAdded": false,
    "isActive": true,
    "isDealsEnabled": false,
    "quantity": 0
  },
  {
    "id": 4564,
    "code": "Margherita Pepperoni Unsliced",
    "desc": "Margherita Pepperoni Unsliced",
    "shortDesc": "Margherita Pepperoni Unsliced",
    "tags": [
      "Pepperoni"
    ],
    "categories": [
      {
        "code": "Meat & Seafood",
        "desc": "Meat & Seafood"
      }
    ],
    "subCategories": [
      {
        "code": "Lunch Meat",
        "desc": "Lunch Meat"
      }
    ],
    "brands": [
      {
        "code": "Margherita",
        "desc": "Margherita"
      }
    ],
    "price": {
      "basePrice": 4.05,
      "discountPrice": 4.05
    },
    "type": {
      "code": "Pepperoni",
      "desc": "Pepperoni"
    },
    "weight": "Approx: 0.50 lb at $8.09/lb",
    "UpcCode": "",
    "tax": 0.0,
    "spiceLevel": "",
    "aiselNo": "22",
    "store": "Market Basket",
    "weightType": "Approx: 0.50 lb at $8.09/lb",
    "imageName": "No Image.jpg",
    "defaultImage": "No Image.jpg",
    "updatedTimestamp": "Jan 23, 2021 8:02:30 PM",
    "createdTimestamp": "Jan 23, 2021 8:02:30 PM",
    "isNewlyAdded": false,
    "isActive": true,
    "isDealsEnabled": false,
    "quantity": 0
  },
  {
    "id": 13317,
    "code": "Baileys Coffee Creamer Irish Cream",
    "desc": "Baileys Coffee Creamer Irish Cream",
    "shortDesc": "Baileys Coffee Creamer Irish Cream",
    "tags": [
      "Cream"
    ],
    "categories": [
      {
        "code": "Breakfast & Dairy",
        "desc": "Breakfast & Dairy"
      }
    ],
    "subCategories": [
      {
        "code": "Dairy & Eggs",
        "desc": "Dairy & Eggs"
      }
    ],
    "brands": [
      {
        "code": "Baileys",
        "desc": "Baileys"
      }
    ],
    "price": {
      "basePrice": 3.69,
      "discountPrice": 3.69
    },
    "type": {
      "code": "Cream",
      "desc": "Cream"
    },
    "weight": "32 fl oz",
    "UpcCode": "",
    "tax": 0.0,
    "spiceLevel": "",
    "aiselNo": "1",
    "store": "Market Basket",
    "weightType": "32 fl oz",
    "imageName": "578.jpg",
    "defaultImage": "578.jpg",
    "updatedTimestamp": "Jan 23, 2021 8:02:30 PM",
    "createdTimestamp": "Jan 23, 2021 8:02:30 PM",
    "isNewlyAdded": false,
    "isActive": true,
    "isDealsEnabled": false,
    "quantity": 0
  },
  {
    "id": 14582,
    "code": "Pure Leaf Raspberry Real Brewed Tea ",
    "desc": "Pure Leaf Raspberry Real Brewed Tea ",
    "shortDesc": "Pure Leaf Raspberry Real Brewed Tea ",
    "tags": [
      "Tea"
    ],
    "categories": [
      {
        "code": "Beverages & Juices",
        "desc": "Beverages & Juices"
      }
    ],
    "subCategories": [
      {
        "code": "Tea, Coffee, Milk & Coconut Water",
        "desc": "Tea, Coffee, Milk & Coconut Water"
      }
    ],
    "brands": [
      {
        "code": "Pure Leaf",
        "desc": "Pure Leaf"
      }
    ],
    "price": {
      "basePrice": 7.49,
      "discountPrice": 7.49
    },
    "type": {
      "code": "Tea",
      "desc": "Tea"
    },
    "weight": "6 x 16.9 fl oz",
    "UpcCode": "012000181702",
    "tax": 0.0,
    "spiceLevel": "",
    "aiselNo": "10",
    "store": "Market Basket",
    "weightType": "6 x 16.9 fl oz",
    "imageName": "X2962.jpg",
    "defaultImage": "X2962.jpg",
    "updatedTimestamp": "Jan 23, 2021 8:02:29 PM",
    "createdTimestamp": "Jan 23, 2021 8:02:29 PM",
    "isNewlyAdded": false,
    "isActive": true,
    "isDealsEnabled": false,
    "quantity": 0
  },
  {
    "id": 5451,
    "code": "Haribo Starmix Gummi Candy",
    "desc": "Haribo Starmix Gummi Candy",
    "shortDesc": "Haribo Starmix Gummi Candy",
    "tags": [
      "Candy & Chocolate"
    ],
    "categories": [
      {
        "code": "Chips, Cookies & Snacks",
        "desc": "Chips, Cookies & Snacks"
      }
    ],
    "subCategories": [
      {
        "code": "Candy & Chocolates",
        "desc": "Candy & Chocolates"
      }
    ],
    "brands": [
      {
        "code": "Haribo",
        "desc": "Haribo"
      }
    ],
    "price": {
      "basePrice": 1.29,
      "discountPrice": 1.29
    },
    "type": {
      "code": "Candy & Chocolate",
      "desc": "Candy & Chocolate"
    },
    "weight": "5 oz",
    "UpcCode": "",
    "tax": 0.0,
    "spiceLevel": "",
    "aiselNo": "3",
    "store": "Market Basket",
    "weightType": "5 oz",
    "imageName": "1061.jpg",
    "defaultImage": "1061.jpg",
    "updatedTimestamp": "Jan 23, 2021 8:02:30 PM",
    "createdTimestamp": "Jan 23, 2021 8:02:30 PM",
    "isNewlyAdded": false,
    "isActive": true,
    "isDealsEnabled": false,
    "quantity": 0
  },
  {
    "id": 7531,
    "code": "Market Basket Stewed Tomatoes In Tomato Juice",
    "desc": "Market Basket Stewed Tomatoes In Tomato Juice",
    "shortDesc": "Market Basket Stewed Tomatoes In Tomato Juice",
    "tags": [
      "Canned & Jarred Vegetables"
    ],
    "categories": [
      {
        "code": "Cooking Needs",
        "desc": "Cooking Needs"
      }
    ],
    "subCategories": [
      {
        "code": "Canned Food",
        "desc": "Canned Food"
      }
    ],
    "brands": [
      {
        "code": "Market Basket",
        "desc": "Market Basket"
      }
    ],
    "price": {
      "basePrice": 1.29,
      "discountPrice": 1.29
    },
    "type": {
      "code": "Canned & Jarred Vegetables",
      "desc": "Canned & Jarred Vegetables"
    },
    "weight": "28 oz",
    "UpcCode": "",
    "tax": 0.0,
    "spiceLevel": "",
    "aiselNo": "9",
    "store": "Market Basket",
    "weightType": "28 oz",
    "imageName": "Market Basket.jpg",
    "defaultImage": "Market Basket.jpg",
    "updatedTimestamp": "Jan 23, 2021 8:02:30 PM",
    "createdTimestamp": "Jan 23, 2021 8:02:30 PM",
    "isNewlyAdded": false,
    "isActive": true,
    "isDealsEnabled": false,
    "quantity": 0
  },
  {
    "id": 6316,
    "code": "Poland Spring Sparkling Water, Ruby Red Grapefruit",
    "desc": "Poland Spring Sparkling Water, Ruby Red Grapefruit",
    "shortDesc": "Poland Spring Sparkling Water, Ruby Red Grapefruit",
    "tags": [
      "Sparkling Water"
    ],
    "categories": [
      {
        "code": "Beverages & Juices",
        "desc": "Beverages & Juices"
      }
    ],
    "subCategories": [
      {
        "code": "Water",
        "desc": "Water"
      }
    ],
    "brands": [
      {
        "code": "Poland Spring",
        "desc": "Poland Spring"
      }
    ],
    "price": {
      "basePrice": 3.74,
      "discountPrice": 3.74
    },
    "type": {
      "code": "Sparkling Water",
      "desc": "Sparkling Water"
    },
    "weight": "8 x 12 fl oz",
    "UpcCode": "",
    "tax": 0.0,
    "spiceLevel": "",
    "aiselNo": "11",
    "store": "Market Basket",
    "weightType": "8 x 12 fl oz",
    "imageName": "No Image.jpg",
    "defaultImage": "No Image.jpg",
    "updatedTimestamp": "Jan 23, 2021 8:02:30 PM",
    "createdTimestamp": "Jan 23, 2021 8:02:30 PM",
    "isNewlyAdded": false,
    "isActive": true,
    "isDealsEnabled": false,
    "quantity": 0
  },
  {
    "id": 8971,
    "code": "Skippy Natural Extra Crunchy Super Chunk Peanut Butter Spread",
    "desc": "Skippy Natural Extra Crunchy Super Chunk Peanut Butter Spread",
    "shortDesc": "Skippy Natural Extra Crunchy Super Chunk Peanut Butter Spread",
    "tags": [
      "Spreads"
    ],
    "categories": [
      {
        "code": "Condiments & Dressings",
        "desc": "Condiments & Dressings"
      }
    ],
    "subCategories": [
      {
        "code": "Preserved Dips & Spreads",
        "desc": "Preserved Dips & Spreads"
      }
    ],
    "brands": [
      {
        "code": "Skippy",
        "desc": "Skippy"
      }
    ],
    "price": {
      "basePrice": 3.09,
      "discountPrice": 3.09
    },
    "type": {
      "code": "Spreads",
      "desc": "Spreads"
    },
    "weight": "15 oz",
    "UpcCode": "",
    "tax": 0.0,
    "spiceLevel": "",
    "aiselNo": "3",
    "store": "Market Basket",
    "weightType": "15 oz",
    "imageName": "1641.jpg",
    "defaultImage": "1641.jpg",
    "updatedTimestamp": "Jan 23, 2021 8:02:30 PM",
    "createdTimestamp": "Jan 23, 2021 8:02:30 PM",
    "isNewlyAdded": false,
    "isActive": true,
    "isDealsEnabled": false,
    "quantity": 0
  },
  {
    "id": 14833,
    "code": "Dial White Deodorant Soap",
    "desc": "Dial White Deodorant Soap",
    "shortDesc": "Dial White Deodorant Soap",
    "tags": [
      "Soap"
    ],
    "categories": [
      {
        "code": "Personal Care",
        "desc": "Personal Care"
      }
    ],
    "subCategories": [
      {
        "code": "Body Wash, Soap & Hair Care",
        "desc": "Body Wash, Soap & Hair Care"
      }
    ],
    "brands": [
      {
        "code": "Dial",
        "desc": "Dial"
      }
    ],
    "price": {
      "basePrice": 2.86,
      "discountPrice": 2.86
    },
    "type": {
      "code": "Soap",
      "desc": "Soap"
    },
    "weight": "3 x 4 oz",
    "UpcCode": "",
    "tax": 1.0,
    "spiceLevel": "",
    "aiselNo": "13",
    "store": "Market Basket",
    "weightType": "3 x 4 oz",
    "imageName": "6339.jpg",
    "defaultImage": "6339.jpg",
    "updatedTimestamp": "Jan 23, 2021 8:02:30 PM",
    "createdTimestamp": "Jan 23, 2021 8:02:30 PM",
    "isNewlyAdded": false,
    "isActive": true,
    "isDealsEnabled": false,
    "quantity": 0
  },
  {
    "id": 15224,
    "code": "Market Basket Antiseptic Mouth Rinse Blue Mint",
    "desc": "Market Basket Antiseptic Mouth Rinse Blue Mint",
    "shortDesc": "Market Basket Antiseptic Mouth Rinse Blue Mint",
    "tags": [
      "Oral Hygiene"
    ],
    "categories": [
      {
        "code": "Personal Care",
        "desc": "Personal Care"
      }
    ],
    "subCategories": [
      {
        "code": "Personal Needs",
        "desc": "Personal Needs"
      }
    ],
    "brands": [
      {
        "code": "Market Basket",
        "desc": "Market Basket"
      }
    ],
    "price": {
      "basePrice": 2.86,
      "discountPrice": 2.86
    },
    "type": {
      "code": "Oral Hygiene",
      "desc": "Oral Hygiene"
    },
    "weight": "1 L",
    "UpcCode": "",
    "tax": 1.0,
    "spiceLevel": "",
    "aiselNo": "13",
    "store": "Market Basket",
    "weightType": "1 L",
    "imageName": "Market Basket.jpg",
    "defaultImage": "Market Basket.jpg",
    "updatedTimestamp": "Jan 23, 2021 8:02:30 PM",
    "createdTimestamp": "Jan 23, 2021 8:02:30 PM",
    "isNewlyAdded": false,
    "isActive": true,
    "isDealsEnabled": false,
    "quantity": 0
  },
  {
    "id": 8417,
    "code": "KC Masterpiece BBQ Sauce",
    "desc": "KC Masterpiece BBQ Sauce",
    "shortDesc": "KC Masterpiece BBQ Sauce",
    "tags": [
      "Marinades & Meat Preparation"
    ],
    "categories": [
      {
        "code": "Condiments & Dressings",
        "desc": "Condiments & Dressings"
      }
    ],
    "subCategories": [
      {
        "code": "Marinades, Ketchup & Sauces",
        "desc": "Marinades, Ketchup & Sauces"
      }
    ],
    "brands": [
      {
        "code": "KC Masterpiece",
        "desc": "KC Masterpiece"
      }
    ],
    "price": {
      "basePrice": 3.69,
      "discountPrice": 3.69
    },
    "type": {
      "code": "Marinades & Meat Preparation",
      "desc": "Marinades & Meat Preparation"
    },
    "weight": "40 Oz",
    "UpcCode": "",
    "tax": 0.0,
    "spiceLevel": "",
    "aiselNo": "9",
    "store": "Market Basket",
    "weightType": "40 Oz",
    "imageName": "1984.jpg",
    "defaultImage": "1984.jpg",
    "updatedTimestamp": "Jan 23, 2021 8:02:30 PM",
    "createdTimestamp": "Jan 23, 2021 8:02:30 PM",
    "isNewlyAdded": false,
    "isActive": true,
    "isDealsEnabled": false,
    "quantity": 0
  },
  {
    "id": 6354,
    "code": "Polar Premium Club Soda Lemon",
    "desc": "Polar Premium Club Soda Lemon",
    "shortDesc": "Polar Premium Club Soda Lemon",
    "tags": [
      "Soft Drinks"
    ],
    "categories": [
      {
        "code": "Beverages & Juices",
        "desc": "Beverages & Juices"
      }
    ],
    "subCategories": [
      {
        "code": "Soft Drinks & Seltzers",
        "desc": "Soft Drinks & Seltzers"
      }
    ],
    "brands": [
      {
        "code": "Polar",
        "desc": "Polar"
      }
    ],
    "price": {
      "basePrice": 1.49,
      "discountPrice": 1.49
    },
    "type": {
      "code": "Soft Drinks",
      "desc": "Soft Drinks"
    },
    "weight": "1 L",
    "UpcCode": "",
    "tax": 0.0,
    "spiceLevel": "",
    "aiselNo": "11",
    "store": "Market Basket",
    "weightType": "1 L",
    "imageName": "No Image.jpg",
    "defaultImage": "No Image.jpg",
    "updatedTimestamp": "Jan 23, 2021 8:02:30 PM",
    "createdTimestamp": "Jan 23, 2021 8:02:30 PM",
    "isNewlyAdded": false,
    "isActive": true,
    "isDealsEnabled": false,
    "quantity": 0
  },
  {
    "id": 6875,
    "code": "Market Basket Brand Equal Sweetener",
    "desc": "Market Basket Brand Equal Sweetener",
    "shortDesc": "Market Basket Brand Equal Sweetener",
    "tags": [
      "Baking Ingredients"
    ],
    "categories": [
      {
        "code": "Cooking Needs",
        "desc": "Cooking Needs"
      }
    ],
    "subCategories": [
      {
        "code": "Baking & Cooking",
        "desc": "Baking & Cooking"
      }
    ],
    "brands": [
      {
        "code": "Market Basket",
        "desc": "Market Basket"
      }
    ],
    "price": {
      "basePrice": 1.89,
      "discountPrice": 1.89
    },
    "type": {
      "code": "Baking Ingredients",
      "desc": "Baking Ingredients"
    },
    "weight": "3.52 oz",
    "UpcCode": "",
    "tax": 0.0,
    "spiceLevel": "",
    "aiselNo": "8",
    "store": "Market Basket",
    "weightType": "3.52 oz",
    "imageName": "Market Basket.jpg",
    "defaultImage": "Market Basket.jpg",
    "updatedTimestamp": "Jan 23, 2021 8:02:30 PM",
    "createdTimestamp": "Jan 23, 2021 8:02:30 PM",
    "isNewlyAdded": false,
    "isActive": true,
    "isDealsEnabled": false,
    "quantity": 0
  },
  {
    "id": 15335,
    "code": "Nature Made Folic Acid 400 mcg (665 mcg DFE) Tablets",
    "desc": "Nature Made Folic Acid 400 mcg (665 mcg DFE) Tablets",
    "shortDesc": "Nature Made Folic Acid 400 mcg (665 mcg DFE) Tablets",
    "tags": [
      "Vitamins & Supplements"
    ],
    "categories": [
      {
        "code": "Personal Care",
        "desc": "Personal Care"
      }
    ],
    "subCategories": [
      {
        "code": "Vitamins & Proteins",
        "desc": "Vitamins & Proteins"
      }
    ],
    "brands": [
      {
        "code": "Nature Made",
        "desc": "Nature Made"
      }
    ],
    "price": {
      "basePrice": 5.62,
      "discountPrice": 5.62
    },
    "type": {
      "code": "Vitamins & Supplements",
      "desc": "Vitamins & Supplements"
    },
    "weight": "250 count",
    "UpcCode": "",
    "tax": 1.0,
    "spiceLevel": "",
    "aiselNo": "13",
    "store": "Market Basket",
    "weightType": "250 count",
    "imageName": "18180.jpg",
    "defaultImage": "18180.jpg",
    "updatedTimestamp": "Jan 23, 2021 8:02:30 PM",
    "createdTimestamp": "Jan 23, 2021 8:02:30 PM",
    "isNewlyAdded": false,
    "isActive": true,
    "isDealsEnabled": false,
    "quantity": 0
  },
  {
    "id": 14779,
    "code": "Pert 2in1 Shampoo & Conditioner Classic Clean",
    "desc": "Pert 2in1 Shampoo & Conditioner Classic Clean",
    "shortDesc": "Pert 2in1 Shampoo & Conditioner Classic Clean",
    "tags": [
      "Hair Care"
    ],
    "categories": [
      {
        "code": "Personal Care",
        "desc": "Personal Care"
      }
    ],
    "subCategories": [
      {
        "code": "Body Wash, Soap & Hair Care",
        "desc": "Body Wash, Soap & Hair Care"
      }
    ],
    "brands": [
      {
        "code": "Pert",
        "desc": "Pert"
      }
    ],
    "price": {
      "basePrice": 5.28,
      "discountPrice": 5.28
    },
    "type": {
      "code": "Hair Care",
      "desc": "Hair Care"
    },
    "weight": "13.5 oz",
    "UpcCode": "",
    "tax": 1.0,
    "spiceLevel": "",
    "aiselNo": "13",
    "store": "Market Basket",
    "weightType": "13.5 oz",
    "imageName": "17828.jpg",
    "defaultImage": "17828.jpg",
    "updatedTimestamp": "Jan 23, 2021 8:02:30 PM",
    "createdTimestamp": "Jan 23, 2021 8:02:30 PM",
    "isNewlyAdded": false,
    "isActive": true,
    "isDealsEnabled": false,
    "quantity": 0
  },
  {
    "id": 5705,
    "code": "Atkins Snack Bar Peanut Butter Fudge Crisp 5 CT",
    "desc": "Atkins Snack Bar Peanut Butter Fudge Crisp 5 CT",
    "shortDesc": "Atkins Snack Bar Peanut Butter Fudge Crisp 5 CT",
    "tags": [
      "Protien Bars"
    ],
    "categories": [
      {
        "code": "Breakfast & Dairy",
        "desc": "Breakfast & Dairy"
      }
    ],
    "subCategories": [
      {
        "code": "Bars & Pastries",
        "desc": "Bars & Pastries"
      }
    ],
    "brands": [
      {
        "code": "Atkins",
        "desc": "Atkins"
      }
    ],
    "price": {
      "basePrice": 7.39,
      "discountPrice": 7.39
    },
    "type": {
      "code": "Protien Bars",
      "desc": "Protien Bars"
    },
    "weight": "5 ct",
    "UpcCode": "",
    "tax": 0.0,
    "spiceLevel": "",
    "aiselNo": "3",
    "store": "Market Basket",
    "weightType": "5 ct",
    "imageName": "15206.jpg",
    "defaultImage": "15206.jpg",
    "updatedTimestamp": "Jan 23, 2021 8:02:30 PM",
    "createdTimestamp": "Jan 23, 2021 8:02:30 PM",
    "isNewlyAdded": false,
    "isActive": true,
    "isDealsEnabled": false,
    "quantity": 0
  },
  {
    "id": 4282,
    "code": "Di Luigi Turkey Patties",
    "desc": "Di Luigi Turkey Patties",
    "shortDesc": "Di Luigi Turkey Patties",
    "tags": [
      "Turkey"
    ],
    "categories": [
      {
        "code": "Meat & Seafood",
        "desc": "Meat & Seafood"
      }
    ],
    "subCategories": [
      {
        "code": "Packaged Meat & Seafood",
        "desc": "Packaged Meat & Seafood"
      }
    ],
    "brands": [
      {
        "code": "DiLuigi",
        "desc": "DiLuigi"
      }
    ],
    "price": {
      "basePrice": 6.79,
      "discountPrice": 6.79
    },
    "type": {
      "code": "Turkey",
      "desc": "Turkey"
    },
    "weight": "1.29 lb",
    "UpcCode": "",
    "tax": 0.0,
    "spiceLevel": "",
    "aiselNo": "22",
    "store": "Market Basket",
    "weightType": "1.29 lb",
    "imageName": "No Image.jpg",
    "defaultImage": "No Image.jpg",
    "updatedTimestamp": "Jan 23, 2021 8:02:30 PM",
    "createdTimestamp": "Jan 23, 2021 8:02:30 PM",
    "isNewlyAdded": false,
    "isActive": true,
    "isDealsEnabled": false,
    "quantity": 0
  },
  {
    "id": 13642,
    "code": "Cabot Creamery Extra Light Vermont Sharp Cheddar Cheese",
    "desc": "Cabot Creamery Extra Light Vermont Sharp Cheddar Cheese",
    "shortDesc": "Cabot Creamery Extra Light Vermont Sharp Cheddar Cheese",
    "tags": [
      "Packaged Cheese"
    ],
    "categories": [
      {
        "code": "Breakfast & Dairy",
        "desc": "Breakfast & Dairy"
      }
    ],
    "subCategories": [
      {
        "code": "Dairy & Eggs",
        "desc": "Dairy & Eggs"
      }
    ],
    "brands": [
      {
        "code": "Cabot Creamery",
        "desc": "Cabot Creamery"
      }
    ],
    "price": {
      "basePrice": 2.99,
      "discountPrice": 2.99
    },
    "type": {
      "code": "Packaged Cheese",
      "desc": "Packaged Cheese"
    },
    "weight": "8 oz",
    "UpcCode": "",
    "tax": 0.0,
    "spiceLevel": "",
    "aiselNo": "1",
    "store": "Market Basket",
    "weightType": "8 oz",
    "imageName": "146.jpg",
    "defaultImage": "146.jpg",
    "updatedTimestamp": "Jan 23, 2021 8:02:30 PM",
    "createdTimestamp": "Jan 23, 2021 8:02:30 PM",
    "isNewlyAdded": false,
    "isActive": true,
    "isDealsEnabled": false,
    "quantity": 0
  },
  {
    "id": 3896,
    "code": "Prima Shiitake Mushrooms",
    "desc": "Prima Shiitake Mushrooms",
    "shortDesc": "Prima Shiitake Mushrooms",
    "tags": [
      "Mushroom"
    ],
    "categories": [
      {
        "code": "Fresh Produce",
        "desc": "Fresh Produce"
      }
    ],
    "subCategories": [
      {
        "code": "Fresh Vegetables",
        "desc": "Fresh Vegetables"
      }
    ],
    "brands": [
      {
        "code": "Prima",
        "desc": "Prima"
      }
    ],
    "price": {
      "basePrice": 4.24,
      "discountPrice": 4.24
    },
    "type": {
      "code": "Mushroom",
      "desc": "Mushroom"
    },
    "weight": "3.5 oz container",
    "UpcCode": "",
    "tax": 0.0,
    "spiceLevel": "",
    "aiselNo": "20",
    "store": "Market Basket",
    "weightType": "3.5 oz container",
    "imageName": "17932.jpg",
    "defaultImage": "17932.jpg",
    "updatedTimestamp": "Jan 23, 2021 8:02:30 PM",
    "createdTimestamp": "Jan 23, 2021 8:02:30 PM",
    "isNewlyAdded": false,
    "isActive": true,
    "isDealsEnabled": false,
    "quantity": 0
  },
  {
    "id": 4252,
    "code": "Bacala Rico Pollock Fillets",
    "desc": "Bacala Rico Pollock Fillets",
    "shortDesc": "Bacala Rico Pollock Fillets",
    "tags": [
      "Pollock"
    ],
    "categories": [
      {
        "code": "Meat & Seafood",
        "desc": "Meat & Seafood"
      }
    ],
    "subCategories": [
      {
        "code": "Packaged Meat & Seafood",
        "desc": "Packaged Meat & Seafood"
      }
    ],
    "brands": [
      {
        "code": "Bacala Rico",
        "desc": "Bacala Rico"
      }
    ],
    "price": {
      "basePrice": 3.69,
      "discountPrice": 3.69
    },
    "type": {
      "code": "Pollock",
      "desc": "Pollock"
    },
    "weight": "12 oz",
    "UpcCode": "",
    "tax": 0.0,
    "spiceLevel": "",
    "aiselNo": "22",
    "store": "Market Basket",
    "weightType": "12 oz",
    "imageName": "4143.jpg",
    "defaultImage": "4143.jpg",
    "updatedTimestamp": "Jan 23, 2021 8:02:30 PM",
    "createdTimestamp": "Jan 23, 2021 8:02:30 PM",
    "isNewlyAdded": false,
    "isActive": true,
    "isDealsEnabled": false,
    "quantity": 0
  },
  {
    "id": 7847,
    "code": "Goya Mussels, in Pickled Sauce",
    "desc": "Goya Mussels, in Pickled Sauce",
    "shortDesc": "Goya Mussels, in Pickled Sauce",
    "tags": [
      "Canned Meat & Seafood"
    ],
    "categories": [
      {
        "code": "Cooking Needs",
        "desc": "Cooking Needs"
      }
    ],
    "subCategories": [
      {
        "code": "Canned Food",
        "desc": "Canned Food"
      }
    ],
    "brands": [
      {
        "code": "Goya",
        "desc": "Goya"
      }
    ],
    "price": {
      "basePrice": 3.89,
      "discountPrice": 3.89
    },
    "type": {
      "code": "Canned Meat & Seafood",
      "desc": "Canned Meat & Seafood"
    },
    "weight": "4 oz",
    "UpcCode": "",
    "tax": 0.0,
    "spiceLevel": "",
    "aiselNo": "2",
    "store": "Market Basket",
    "weightType": "4 oz",
    "imageName": "5226.jpg",
    "defaultImage": "5226.jpg",
    "updatedTimestamp": "Jan 23, 2021 8:02:30 PM",
    "createdTimestamp": "Jan 23, 2021 8:02:30 PM",
    "isNewlyAdded": false,
    "isActive": true,
    "isDealsEnabled": false,
    "quantity": 0
  },
  {
    "id": 7989,
    "code": "College Inn Broth Chicken",
    "desc": "College Inn Broth Chicken",
    "shortDesc": "College Inn Broth Chicken",
    "tags": [
      "Soup, Broth & Bouillon"
    ],
    "categories": [
      {
        "code": "Cooking Needs",
        "desc": "Cooking Needs"
      }
    ],
    "subCategories": [
      {
        "code": "Canned Food",
        "desc": "Canned Food"
      }
    ],
    "brands": [
      {
        "code": "College Inn",
        "desc": "College Inn"
      }
    ],
    "price": {
      "basePrice": 0.99,
      "discountPrice": 0.99
    },
    "type": {
      "code": "Soup, Broth & Bouillon",
      "desc": "Soup, Broth & Bouillon"
    },
    "weight": "14.5 oz",
    "UpcCode": "",
    "tax": 0.0,
    "spiceLevel": "",
    "aiselNo": "2",
    "store": "Market Basket",
    "weightType": "14.5 oz",
    "imageName": "5386.jpg",
    "defaultImage": "5386.jpg",
    "updatedTimestamp": "Jan 23, 2021 8:02:30 PM",
    "createdTimestamp": "Jan 23, 2021 8:02:30 PM",
    "isNewlyAdded": false,
    "isActive": true,
    "isDealsEnabled": false,
    "quantity": 0
  },
  {
    "id": 14533,
    "code": "Bigelow Herbal Tea Chamomile Vanilla and Honey Tea Bags",
    "desc": "Bigelow Herbal Tea Chamomile Vanilla and Honey Tea Bags",
    "shortDesc": "Bigelow Herbal Tea Chamomile Vanilla and Honey Tea Bags",
    "tags": [
      "Tea"
    ],
    "categories": [
      {
        "code": "Breakfast & Dairy",
        "desc": "Breakfast & Dairy"
      }
    ],
    "subCategories": [
      {
        "code": "Tea & Coffee",
        "desc": "Tea & Coffee"
      }
    ],
    "brands": [
      {
        "code": "Bigelow ",
        "desc": "Bigelow "
      }
    ],
    "price": {
      "basePrice": 3.09,
      "discountPrice": 3.09
    },
    "type": {
      "code": "Tea",
      "desc": "Tea"
    },
    "weight": "1.18 oz",
    "UpcCode": "",
    "tax": 0.0,
    "spiceLevel": "",
    "aiselNo": "8",
    "store": "Market Basket",
    "weightType": "1.18 oz",
    "imageName": "3403.jpg",
    "defaultImage": "3403.jpg",
    "updatedTimestamp": "Jan 23, 2021 8:02:30 PM",
    "createdTimestamp": "Jan 23, 2021 8:02:30 PM",
    "isNewlyAdded": false,
    "isActive": true,
    "isDealsEnabled": false,
    "quantity": 0
  },
  {
    "id": 8097,
    "code": "Progresso Chicken Reduced Sodium Broth",
    "desc": "Progresso Chicken Reduced Sodium Broth",
    "shortDesc": "Progresso Chicken Reduced Sodium Broth",
    "tags": [
      "Soup, Broth & Bouillon"
    ],
    "categories": [
      {
        "code": "Cooking Needs",
        "desc": "Cooking Needs"
      }
    ],
    "subCategories": [
      {
        "code": "Canned Food",
        "desc": "Canned Food"
      }
    ],
    "brands": [
      {
        "code": "Progresso",
        "desc": "Progresso"
      }
    ],
    "price": {
      "basePrice": 2.49,
      "discountPrice": 2.49
    },
    "type": {
      "code": "Soup, Broth & Bouillon",
      "desc": "Soup, Broth & Bouillon"
    },
    "weight": "32 oz",
    "UpcCode": "",
    "tax": 0.0,
    "spiceLevel": "",
    "aiselNo": "2",
    "store": "Market Basket",
    "weightType": "32 oz",
    "imageName": "5291.jpg",
    "defaultImage": "5291.jpg",
    "updatedTimestamp": "Jan 23, 2021 8:02:30 PM",
    "createdTimestamp": "Jan 23, 2021 8:02:30 PM",
    "isNewlyAdded": false,
    "isActive": true,
    "isDealsEnabled": false,
    "quantity": 0
  },
  {
    "id": 6663,
    "code": "Simply Lemonade All Natural Lemonade Juice Drink 11% Lemon Juice",
    "desc": "Simply Lemonade All Natural Lemonade Juice Drink 11% Lemon Juice",
    "shortDesc": "Simply Lemonade All Natural Lemonade Juice Drink 11% Lemon Juice",
    "tags": [
      "Refrigerated Drinks"
    ],
    "categories": [
      {
        "code": "Beverages & Juices",
        "desc": "Beverages & Juices"
      }
    ],
    "subCategories": [
      {
        "code": "Juices & Refrigerated Drinks",
        "desc": "Juices & Refrigerated Drinks"
      }
    ],
    "brands": [
      {
        "code": "Simply",
        "desc": "Simply"
      }
    ],
    "price": {
      "basePrice": 3.13,
      "discountPrice": 3.13
    },
    "type": {
      "code": "Refrigerated Drinks",
      "desc": "Refrigerated Drinks"
    },
    "weight": "52 fl oz",
    "UpcCode": "",
    "tax": 0.0,
    "spiceLevel": "",
    "aiselNo": "1",
    "store": "Market Basket",
    "weightType": "52 fl oz",
    "imageName": "X765.jpg",
    "defaultImage": "X765.jpg",
    "updatedTimestamp": "Jan 23, 2021 8:02:29 PM",
    "createdTimestamp": "Jan 23, 2021 8:02:29 PM",
    "isNewlyAdded": false,
    "isActive": true,
    "isDealsEnabled": false,
    "quantity": 0
  },
  {
    "id": 13500,
    "code": "Market Basket Organic 2% Milk",
    "desc": "Market Basket Organic 2% Milk",
    "shortDesc": "Market Basket Organic 2% Milk",
    "tags": [
      "Milk"
    ],
    "categories": [
      {
        "code": "Breakfast & Dairy",
        "desc": "Breakfast & Dairy"
      }
    ],
    "subCategories": [
      {
        "code": "Dairy & Eggs",
        "desc": "Dairy & Eggs"
      }
    ],
    "brands": [
      {
        "code": "Market Basket",
        "desc": "Market Basket"
      }
    ],
    "price": {
      "basePrice": 4.29,
      "discountPrice": 4.29
    },
    "type": {
      "code": "Milk",
      "desc": "Milk"
    },
    "weight": "0.5 gal",
    "UpcCode": "",
    "tax": 0.0,
    "spiceLevel": "",
    "aiselNo": "1",
    "store": "Market Basket",
    "weightType": "0.5 gal",
    "imageName": "480.jpg",
    "defaultImage": "480.jpg",
    "updatedTimestamp": "Jan 23, 2021 8:02:30 PM",
    "createdTimestamp": "Jan 23, 2021 8:02:30 PM",
    "isNewlyAdded": false,
    "isActive": true,
    "isDealsEnabled": false,
    "quantity": 0
  },
  {
    "id": 457,
    "code": "Meyer's Clean Day Laundry Detergent Lemon Verbena Scent",
    "desc": "Meyer's Clean Day Laundry Detergent Lemon Verbena Scent",
    "shortDesc": "Meyer's Clean Day Laundry Detergent Lemon Verbena Scent",
    "tags": [
      "Laundry Detergent"
    ],
    "categories": [
      {
        "code": "Laundry & Paper Goods",
        "desc": "Laundry & Paper Goods"
      }
    ],
    "subCategories": [
      {
        "code": "Laundry",
        "desc": "Laundry"
      }
    ],
    "brands": [
      {
        "code": "Meyer",
        "desc": "Meyer"
      }
    ],
    "price": {
      "basePrice": 17.49,
      "discountPrice": 17.49
    },
    "type": {
      "code": "Laundry Detergent",
      "desc": "Laundry Detergent"
    },
    "weight": "64 fl oz",
    "UpcCode": "",
    "tax": 1.0,
    "spiceLevel": "",
    "aiselNo": "15",
    "store": "Market Basket",
    "weightType": "64 fl oz",
    "imageName": "No Image.jpg",
    "defaultImage": "No Image.jpg",
    "updatedTimestamp": "Jan 23, 2021 8:02:30 PM",
    "createdTimestamp": "Jan 23, 2021 8:02:30 PM",
    "isNewlyAdded": false,
    "isActive": true,
    "isDealsEnabled": false,
    "quantity": 0
  },
  {
    "id": 8791,
    "code": "Aurora Natural Salad Fixin's Original",
    "desc": "Aurora Natural Salad Fixin's Original",
    "shortDesc": "Aurora Natural Salad Fixin's Original",
    "tags": [
      "Salad Dressing & Toppings"
    ],
    "categories": [
      {
        "code": "Condiments & Dressings",
        "desc": "Condiments & Dressings"
      }
    ],
    "subCategories": [
      {
        "code": "Salad Dressings & Toppings",
        "desc": "Salad Dressings & Toppings"
      }
    ],
    "brands": [
      {
        "code": "Aurora",
        "desc": "Aurora"
      }
    ],
    "price": {
      "basePrice": 4.89,
      "discountPrice": 4.89
    },
    "type": {
      "code": "Salad Dressing & Toppings",
      "desc": "Salad Dressing & Toppings"
    },
    "weight": "14 oz",
    "UpcCode": "",
    "tax": 0.0,
    "spiceLevel": "",
    "aiselNo": "2",
    "store": "Market Basket",
    "weightType": "14 oz",
    "imageName": "15465.jpg",
    "defaultImage": "15465.jpg",
    "updatedTimestamp": "Jan 23, 2021 8:02:30 PM",
    "createdTimestamp": "Jan 23, 2021 8:02:30 PM",
    "isNewlyAdded": false,
    "isActive": true,
    "isDealsEnabled": false,
    "quantity": 0
  },
  {
    "id": 7162,
    "code": "Pure Wesson Canola Oil",
    "desc": "Pure Wesson Canola Oil",
    "shortDesc": "Pure Wesson Canola Oil",
    "tags": [
      "Oils & Vinegars"
    ],
    "categories": [
      {
        "code": "Cooking Needs",
        "desc": "Cooking Needs"
      }
    ],
    "subCategories": [
      {
        "code": "Oils & Vinegars",
        "desc": "Oils & Vinegars"
      }
    ],
    "brands": [
      {
        "code": "Pure Wesson",
        "desc": "Pure Wesson"
      }
    ],
    "price": {
      "basePrice": 9.19,
      "discountPrice": 9.19
    },
    "type": {
      "code": "Oils & Vinegars",
      "desc": "Oils & Vinegars"
    },
    "weight": "1 gal",
    "UpcCode": "",
    "tax": 0.0,
    "spiceLevel": "",
    "aiselNo": "2",
    "store": "Market Basket",
    "weightType": "1 gal",
    "imageName": "1821.jpg",
    "defaultImage": "1821.jpg",
    "updatedTimestamp": "Jan 23, 2021 8:02:30 PM",
    "createdTimestamp": "Jan 23, 2021 8:02:30 PM",
    "isNewlyAdded": false,
    "isActive": true,
    "isDealsEnabled": false,
    "quantity": 0
  },
  {
    "id": 15356,
    "code": "Sundown Naturals Calcium Magnesium And Zinc - 100 CT",
    "desc": "Sundown Naturals Calcium Magnesium And Zinc - 100 CT",
    "shortDesc": "Sundown Naturals Calcium Magnesium And Zinc - 100 CT",
    "tags": [
      "Vitamins & Supplements"
    ],
    "categories": [
      {
        "code": "Personal Care",
        "desc": "Personal Care"
      }
    ],
    "subCategories": [
      {
        "code": "Vitamins & Proteins",
        "desc": "Vitamins & Proteins"
      }
    ],
    "brands": [
      {
        "code": "Sundown Naturals",
        "desc": "Sundown Naturals"
      }
    ],
    "price": {
      "basePrice": 5.62,
      "discountPrice": 5.62
    },
    "type": {
      "code": "Vitamins & Supplements",
      "desc": "Vitamins & Supplements"
    },
    "weight": "100 count",
    "UpcCode": "",
    "tax": 1.0,
    "spiceLevel": "",
    "aiselNo": "13",
    "store": "Market Basket",
    "weightType": "100 count",
    "imageName": "6695.jpg",
    "defaultImage": "6695.jpg",
    "updatedTimestamp": "Jan 23, 2021 8:02:30 PM",
    "createdTimestamp": "Jan 23, 2021 8:02:30 PM",
    "isNewlyAdded": false,
    "isActive": true,
    "isDealsEnabled": false,
    "quantity": 0
  },
  {
    "id": 8014,
    "code": "Herb Ox Chicken Flavor Granulated Bouillon",
    "desc": "Herb Ox Chicken Flavor Granulated Bouillon",
    "shortDesc": "Herb Ox Chicken Flavor Granulated Bouillon",
    "tags": [
      "Soup, Broth & Bouillon"
    ],
    "categories": [
      {
        "code": "Cooking Needs",
        "desc": "Cooking Needs"
      }
    ],
    "subCategories": [
      {
        "code": "Canned Food",
        "desc": "Canned Food"
      }
    ],
    "brands": [
      {
        "code": "Herb-Ox",
        "desc": "Herb-Ox"
      }
    ],
    "price": {
      "basePrice": 1.59,
      "discountPrice": 1.59
    },
    "type": {
      "code": "Soup, Broth & Bouillon",
      "desc": "Soup, Broth & Bouillon"
    },
    "weight": "32 g",
    "UpcCode": "",
    "tax": 0.0,
    "spiceLevel": "",
    "aiselNo": "2",
    "store": "Market Basket",
    "weightType": "32 g",
    "imageName": "17265.jpg",
    "defaultImage": "17265.jpg",
    "updatedTimestamp": "Jan 23, 2021 8:02:30 PM",
    "createdTimestamp": "Jan 23, 2021 8:02:30 PM",
    "isNewlyAdded": false,
    "isActive": true,
    "isDealsEnabled": false,
    "quantity": 0
  },
  {
    "id": 6589,
    "code": "Floridas Natural 100% PRIMIUM Florida Natural ORANGE JUICE WITH  NOT CONCENTRATE / NON GMO CALICIUM & VITAMIN D",
    "desc": "Floridas Natural 100% PRIMIUM Florida Natural ORANGE JUICE WITH  NOT CONCENTRATE / NON GMO CALICIUM & VITAMIN D",
    "shortDesc": "Floridas Natural 100% PRIMIUM Florida Natural ORANGE JUICE WITH  NOT CONCENTRATE / NON GMO CALICIUM & VITAMIN D",
    "tags": [
      "Refrigerated Drinks"
    ],
    "categories": [
      {
        "code": "Beverages & Juices",
        "desc": "Beverages & Juices"
      }
    ],
    "subCategories": [
      {
        "code": "Juices & Refrigerated Drinks",
        "desc": "Juices & Refrigerated Drinks"
      }
    ],
    "brands": [],
    "price": {
      "basePrice": 3.74,
      "discountPrice": 3.74
    },
    "type": {
      "code": "Refrigerated Drinks",
      "desc": "Refrigerated Drinks"
    },
    "weight": "52 fl oz",
    "UpcCode": "",
    "tax": 0.0,
    "spiceLevel": "",
    "aiselNo": "1",
    "store": "Market Basket",
    "weightType": "52 fl oz",
    "imageName": "X267.jpg",
    "defaultImage": "X267.jpg",
    "updatedTimestamp": "Jan 23, 2021 8:02:29 PM",
    "createdTimestamp": "Jan 23, 2021 8:02:29 PM",
    "isNewlyAdded": false,
    "isActive": true,
    "isDealsEnabled": false,
    "quantity": 0
  },
  {
    "id": 10132,
    "code": "Lactaid Lactose Free Vanilla Ice Cream",
    "desc": "Lactaid Lactose Free Vanilla Ice Cream",
    "shortDesc": "Lactaid Lactose Free Vanilla Ice Cream",
    "tags": [
      "Ice Cream & Ice"
    ],
    "categories": [
      {
        "code": "Frozen Food",
        "desc": "Frozen Food"
      }
    ],
    "subCategories": [
      {
        "code": "Ice Cream & Ice",
        "desc": "Ice Cream & Ice"
      }
    ],
    "brands": [
      {
        "code": "Lactaid",
        "desc": "Lactaid"
      }
    ],
    "price": {
      "basePrice": 3.89,
      "discountPrice": 3.89
    },
    "type": {
      "code": "Ice Cream & Ice",
      "desc": "Ice Cream & Ice"
    },
    "weight": "1 quart",
    "UpcCode": "",
    "tax": 0.0,
    "spiceLevel": "",
    "aiselNo": "21",
    "store": "Market Basket",
    "weightType": "1 quart",
    "imageName": "16183.jpg",
    "defaultImage": "16183.jpg",
    "updatedTimestamp": "Jan 23, 2021 8:02:30 PM",
    "createdTimestamp": "Jan 23, 2021 8:02:30 PM",
    "isNewlyAdded": false,
    "isActive": true,
    "isDealsEnabled": false,
    "quantity": 0
  },
  {
    "id": 14621,
    "code": "Traditional Medicinals EveryDay Detox Herbal Supplement Tea Bags",
    "desc": "Traditional Medicinals EveryDay Detox Herbal Supplement Tea Bags",
    "shortDesc": "Traditional Medicinals EveryDay Detox Herbal Supplement Tea Bags",
    "tags": [
      "Tea"
    ],
    "categories": [
      {
        "code": "Breakfast & Dairy",
        "desc": "Breakfast & Dairy"
      }
    ],
    "subCategories": [
      {
        "code": "Tea & Coffee",
        "desc": "Tea & Coffee"
      }
    ],
    "brands": [
      {
        "code": "Traditional Medicinals",
        "desc": "Traditional Medicinals"
      }
    ],
    "price": {
      "basePrice": 4.29,
      "discountPrice": 4.29
    },
    "type": {
      "code": "Tea",
      "desc": "Tea"
    },
    "weight": "16 count",
    "UpcCode": "",
    "tax": 0.0,
    "spiceLevel": "",
    "aiselNo": "8",
    "store": "Market Basket",
    "weightType": "16 count",
    "imageName": "3502.jpg",
    "defaultImage": "3502.jpg",
    "updatedTimestamp": "Jan 23, 2021 8:02:30 PM",
    "createdTimestamp": "Jan 23, 2021 8:02:30 PM",
    "isNewlyAdded": false,
    "isActive": true,
    "isDealsEnabled": false,
    "quantity": 0
  },
  {
    "id": 10254,
    "code": "Turkey Hill Original Recipe Premium Ice Cream Peanut Butter Ripple",
    "desc": "Turkey Hill Original Recipe Premium Ice Cream Peanut Butter Ripple",
    "shortDesc": "Turkey Hill Original Recipe Premium Ice Cream Peanut Butter Ripple",
    "tags": [
      "Ice Cream & Ice"
    ],
    "categories": [
      {
        "code": "Frozen Food",
        "desc": "Frozen Food"
      }
    ],
    "subCategories": [
      {
        "code": "Ice Cream & Ice",
        "desc": "Ice Cream & Ice"
      }
    ],
    "brands": [
      {
        "code": "Turkey Hill",
        "desc": "Turkey Hill"
      }
    ],
    "price": {
      "basePrice": 3.09,
      "discountPrice": 3.09
    },
    "type": {
      "code": "Ice Cream & Ice",
      "desc": "Ice Cream & Ice"
    },
    "weight": "48 fl oz",
    "UpcCode": "",
    "tax": 0.0,
    "spiceLevel": "",
    "aiselNo": "21",
    "store": "Market Basket",
    "weightType": "48 fl oz",
    "imageName": "3131.jpg",
    "defaultImage": "3131.jpg",
    "updatedTimestamp": "Jan 23, 2021 8:02:30 PM",
    "createdTimestamp": "Jan 23, 2021 8:02:30 PM",
    "isNewlyAdded": false,
    "isActive": true,
    "isDealsEnabled": false,
    "quantity": 0
  },
  {
    "id": 6825,
    "code": "Domino Organic Raw Cane Sugar",
    "desc": "Domino Organic Raw Cane Sugar",
    "shortDesc": "Domino Organic Raw Cane Sugar",
    "tags": [
      "Baking Ingredients"
    ],
    "categories": [
      {
        "code": "Cooking Needs",
        "desc": "Cooking Needs"
      }
    ],
    "subCategories": [
      {
        "code": "Baking & Cooking",
        "desc": "Baking & Cooking"
      }
    ],
    "brands": [
      {
        "code": "Domino",
        "desc": "Domino"
      }
    ],
    "price": {
      "basePrice": 2.79,
      "discountPrice": 2.79
    },
    "type": {
      "code": "Baking Ingredients",
      "desc": "Baking Ingredients"
    },
    "weight": "24 oz",
    "UpcCode": "",
    "tax": 0.0,
    "spiceLevel": "",
    "aiselNo": "8",
    "store": "Market Basket",
    "weightType": "24 oz",
    "imageName": "2337.jpg",
    "defaultImage": "2337.jpg",
    "updatedTimestamp": "Jan 23, 2021 8:02:30 PM",
    "createdTimestamp": "Jan 23, 2021 8:02:30 PM",
    "isNewlyAdded": false,
    "isActive": true,
    "isDealsEnabled": false,
    "quantity": 0
  },
  {
    "id": 9854,
    "code": "Market Basket Cut Okra",
    "desc": "Market Basket Cut Okra",
    "shortDesc": "Market Basket Cut Okra",
    "tags": [
      "Frozen Produce"
    ],
    "categories": [
      {
        "code": "Frozen Food",
        "desc": "Frozen Food"
      }
    ],
    "subCategories": [
      {
        "code": "Frozen Produce",
        "desc": "Frozen Produce"
      }
    ],
    "brands": [
      {
        "code": "Market Basket",
        "desc": "Market Basket"
      }
    ],
    "price": {
      "basePrice": 1.69,
      "discountPrice": 1.69
    },
    "type": {
      "code": "Frozen Produce",
      "desc": "Frozen Produce"
    },
    "weight": "16 oz",
    "UpcCode": "",
    "tax": 0.0,
    "spiceLevel": "",
    "aiselNo": "19",
    "store": "Market Basket",
    "weightType": "16 oz",
    "imageName": "Market Basket.jpg",
    "defaultImage": "Market Basket.jpg",
    "updatedTimestamp": "Jan 23, 2021 8:02:30 PM",
    "createdTimestamp": "Jan 23, 2021 8:02:30 PM",
    "isNewlyAdded": false,
    "isActive": true,
    "isDealsEnabled": false,
    "quantity": 0
  },
  {
    "id": 14152,
    "code": "Lifeway Kefir Plain Unsweetened Cultured Lowfat Milk",
    "desc": "Lifeway Kefir Plain Unsweetened Cultured Lowfat Milk",
    "shortDesc": "Lifeway Kefir Plain Unsweetened Cultured Lowfat Milk",
    "tags": [
      "Yogurt"
    ],
    "categories": [
      {
        "code": "Breakfast & Dairy",
        "desc": "Breakfast & Dairy"
      }
    ],
    "subCategories": [
      {
        "code": "Dairy & Eggs",
        "desc": "Dairy & Eggs"
      }
    ],
    "brands": [
      {
        "code": "Lifeway",
        "desc": "Lifeway"
      }
    ],
    "price": {
      "basePrice": 3.69,
      "discountPrice": 3.69
    },
    "type": {
      "code": "Yogurt",
      "desc": "Yogurt"
    },
    "weight": "32 fl oz",
    "UpcCode": "",
    "tax": 0.0,
    "spiceLevel": "",
    "aiselNo": "1",
    "store": "Market Basket",
    "weightType": "32 fl oz",
    "imageName": "14689.jpg",
    "defaultImage": "14689.jpg",
    "updatedTimestamp": "Jan 23, 2021 8:02:30 PM",
    "createdTimestamp": "Jan 23, 2021 8:02:30 PM",
    "isNewlyAdded": false,
    "isActive": true,
    "isDealsEnabled": false,
    "quantity": 0
  },
  {
    "id": 4184,
    "code": "Chicken",
    "desc": "Chicken",
    "shortDesc": "Chicken",
    "tags": [
      "Chicken"
    ],
    "categories": [
      {
        "code": "Meat & Seafood",
        "desc": "Meat & Seafood"
      }
    ],
    "subCategories": [
      {
        "code": "Packaged Meat & Seafood",
        "desc": "Packaged Meat & Seafood"
      }
    ],
    "brands": [
      {
        "code": "Market Basket",
        "desc": "Market Basket"
      }
    ],
    "price": {
      "basePrice": 6.09,
      "discountPrice": 6.09
    },
    "type": {
      "code": "Chicken",
      "desc": "Chicken"
    },
    "weight": "1 lb",
    "UpcCode": "",
    "tax": 0.0,
    "spiceLevel": "",
    "aiselNo": "22",
    "store": "Market Basket",
    "weightType": "1 lb",
    "imageName": "Market Basket.jpg",
    "defaultImage": "Market Basket.jpg",
    "updatedTimestamp": "Jan 23, 2021 8:02:30 PM",
    "createdTimestamp": "Jan 23, 2021 8:02:30 PM",
    "isNewlyAdded": false,
    "isActive": true,
    "isDealsEnabled": false,
    "quantity": 0
  },
  {
    "id": 485,
    "code": "Purex 4 in 1 Pacs Mountain Breeze 19 pack Laundry Detergent",
    "desc": "Purex 4 in 1 Pacs Mountain Breeze 19 pack Laundry Detergent",
    "shortDesc": "Purex 4 in 1 Pacs Mountain Breeze 19 pack Laundry Detergent",
    "tags": [
      "Laundry Detergent"
    ],
    "categories": [
      {
        "code": "Laundry & Paper Goods",
        "desc": "Laundry & Paper Goods"
      }
    ],
    "subCategories": [
      {
        "code": "Laundry",
        "desc": "Laundry"
      }
    ],
    "brands": [
      {
        "code": "Purex",
        "desc": "Purex"
      }
    ],
    "price": {
      "basePrice": 4.99,
      "discountPrice": 4.99
    },
    "type": {
      "code": "Laundry Detergent",
      "desc": "Laundry Detergent"
    },
    "weight": "19 pack",
    "UpcCode": "",
    "tax": 1.0,
    "spiceLevel": "",
    "aiselNo": "15",
    "store": "Market Basket",
    "weightType": "19 pack",
    "imageName": "No Image.jpg",
    "defaultImage": "No Image.jpg",
    "updatedTimestamp": "Jan 23, 2021 8:02:30 PM",
    "createdTimestamp": "Jan 23, 2021 8:02:30 PM",
    "isNewlyAdded": false,
    "isActive": true,
    "isDealsEnabled": false,
    "quantity": 0
  },
  {
    "id": 15238,
    "code": "Orajel Nickelodeon Paw Patrol Fruity Fun Training Toothpaste",
    "desc": "Orajel Nickelodeon Paw Patrol Fruity Fun Training Toothpaste",
    "shortDesc": "Orajel Nickelodeon Paw Patrol Fruity Fun Training Toothpaste",
    "tags": [
      "Oral Hygiene"
    ],
    "categories": [
      {
        "code": "Personal Care",
        "desc": "Personal Care"
      }
    ],
    "subCategories": [
      {
        "code": "Personal Needs",
        "desc": "Personal Needs"
      }
    ],
    "brands": [
      {
        "code": "Orajel",
        "desc": "Orajel"
      }
    ],
    "price": {
      "basePrice": 4.93,
      "discountPrice": 4.93
    },
    "type": {
      "code": "Oral Hygiene",
      "desc": "Oral Hygiene"
    },
    "weight": "1.5 oz",
    "UpcCode": "",
    "tax": 1.0,
    "spiceLevel": "",
    "aiselNo": "13",
    "store": "Market Basket",
    "weightType": "1.5 oz",
    "imageName": "17783.jpg",
    "defaultImage": "17783.jpg",
    "updatedTimestamp": "Jan 23, 2021 8:02:30 PM",
    "createdTimestamp": "Jan 23, 2021 8:02:30 PM",
    "isNewlyAdded": false,
    "isActive": true,
    "isDealsEnabled": false,
    "quantity": 0
  },
  {
    "id": 13613,
    "code": "Alouette Soft Spreadable Cheese Garlic & Herbs",
    "desc": "Alouette Soft Spreadable Cheese Garlic & Herbs",
    "shortDesc": "Alouette Soft Spreadable Cheese Garlic & Herbs",
    "tags": [
      "Packaged Cheese"
    ],
    "categories": [
      {
        "code": "Breakfast & Dairy",
        "desc": "Breakfast & Dairy"
      }
    ],
    "subCategories": [
      {
        "code": "Dairy & Eggs",
        "desc": "Dairy & Eggs"
      }
    ],
    "brands": [
      {
        "code": "Alouette",
        "desc": "Alouette"
      }
    ],
    "price": {
      "basePrice": 3.69,
      "discountPrice": 3.69
    },
    "type": {
      "code": "Packaged Cheese",
      "desc": "Packaged Cheese"
    },
    "weight": "6.5 oz",
    "UpcCode": "",
    "tax": 0.0,
    "spiceLevel": "",
    "aiselNo": "1",
    "store": "Market Basket",
    "weightType": "6.5 oz",
    "imageName": "14563.jpg",
    "defaultImage": "14563.jpg",
    "updatedTimestamp": "Jan 23, 2021 8:02:30 PM",
    "createdTimestamp": "Jan 23, 2021 8:02:30 PM",
    "isNewlyAdded": false,
    "isActive": true,
    "isDealsEnabled": false,
    "quantity": 0
  },
  {
    "id": 10449,
    "code": "Twin Elephants Jasmine White Scented Rice",
    "desc": "Twin Elephants Jasmine White Scented Rice",
    "shortDesc": "Twin Elephants Jasmine White Scented Rice",
    "tags": [
      "Rice"
    ],
    "categories": [
      {
        "code": "Cooking Needs",
        "desc": "Cooking Needs"
      }
    ],
    "subCategories": [
      {
        "code": "Rice & Grains",
        "desc": "Rice & Grains"
      }
    ],
    "brands": [
      {
        "code": "Twin Elephants",
        "desc": "Twin Elephants"
      }
    ],
    "price": {
      "basePrice": 26.89,
      "discountPrice": 26.89
    },
    "type": {
      "code": "Rice",
      "desc": "Rice"
    },
    "weight": "25 lb",
    "UpcCode": "",
    "tax": 0.0,
    "spiceLevel": "",
    "aiselNo": "4",
    "store": "Market Basket",
    "weightType": "25 lb",
    "imageName": "No Image.jpg",
    "defaultImage": "No Image.jpg",
    "updatedTimestamp": "Jan 23, 2021 8:02:30 PM",
    "createdTimestamp": "Jan 23, 2021 8:02:30 PM",
    "isNewlyAdded": false,
    "isActive": true,
    "isDealsEnabled": false,
    "quantity": 0
  },
  {
    "id": 3683,
    "code": "Snackers Platter",
    "desc": "Snackers Platter",
    "shortDesc": "Snackers Platter",
    "tags": [
      "Mixed Fruit platters and bowls"
    ],
    "categories": [
      {
        "code": "Fresh Produce",
        "desc": "Fresh Produce"
      }
    ],
    "subCategories": [
      {
        "code": "Fresh Fruits",
        "desc": "Fresh Fruits"
      }
    ],
    "brands": [
      {
        "code": "Market Basket",
        "desc": "Market Basket"
      }
    ],
    "price": {
      "basePrice": 39.32,
      "discountPrice": 39.32
    },
    "type": {
      "code": "Mixed Fruit platters and bowls",
      "desc": "Mixed Fruit platters and bowls"
    },
    "weight": "1 each",
    "UpcCode": "",
    "tax": 0.0,
    "spiceLevel": "",
    "aiselNo": "20",
    "store": "Market Basket",
    "weightType": "1 each",
    "imageName": "Market Basket.jpg",
    "defaultImage": "Market Basket.jpg",
    "updatedTimestamp": "Jan 23, 2021 8:02:30 PM",
    "createdTimestamp": "Jan 23, 2021 8:02:30 PM",
    "isNewlyAdded": false,
    "isActive": true,
    "isDealsEnabled": false,
    "quantity": 0
  },
  {
    "id": 14478,
    "code": "Starbucks Dark Roast Ground Coffee Ã¢â¬â Sumatra Ã¢â¬â 100% Arabica",
    "desc": "Starbucks Dark Roast Ground Coffee Ã¢â¬â Sumatra Ã¢â¬â 100% Arabica",
    "shortDesc": "Starbucks Dark Roast Ground Coffee Ã¢â¬â Sumatra Ã¢â¬â 100% Arabica",
    "tags": [
      "Coffee"
    ],
    "categories": [
      {
        "code": "Breakfast & Dairy",
        "desc": "Breakfast & Dairy"
      }
    ],
    "subCategories": [
      {
        "code": "Tea & Coffee",
        "desc": "Tea & Coffee"
      }
    ],
    "brands": [
      {
        "code": "StarBucks",
        "desc": "StarBucks"
      }
    ],
    "price": {
      "basePrice": 8.59,
      "discountPrice": 8.59
    },
    "type": {
      "code": "Coffee",
      "desc": "Coffee"
    },
    "weight": "12 oz",
    "UpcCode": "",
    "tax": 0.0,
    "spiceLevel": "",
    "aiselNo": "8",
    "store": "Market Basket",
    "weightType": "12 oz",
    "imageName": "3303.jpg",
    "defaultImage": "3303.jpg",
    "updatedTimestamp": "Jan 23, 2021 8:02:30 PM",
    "createdTimestamp": "Jan 23, 2021 8:02:30 PM",
    "isNewlyAdded": false,
    "isActive": true,
    "isDealsEnabled": false,
    "quantity": 0
  },
  {
    "id": 8616,
    "code": "Goya Manzanilla Spanish Olives with Pimientos",
    "desc": "Goya Manzanilla Spanish Olives with Pimientos",
    "shortDesc": "Goya Manzanilla Spanish Olives with Pimientos",
    "tags": [
      "Pickled Goods & Olives"
    ],
    "categories": [
      {
        "code": "Condiments & Dressings",
        "desc": "Condiments & Dressings"
      }
    ],
    "subCategories": [
      {
        "code": "Pickled Goods & Olives",
        "desc": "Pickled Goods & Olives"
      }
    ],
    "brands": [
      {
        "code": "Goya",
        "desc": "Goya"
      }
    ],
    "price": {
      "basePrice": 2.99,
      "discountPrice": 2.99
    },
    "type": {
      "code": "Pickled Goods & Olives",
      "desc": "Pickled Goods & Olives"
    },
    "weight": "9.5 oz",
    "UpcCode": "",
    "tax": 0.0,
    "spiceLevel": "",
    "aiselNo": "7",
    "store": "Market Basket",
    "weightType": "9.5 oz",
    "imageName": "1875.jpg",
    "defaultImage": "1875.jpg",
    "updatedTimestamp": "Jan 23, 2021 8:02:30 PM",
    "createdTimestamp": "Jan 23, 2021 8:02:30 PM",
    "isNewlyAdded": false,
    "isActive": true,
    "isDealsEnabled": false,
    "quantity": 0
  },
  {
    "id": 7798,
    "code": "Market Basket Pinto Beans",
    "desc": "Market Basket Pinto Beans",
    "shortDesc": "Market Basket Pinto Beans",
    "tags": [
      "Canned Meals & Beans"
    ],
    "categories": [
      {
        "code": "Cooking Needs",
        "desc": "Cooking Needs"
      }
    ],
    "subCategories": [
      {
        "code": "Canned Food",
        "desc": "Canned Food"
      }
    ],
    "brands": [
      {
        "code": "Market Basket",
        "desc": "Market Basket"
      }
    ],
    "price": {
      "basePrice": 1.49,
      "discountPrice": 1.49
    },
    "type": {
      "code": "Canned Meals & Beans",
      "desc": "Canned Meals & Beans"
    },
    "weight": "29 oz",
    "UpcCode": "",
    "tax": 0.0,
    "spiceLevel": "",
    "aiselNo": "2",
    "store": "Market Basket",
    "weightType": "29 oz",
    "imageName": "Market Basket.jpg",
    "defaultImage": "Market Basket.jpg",
    "updatedTimestamp": "Jan 23, 2021 8:02:30 PM",
    "createdTimestamp": "Jan 23, 2021 8:02:30 PM",
    "isNewlyAdded": false,
    "isActive": true,
    "isDealsEnabled": false,
    "quantity": 0
  },
  {
    "id": 547,
    "code": "Gain Aroma Boost Liquid Laundry Detergent, island fresh",
    "desc": "Gain Aroma Boost Liquid Laundry Detergent, island fresh",
    "shortDesc": "Gain Aroma Boost Liquid Laundry Detergent, island fresh",
    "tags": [
      "Laundry Detergent"
    ],
    "categories": [
      {
        "code": "Laundry & Paper Goods",
        "desc": "Laundry & Paper Goods"
      }
    ],
    "subCategories": [
      {
        "code": "Laundry",
        "desc": "Laundry"
      }
    ],
    "brands": [
      {
        "code": "Gain",
        "desc": "Gain"
      }
    ],
    "price": {
      "basePrice": 13.74,
      "discountPrice": 13.74
    },
    "type": {
      "code": "Laundry Detergent",
      "desc": "Laundry Detergent"
    },
    "weight": "100 fl oz",
    "UpcCode": "",
    "tax": 1.0,
    "spiceLevel": "",
    "aiselNo": "15",
    "store": "Market Basket",
    "weightType": "100 fl oz",
    "imageName": "No Image.jpg",
    "defaultImage": "No Image.jpg",
    "updatedTimestamp": "Jan 23, 2021 8:02:30 PM",
    "createdTimestamp": "Jan 23, 2021 8:02:30 PM",
    "isNewlyAdded": false,
    "isActive": true,
    "isDealsEnabled": false,
    "quantity": 0
  },
  {
    "id": 4238,
    "code": "Smoked Virginia Hams",
    "desc": "Smoked Virginia Hams",
    "shortDesc": "Smoked Virginia Hams",
    "tags": [
      "Ham"
    ],
    "categories": [
      {
        "code": "Meat & Seafood",
        "desc": "Meat & Seafood"
      }
    ],
    "subCategories": [
      {
        "code": "Packaged Meat & Seafood",
        "desc": "Packaged Meat & Seafood"
      }
    ],
    "brands": [
      {
        "code": "Market Basket",
        "desc": "Market Basket"
      }
    ],
    "price": {
      "basePrice": 6.09,
      "discountPrice": 6.09
    },
    "type": {
      "code": "Ham",
      "desc": "Ham"
    },
    "weight": "1 lb",
    "UpcCode": "",
    "tax": 0.0,
    "spiceLevel": "",
    "aiselNo": "22",
    "store": "Market Basket",
    "weightType": "1 lb",
    "imageName": "Market Basket.jpg",
    "defaultImage": "Market Basket.jpg",
    "updatedTimestamp": "Jan 23, 2021 8:02:30 PM",
    "createdTimestamp": "Jan 23, 2021 8:02:30 PM",
    "isNewlyAdded": false,
    "isActive": true,
    "isDealsEnabled": false,
    "quantity": 0
  },
  {
    "id": 4272,
    "code": "Ruby Bay Scottish Style Smoked Salmon",
    "desc": "Ruby Bay Scottish Style Smoked Salmon",
    "shortDesc": "Ruby Bay Scottish Style Smoked Salmon",
    "tags": [
      "Salmon"
    ],
    "categories": [
      {
        "code": "Meat & Seafood",
        "desc": "Meat & Seafood"
      }
    ],
    "subCategories": [
      {
        "code": "Packaged Meat & Seafood",
        "desc": "Packaged Meat & Seafood"
      }
    ],
    "brands": [
      {
        "code": "Ruby Bay",
        "desc": "Ruby Bay"
      }
    ],
    "price": {
      "basePrice": 6.89,
      "discountPrice": 6.89
    },
    "type": {
      "code": "Salmon",
      "desc": "Salmon"
    },
    "weight": "3 oz",
    "UpcCode": "",
    "tax": 0.0,
    "spiceLevel": "",
    "aiselNo": "22",
    "store": "Market Basket",
    "weightType": "3 oz",
    "imageName": "No Image.jpg",
    "defaultImage": "No Image.jpg",
    "updatedTimestamp": "Jan 23, 2021 8:02:30 PM",
    "createdTimestamp": "Jan 23, 2021 8:02:30 PM",
    "isNewlyAdded": false,
    "isActive": true,
    "isDealsEnabled": false,
    "quantity": 0
  },
  {
    "id": 8016,
    "code": "Herb Ox Sodium Free Chicken Flavor Granulated Bouillon",
    "desc": "Herb Ox Sodium Free Chicken Flavor Granulated Bouillon",
    "shortDesc": "Herb Ox Sodium Free Chicken Flavor Granulated Bouillon",
    "tags": [
      "Soup, Broth & Bouillon"
    ],
    "categories": [
      {
        "code": "Cooking Needs",
        "desc": "Cooking Needs"
      }
    ],
    "subCategories": [
      {
        "code": "Canned Food",
        "desc": "Canned Food"
      }
    ],
    "brands": [
      {
        "code": "Herb-Ox",
        "desc": "Herb-Ox"
      }
    ],
    "price": {
      "basePrice": 2.09,
      "discountPrice": 2.09
    },
    "type": {
      "code": "Soup, Broth & Bouillon",
      "desc": "Soup, Broth & Bouillon"
    },
    "weight": "34 g",
    "UpcCode": "",
    "tax": 0.0,
    "spiceLevel": "",
    "aiselNo": "2",
    "store": "Market Basket",
    "weightType": "34 g",
    "imageName": "17177.jpg",
    "defaultImage": "17177.jpg",
    "updatedTimestamp": "Jan 23, 2021 8:02:30 PM",
    "createdTimestamp": "Jan 23, 2021 8:02:30 PM",
    "isNewlyAdded": false,
    "isActive": true,
    "isDealsEnabled": false,
    "quantity": 0
  },
  {
    "id": 9844,
    "code": "Market Basket Chopped Spinach",
    "desc": "Market Basket Chopped Spinach",
    "shortDesc": "Market Basket Chopped Spinach",
    "tags": [
      "Frozen Produce"
    ],
    "categories": [
      {
        "code": "Frozen Food",
        "desc": "Frozen Food"
      }
    ],
    "subCategories": [
      {
        "code": "Frozen Produce",
        "desc": "Frozen Produce"
      }
    ],
    "brands": [
      {
        "code": "Market Basket",
        "desc": "Market Basket"
      }
    ],
    "price": {
      "basePrice": 1.09,
      "discountPrice": 1.09
    },
    "type": {
      "code": "Frozen Produce",
      "desc": "Frozen Produce"
    },
    "weight": "10 oz",
    "UpcCode": "",
    "tax": 0.0,
    "spiceLevel": "",
    "aiselNo": "19",
    "store": "Market Basket",
    "weightType": "10 oz",
    "imageName": "Market Basket.jpg",
    "defaultImage": "Market Basket.jpg",
    "updatedTimestamp": "Jan 23, 2021 8:02:30 PM",
    "createdTimestamp": "Jan 23, 2021 8:02:30 PM",
    "isNewlyAdded": false,
    "isActive": true,
    "isDealsEnabled": false,
    "quantity": 0
  },
  {
    "id": 131,
    "code": "Libman Roller Mop, Nitty Gritty",
    "desc": "Libman Roller Mop, Nitty Gritty",
    "shortDesc": "Libman Roller Mop, Nitty Gritty",
    "tags": [
      "Mop"
    ],
    "categories": [
      {
        "code": "Kitchen & Cleaning",
        "desc": "Kitchen & Cleaning"
      }
    ],
    "subCategories": [
      {
        "code": "Cleaning Products",
        "desc": "Cleaning Products"
      }
    ],
    "brands": [
      {
        "code": "Libman",
        "desc": "Libman"
      }
    ],
    "price": {
      "basePrice": 18.29,
      "discountPrice": 18.29
    },
    "type": {
      "code": "Mop",
      "desc": "Mop"
    },
    "weight": "1 count",
    "UpcCode": "",
    "tax": 1.0,
    "spiceLevel": "",
    "aiselNo": "15",
    "store": "Market Basket",
    "weightType": "1 count",
    "imageName": "4322.jpg",
    "defaultImage": "4322.jpg",
    "updatedTimestamp": "Jan 23, 2021 8:02:30 PM",
    "createdTimestamp": "Jan 23, 2021 8:02:30 PM",
    "isNewlyAdded": false,
    "isActive": true,
    "isDealsEnabled": false,
    "quantity": 0
  },
  {
    "id": 3548,
    "code": "Curry Leaves Packet",
    "desc": "Curry Leaves Packet",
    "shortDesc": "Curry Leaves Packet",
    "tags": [
      "Curry Leaves"
    ],
    "categories": [
      {
        "code": "Fresh Produce",
        "desc": "Fresh Produce"
      }
    ],
    "subCategories": [
      {
        "code": "Fresh Herbs",
        "desc": "Fresh Herbs"
      }
    ],
    "brands": [
      {
        "code": "Market Basket",
        "desc": "Market Basket"
      }
    ],
    "price": {
      "basePrice": 4.39,
      "discountPrice": 4.39
    },
    "type": {
      "code": "Curry Leaves",
      "desc": "Curry Leaves"
    },
    "weight": "1 pack",
    "UpcCode": "",
    "tax": 0.0,
    "spiceLevel": "",
    "aiselNo": "20",
    "store": "Market Basket",
    "weightType": "1 pack",
    "imageName": "f185.jpg",
    "defaultImage": "f185.jpg",
    "updatedTimestamp": "Jan 23, 2021 8:02:30 PM",
    "createdTimestamp": "Jan 23, 2021 8:02:30 PM",
    "isNewlyAdded": false,
    "isActive": true,
    "isDealsEnabled": false,
    "quantity": 0
  },
  {
    "id": 7894,
    "code": "Solid White Albacore Tuna In Water",
    "desc": "Solid White Albacore Tuna In Water",
    "shortDesc": "Solid White Albacore Tuna In Water",
    "tags": [
      "Canned Meat & Seafood"
    ],
    "categories": [
      {
        "code": "Cooking Needs",
        "desc": "Cooking Needs"
      }
    ],
    "subCategories": [
      {
        "code": "Canned Food",
        "desc": "Canned Food"
      }
    ],
    "brands": [
      {
        "code": "StarKist",
        "desc": "StarKist"
      }
    ],
    "price": {
      "basePrice": 4.89,
      "discountPrice": 4.89
    },
    "type": {
      "code": "Canned Meat & Seafood",
      "desc": "Canned Meat & Seafood"
    },
    "weight": "12 oz",
    "UpcCode": "",
    "tax": 0.0,
    "spiceLevel": "",
    "aiselNo": "2",
    "store": "Market Basket",
    "weightType": "12 oz",
    "imageName": "5202.jpg",
    "defaultImage": "5202.jpg",
    "updatedTimestamp": "Jan 23, 2021 8:02:30 PM",
    "createdTimestamp": "Jan 23, 2021 8:02:30 PM",
    "isNewlyAdded": false,
    "isActive": true,
    "isDealsEnabled": false,
    "quantity": 0
  },
  {
    "id": 626,
    "code": "Scotties Pocket Pack Ultra Plush",
    "desc": "Scotties Pocket Pack Ultra Plush",
    "shortDesc": "Scotties Pocket Pack Ultra Plush",
    "tags": [
      "Wipes"
    ],
    "categories": [
      {
        "code": "Laundry & Paper Goods",
        "desc": "Laundry & Paper Goods"
      }
    ],
    "subCategories": [
      {
        "code": "Paper Goods",
        "desc": "Paper Goods"
      }
    ],
    "brands": [
      {
        "code": "Scotties",
        "desc": "Scotties"
      }
    ],
    "price": {
      "basePrice": 0.25,
      "discountPrice": 0.25
    },
    "type": {
      "code": "Wipes",
      "desc": "Wipes"
    },
    "weight": "10 count",
    "UpcCode": "",
    "tax": 1.0,
    "spiceLevel": "",
    "aiselNo": "14",
    "store": "Market Basket",
    "weightType": "10 count",
    "imageName": "No Image.jpg",
    "defaultImage": "No Image.jpg",
    "updatedTimestamp": "Jan 23, 2021 8:02:30 PM",
    "createdTimestamp": "Jan 23, 2021 8:02:30 PM",
    "isNewlyAdded": false,
    "isActive": true,
    "isDealsEnabled": false,
    "quantity": 0
  },
  {
    "id": 6040,
    "code": "Rose Sweetened Lime Juice",
    "desc": "Rose Sweetened Lime Juice",
    "shortDesc": "Rose Sweetened Lime Juice",
    "tags": [
      "Juice & Nectars"
    ],
    "categories": [
      {
        "code": "Beverages & Juices",
        "desc": "Beverages & Juices"
      }
    ],
    "subCategories": [
      {
        "code": "Juices & Refrigerated Drinks",
        "desc": "Juices & Refrigerated Drinks"
      }
    ],
    "brands": [],
    "price": {
      "basePrice": 3.74,
      "discountPrice": 3.74
    },
    "type": {
      "code": "Juice & Nectars",
      "desc": "Juice & Nectars"
    },
    "weight": "12 fl oz",
    "UpcCode": "01660433",
    "tax": 0.0,
    "spiceLevel": "",
    "aiselNo": "10",
    "store": "Market Basket",
    "weightType": "12 fl oz",
    "imageName": "X2780.jpg",
    "defaultImage": "X2780.jpg",
    "updatedTimestamp": "Jan 23, 2021 8:02:29 PM",
    "createdTimestamp": "Jan 23, 2021 8:02:29 PM",
    "isNewlyAdded": false,
    "isActive": true,
    "isDealsEnabled": false,
    "quantity": 0
  },
  {
    "id": 13840,
    "code": "Market Basket Fat Free Chocolate Pudding",
    "desc": "Market Basket Fat Free Chocolate Pudding",
    "shortDesc": "Market Basket Fat Free Chocolate Pudding",
    "tags": [
      "Refrigerated Pudding & Desserts"
    ],
    "categories": [
      {
        "code": "Breakfast & Dairy",
        "desc": "Breakfast & Dairy"
      }
    ],
    "subCategories": [
      {
        "code": "Dairy & Eggs",
        "desc": "Dairy & Eggs"
      }
    ],
    "brands": [
      {
        "code": "Market Basket",
        "desc": "Market Basket"
      }
    ],
    "price": {
      "basePrice": 1.29,
      "discountPrice": 1.29
    },
    "type": {
      "code": "Refrigerated Pudding & Desserts",
      "desc": "Refrigerated Pudding & Desserts"
    },
    "weight": "4 x 3.5 oz",
    "UpcCode": "",
    "tax": 0.0,
    "spiceLevel": "",
    "aiselNo": "19",
    "store": "Market Basket",
    "weightType": "4 x 3.5 oz",
    "imageName": "Market Basket.jpg",
    "defaultImage": "Market Basket.jpg",
    "updatedTimestamp": "Jan 23, 2021 8:02:30 PM",
    "createdTimestamp": "Jan 23, 2021 8:02:30 PM",
    "isNewlyAdded": false,
    "isActive": true,
    "isDealsEnabled": false,
    "quantity": 0
  },
  {
    "id": 14998,
    "code": "Market Basket Ibuprofen Coated Caplets 200 mg",
    "desc": "Market Basket Ibuprofen Coated Caplets 200 mg",
    "shortDesc": "Market Basket Ibuprofen Coated Caplets 200 mg",
    "tags": [
      "Muscles, Joints & Pain Relief"
    ],
    "categories": [
      {
        "code": "Personal Care",
        "desc": "Personal Care"
      }
    ],
    "subCategories": [
      {
        "code": "First Aid & Healthcare",
        "desc": "First Aid & Healthcare"
      }
    ],
    "brands": [
      {
        "code": "Market Basket",
        "desc": "Market Basket"
      }
    ],
    "price": {
      "basePrice": 2.86,
      "discountPrice": 2.86
    },
    "type": {
      "code": "Muscles, Joints & Pain Relief",
      "desc": "Muscles, Joints & Pain Relief"
    },
    "weight": "24 count",
    "UpcCode": "",
    "tax": 1.0,
    "spiceLevel": "",
    "aiselNo": "13",
    "store": "Market Basket",
    "weightType": "24 count",
    "imageName": "Market Basket.jpg",
    "defaultImage": "Market Basket.jpg",
    "updatedTimestamp": "Jan 23, 2021 8:02:30 PM",
    "createdTimestamp": "Jan 23, 2021 8:02:30 PM",
    "isNewlyAdded": false,
    "isActive": true,
    "isDealsEnabled": false,
    "quantity": 0
  },
  {
    "id": 5061,
    "code": "Keebler Sandies Cookies Pecan Shortbread",
    "desc": "Keebler Sandies Cookies Pecan Shortbread",
    "shortDesc": "Keebler Sandies Cookies Pecan Shortbread",
    "tags": [
      "Cookies & Cakes"
    ],
    "categories": [
      {
        "code": "Chips, Cookies & Snacks",
        "desc": "Chips, Cookies & Snacks"
      }
    ],
    "subCategories": [
      {
        "code": "Cookies & Crackers",
        "desc": "Cookies & Crackers"
      }
    ],
    "brands": [
      {
        "code": "Keebler",
        "desc": "Keebler"
      }
    ],
    "price": {
      "basePrice": 3.91,
      "discountPrice": 3.91
    },
    "type": {
      "code": "Cookies & Cakes",
      "desc": "Cookies & Cakes"
    },
    "weight": "11.3 oz",
    "UpcCode": "",
    "tax": 0.0,
    "spiceLevel": "",
    "aiselNo": "6",
    "store": "Market Basket",
    "weightType": "11.3 oz",
    "imageName": "1106.jpg",
    "defaultImage": "1106.jpg",
    "updatedTimestamp": "Jan 23, 2021 8:02:30 PM",
    "createdTimestamp": "Jan 23, 2021 8:02:30 PM",
    "isNewlyAdded": false,
    "isActive": true,
    "isDealsEnabled": false,
    "quantity": 0
  },
  {
    "id": 7293,
    "code": "McCormick GourmetÃ¢âÂ¢ Organic Ground Thyme",
    "desc": "McCormick GourmetÃ¢âÂ¢ Organic Ground Thyme",
    "shortDesc": "McCormick GourmetÃ¢âÂ¢ Organic Ground Thyme",
    "tags": [
      "Spices & Seasonings"
    ],
    "categories": [
      {
        "code": "Cooking Needs",
        "desc": "Cooking Needs"
      }
    ],
    "subCategories": [
      {
        "code": "Spices & Seasonings",
        "desc": "Spices & Seasonings"
      }
    ],
    "brands": [
      {
        "code": "McCormick",
        "desc": "McCormick"
      }
    ],
    "price": {
      "basePrice": 4.89,
      "discountPrice": 4.89
    },
    "type": {
      "code": "Spices & Seasonings",
      "desc": "Spices & Seasonings"
    },
    "weight": "1.25 oz",
    "UpcCode": "",
    "tax": 0.0,
    "spiceLevel": "",
    "aiselNo": "9",
    "store": "Market Basket",
    "weightType": "1.25 oz",
    "imageName": "2189.jpg",
    "defaultImage": "2189.jpg",
    "updatedTimestamp": "Jan 23, 2021 8:02:30 PM",
    "createdTimestamp": "Jan 23, 2021 8:02:30 PM",
    "isNewlyAdded": false,
    "isActive": true,
    "isDealsEnabled": false,
    "quantity": 0
  },
  {
    "id": 468,
    "code": "method laundry detergent ginger mango",
    "desc": "method laundry detergent ginger mango",
    "shortDesc": "method laundry detergent ginger mango",
    "tags": [
      "Laundry Detergent"
    ],
    "categories": [
      {
        "code": "Laundry & Paper Goods",
        "desc": "Laundry & Paper Goods"
      }
    ],
    "subCategories": [
      {
        "code": "Laundry",
        "desc": "Laundry"
      }
    ],
    "brands": [
      {
        "code": "Method",
        "desc": "Method"
      }
    ],
    "price": {
      "basePrice": 14.99,
      "discountPrice": 14.99
    },
    "type": {
      "code": "Laundry Detergent",
      "desc": "Laundry Detergent"
    },
    "weight": "1.58 L",
    "UpcCode": "",
    "tax": 1.0,
    "spiceLevel": "",
    "aiselNo": "15",
    "store": "Market Basket",
    "weightType": "1.58 L",
    "imageName": "No Image.jpg",
    "defaultImage": "No Image.jpg",
    "updatedTimestamp": "Jan 23, 2021 8:02:30 PM",
    "createdTimestamp": "Jan 23, 2021 8:02:30 PM",
    "isNewlyAdded": false,
    "isActive": true,
    "isDealsEnabled": false,
    "quantity": 0
  },
  {
    "id": 5117,
    "code": "Pepperidge Farm Pumpkin Cheesecake Soft Baked",
    "desc": "Pepperidge Farm Pumpkin Cheesecake Soft Baked",
    "shortDesc": "Pepperidge Farm Pumpkin Cheesecake Soft Baked",
    "tags": [
      "Cookies & Cakes"
    ],
    "categories": [
      {
        "code": "Chips, Cookies & Snacks",
        "desc": "Chips, Cookies & Snacks"
      }
    ],
    "subCategories": [
      {
        "code": "Cookies & Crackers",
        "desc": "Cookies & Crackers"
      }
    ],
    "brands": [
      {
        "code": "Pepperidge Farm",
        "desc": "Pepperidge Farm"
      }
    ],
    "price": {
      "basePrice": 4.69,
      "discountPrice": 4.69
    },
    "type": {
      "code": "Cookies & Cakes",
      "desc": "Cookies & Cakes"
    },
    "weight": "8.6 oz",
    "UpcCode": "",
    "tax": 0.0,
    "spiceLevel": "",
    "aiselNo": "6",
    "store": "Market Basket",
    "weightType": "8.6 oz",
    "imageName": "No Image.jpg",
    "defaultImage": "No Image.jpg",
    "updatedTimestamp": "Jan 23, 2021 8:02:30 PM",
    "createdTimestamp": "Jan 23, 2021 8:02:30 PM",
    "isNewlyAdded": false,
    "isActive": true,
    "isDealsEnabled": false,
    "quantity": 0
  },
  {
    "id": 14480,
    "code": "Starbucks Frappuccino Chilled Coffee Drink Mocha Light",
    "desc": "Starbucks Frappuccino Chilled Coffee Drink Mocha Light",
    "shortDesc": "Starbucks Frappuccino Chilled Coffee Drink Mocha Light",
    "tags": [
      "Coffee"
    ],
    "categories": [
      {
        "code": "Beverages & Juices",
        "desc": "Beverages & Juices"
      }
    ],
    "subCategories": [
      {
        "code": "Tea, Coffee, Milk & Coconut Water",
        "desc": "Tea, Coffee, Milk & Coconut Water"
      }
    ],
    "brands": [
      {
        "code": "StarBucks",
        "desc": "StarBucks"
      }
    ],
    "price": {
      "basePrice": 7.99,
      "discountPrice": 7.99
    },
    "type": {
      "code": "Coffee",
      "desc": "Coffee"
    },
    "weight": "4 x 9.5 oz",
    "UpcCode": "",
    "tax": 0.0,
    "spiceLevel": "",
    "aiselNo": "8",
    "store": "Market Basket",
    "weightType": "4 x 9.5 oz",
    "imageName": "3299.jpg",
    "defaultImage": "3299.jpg",
    "updatedTimestamp": "Jan 23, 2021 8:02:30 PM",
    "createdTimestamp": "Jan 23, 2021 8:02:30 PM",
    "isNewlyAdded": false,
    "isActive": true,
    "isDealsEnabled": false,
    "quantity": 0
  },
  {
    "id": 10191,
    "code": "Outshine Peach Fruit Bars",
    "desc": "Outshine Peach Fruit Bars",
    "shortDesc": "Outshine Peach Fruit Bars",
    "tags": [
      "Ice Cream & Ice"
    ],
    "categories": [
      {
        "code": "Frozen Food",
        "desc": "Frozen Food"
      }
    ],
    "subCategories": [
      {
        "code": "Ice Cream & Ice",
        "desc": "Ice Cream & Ice"
      }
    ],
    "brands": [
      {
        "code": "Outshine",
        "desc": "Outshine"
      }
    ],
    "price": {
      "basePrice": 3.09,
      "discountPrice": 3.09
    },
    "type": {
      "code": "Ice Cream & Ice",
      "desc": "Ice Cream & Ice"
    },
    "weight": "6 count",
    "UpcCode": "",
    "tax": 0.0,
    "spiceLevel": "",
    "aiselNo": "21",
    "store": "Market Basket",
    "weightType": "6 count",
    "imageName": "3164.jpg",
    "defaultImage": "3164.jpg",
    "updatedTimestamp": "Jan 23, 2021 8:02:30 PM",
    "createdTimestamp": "Jan 23, 2021 8:02:30 PM",
    "isNewlyAdded": false,
    "isActive": true,
    "isDealsEnabled": false,
    "quantity": 0
  },
  {
    "id": 9801,
    "code": "Dole Sliced Peaches",
    "desc": "Dole Sliced Peaches",
    "shortDesc": "Dole Sliced Peaches",
    "tags": [
      "Frozen Produce"
    ],
    "categories": [
      {
        "code": "Frozen Food",
        "desc": "Frozen Food"
      }
    ],
    "subCategories": [
      {
        "code": "Frozen Produce",
        "desc": "Frozen Produce"
      }
    ],
    "brands": [
      {
        "code": "Dole",
        "desc": "Dole"
      }
    ],
    "price": {
      "basePrice": 3.69,
      "discountPrice": 3.69
    },
    "type": {
      "code": "Frozen Produce",
      "desc": "Frozen Produce"
    },
    "weight": "16 oz",
    "UpcCode": "",
    "tax": 0.0,
    "spiceLevel": "",
    "aiselNo": "19",
    "store": "Market Basket",
    "weightType": "16 oz",
    "imageName": "2477.jpg",
    "defaultImage": "2477.jpg",
    "updatedTimestamp": "Jan 23, 2021 8:02:30 PM",
    "createdTimestamp": "Jan 23, 2021 8:02:30 PM",
    "isNewlyAdded": false,
    "isActive": true,
    "isDealsEnabled": false,
    "quantity": 0
  },
  {
    "id": 14574,
    "code": "Lipton Tea Bags Black Tea",
    "desc": "Lipton Tea Bags Black Tea",
    "shortDesc": "Lipton Tea Bags Black Tea",
    "tags": [
      "Tea"
    ],
    "categories": [
      {
        "code": "Breakfast & Dairy",
        "desc": "Breakfast & Dairy"
      }
    ],
    "subCategories": [
      {
        "code": "Tea & Coffee",
        "desc": "Tea & Coffee"
      }
    ],
    "brands": [
      {
        "code": "Lipton",
        "desc": "Lipton"
      }
    ],
    "price": {
      "basePrice": 5.49,
      "discountPrice": 5.49
    },
    "type": {
      "code": "Tea",
      "desc": "Tea"
    },
    "weight": "100 count",
    "UpcCode": "",
    "tax": 0.0,
    "spiceLevel": "",
    "aiselNo": "8",
    "store": "Market Basket",
    "weightType": "100 count",
    "imageName": "3488.jpg",
    "defaultImage": "3488.jpg",
    "updatedTimestamp": "Jan 23, 2021 8:02:30 PM",
    "createdTimestamp": "Jan 23, 2021 8:02:30 PM",
    "isNewlyAdded": false,
    "isActive": true,
    "isDealsEnabled": false,
    "quantity": 0
  },
  {
    "id": 4094,
    "code": "Market Basket Certified Angus Beef Boneless Chuck Roast",
    "desc": "Market Basket Certified Angus Beef Boneless Chuck Roast",
    "shortDesc": "Market Basket Certified Angus Beef Boneless Chuck Roast",
    "tags": [
      "Beef"
    ],
    "categories": [
      {
        "code": "Meat & Seafood",
        "desc": "Meat & Seafood"
      }
    ],
    "subCategories": [
      {
        "code": "Meat & Seafood Counter",
        "desc": "Meat & Seafood Counter"
      }
    ],
    "brands": [
      {
        "code": "Market Basket",
        "desc": "Market Basket"
      }
    ],
    "price": {
      "basePrice": 17.17,
      "discountPrice": 17.17
    },
    "type": {
      "code": "Beef",
      "desc": "Beef"
    },
    "weight": "Approx: 2.82 lb at $6.09/lb",
    "UpcCode": "",
    "tax": 0.0,
    "spiceLevel": "",
    "aiselNo": "22",
    "store": "Market Basket",
    "weightType": "Approx: 2.82 lb at $6.09/lb",
    "imageName": "Market Basket.jpg",
    "defaultImage": "Market Basket.jpg",
    "updatedTimestamp": "Jan 23, 2021 8:02:30 PM",
    "createdTimestamp": "Jan 23, 2021 8:02:30 PM",
    "isNewlyAdded": false,
    "isActive": true,
    "isDealsEnabled": false,
    "quantity": 0
  },
  {
    "id": 14346,
    "code": "Cafe Bustelo Espresso Ground Coffee",
    "desc": "Cafe Bustelo Espresso Ground Coffee",
    "shortDesc": "Cafe Bustelo Espresso Ground Coffee",
    "tags": [
      "Coffee"
    ],
    "categories": [
      {
        "code": "Breakfast & Dairy",
        "desc": "Breakfast & Dairy"
      }
    ],
    "subCategories": [
      {
        "code": "Tea & Coffee",
        "desc": "Tea & Coffee"
      }
    ],
    "brands": [
      {
        "code": "Cafe Bustelo",
        "desc": "Cafe Bustelo"
      }
    ],
    "price": {
      "basePrice": 5.49,
      "discountPrice": 5.49
    },
    "type": {
      "code": "Coffee",
      "desc": "Coffee"
    },
    "weight": "10 oz",
    "UpcCode": "",
    "tax": 0.0,
    "spiceLevel": "",
    "aiselNo": "8",
    "store": "Market Basket",
    "weightType": "10 oz",
    "imageName": "16286.jpg",
    "defaultImage": "16286.jpg",
    "updatedTimestamp": "Jan 23, 2021 8:02:30 PM",
    "createdTimestamp": "Jan 23, 2021 8:02:30 PM",
    "isNewlyAdded": false,
    "isActive": true,
    "isDealsEnabled": false,
    "quantity": 0
  },
  {
    "id": 14519,
    "code": "Bigelow Chamomile Mint",
    "desc": "Bigelow Chamomile Mint",
    "shortDesc": "Bigelow Chamomile Mint",
    "tags": [
      "Tea"
    ],
    "categories": [
      {
        "code": "Breakfast & Dairy",
        "desc": "Breakfast & Dairy"
      }
    ],
    "subCategories": [
      {
        "code": "Tea & Coffee",
        "desc": "Tea & Coffee"
      }
    ],
    "brands": [
      {
        "code": "Bigelow ",
        "desc": "Bigelow "
      }
    ],
    "price": {
      "basePrice": 2.49,
      "discountPrice": 2.49
    },
    "type": {
      "code": "Tea",
      "desc": "Tea"
    },
    "weight": "1.09 oz",
    "UpcCode": "",
    "tax": 0.0,
    "spiceLevel": "",
    "aiselNo": "8",
    "store": "Market Basket",
    "weightType": "1.09 oz",
    "imageName": "3414.jpg",
    "defaultImage": "3414.jpg",
    "updatedTimestamp": "Jan 23, 2021 8:02:30 PM",
    "createdTimestamp": "Jan 23, 2021 8:02:30 PM",
    "isNewlyAdded": false,
    "isActive": true,
    "isDealsEnabled": false,
    "quantity": 0
  },
  {
    "id": 7562,
    "code": "Pastene Artichoke Hearts Quartered & Marinated",
    "desc": "Pastene Artichoke Hearts Quartered & Marinated",
    "shortDesc": "Pastene Artichoke Hearts Quartered & Marinated",
    "tags": [
      "Canned & Jarred Vegetables"
    ],
    "categories": [
      {
        "code": "Cooking Needs",
        "desc": "Cooking Needs"
      }
    ],
    "subCategories": [
      {
        "code": "Canned Food",
        "desc": "Canned Food"
      }
    ],
    "brands": [
      {
        "code": "Pastene",
        "desc": "Pastene"
      }
    ],
    "price": {
      "basePrice": 7.99,
      "discountPrice": 7.99
    },
    "type": {
      "code": "Canned & Jarred Vegetables",
      "desc": "Canned & Jarred Vegetables"
    },
    "weight": "12 oz",
    "UpcCode": "",
    "tax": 0.0,
    "spiceLevel": "",
    "aiselNo": "9",
    "store": "Market Basket",
    "weightType": "12 oz",
    "imageName": "4980.jpg",
    "defaultImage": "4980.jpg",
    "updatedTimestamp": "Jan 23, 2021 8:02:30 PM",
    "createdTimestamp": "Jan 23, 2021 8:02:30 PM",
    "isNewlyAdded": false,
    "isActive": true,
    "isDealsEnabled": false,
    "quantity": 0
  },
  {
    "id": 10267,
    "code": "Weight Watchers English Toffee Crunch Ice Cream Bar",
    "desc": "Weight Watchers English Toffee Crunch Ice Cream Bar",
    "shortDesc": "Weight Watchers English Toffee Crunch Ice Cream Bar",
    "tags": [
      "Ice Cream & Ice"
    ],
    "categories": [
      {
        "code": "Frozen Food",
        "desc": "Frozen Food"
      }
    ],
    "subCategories": [
      {
        "code": "Ice Cream & Ice",
        "desc": "Ice Cream & Ice"
      }
    ],
    "brands": [
      {
        "code": "Weight Watchers",
        "desc": "Weight Watchers"
      }
    ],
    "price": {
      "basePrice": 5.99,
      "discountPrice": 5.99
    },
    "type": {
      "code": "Ice Cream & Ice",
      "desc": "Ice Cream & Ice"
    },
    "weight": "12 count",
    "UpcCode": "",
    "tax": 0.0,
    "spiceLevel": "",
    "aiselNo": "21",
    "store": "Market Basket",
    "weightType": "12 count",
    "imageName": "16094.jpg",
    "defaultImage": "16094.jpg",
    "updatedTimestamp": "Jan 23, 2021 8:02:30 PM",
    "createdTimestamp": "Jan 23, 2021 8:02:30 PM",
    "isNewlyAdded": false,
    "isActive": true,
    "isDealsEnabled": false,
    "quantity": 0
  },
  {
    "id": 5931,
    "code": "Loco Coffee Co. Maple Cold Brew Coffee + Maple Water",
    "desc": "Loco Coffee Co. Maple Cold Brew Coffee + Maple Water",
    "shortDesc": "Loco Coffee Co. Maple Cold Brew Coffee + Maple Water",
    "tags": [
      "Single To-Go Coffee"
    ],
    "categories": [
      {
        "code": "Beverages & Juices",
        "desc": "Beverages & Juices"
      }
    ],
    "subCategories": [
      {
        "code": "Tea, Coffee, Milk & Coconut Water",
        "desc": "Tea, Coffee, Milk & Coconut Water"
      }
    ],
    "brands": [
      {
        "code": "Loco Coffee Co.",
        "desc": "Loco Coffee Co."
      }
    ],
    "price": {
      "basePrice": 3.74,
      "discountPrice": 3.74
    },
    "type": {
      "code": "Single To-Go Coffee",
      "desc": "Single To-Go Coffee"
    },
    "weight": "12 fl oz",
    "UpcCode": "",
    "tax": 0.0,
    "spiceLevel": "",
    "aiselNo": "17",
    "store": "Market Basket",
    "weightType": "12 fl oz",
    "imageName": "No Image.jpg",
    "defaultImage": "No Image.jpg",
    "updatedTimestamp": "Jan 23, 2021 8:02:30 PM",
    "createdTimestamp": "Jan 23, 2021 8:02:30 PM",
    "isNewlyAdded": false,
    "isActive": true,
    "isDealsEnabled": false,
    "quantity": 0
  },
  {
    "id": 14427,
    "code": "Melitta Super Premium Coffee Filters #2 Natural Brown",
    "desc": "Melitta Super Premium Coffee Filters #2 Natural Brown",
    "shortDesc": "Melitta Super Premium Coffee Filters #2 Natural Brown",
    "tags": [
      "Coffee"
    ],
    "categories": [
      {
        "code": "Breakfast & Dairy",
        "desc": "Breakfast & Dairy"
      }
    ],
    "subCategories": [
      {
        "code": "Tea & Coffee",
        "desc": "Tea & Coffee"
      }
    ],
    "brands": [
      {
        "code": "Melitta",
        "desc": "Melitta"
      }
    ],
    "price": {
      "basePrice": 1.69,
      "discountPrice": 1.69
    },
    "type": {
      "code": "Coffee",
      "desc": "Coffee"
    },
    "weight": "40 count",
    "UpcCode": "",
    "tax": 0.0,
    "spiceLevel": "",
    "aiselNo": "8",
    "store": "Market Basket",
    "weightType": "40 count",
    "imageName": "3395.jpg",
    "defaultImage": "3395.jpg",
    "updatedTimestamp": "Jan 23, 2021 8:02:30 PM",
    "createdTimestamp": "Jan 23, 2021 8:02:30 PM",
    "isNewlyAdded": false,
    "isActive": true,
    "isDealsEnabled": false,
    "quantity": 0
  },
  {
    "id": 4101,
    "code": "Market Basket New York Sirloin Sirloin Boneless Rump Tips",
    "desc": "Market Basket New York Sirloin Sirloin Boneless Rump Tips",
    "shortDesc": "Market Basket New York Sirloin Sirloin Boneless Rump Tips",
    "tags": [
      "Beef"
    ],
    "categories": [
      {
        "code": "Meat & Seafood",
        "desc": "Meat & Seafood"
      }
    ],
    "subCategories": [
      {
        "code": "Meat & Seafood Counter",
        "desc": "Meat & Seafood Counter"
      }
    ],
    "brands": [
      {
        "code": "Market Basket",
        "desc": "Market Basket"
      }
    ],
    "price": {
      "basePrice": 10.39,
      "discountPrice": 10.39
    },
    "type": {
      "code": "Beef",
      "desc": "Beef"
    },
    "weight": "Approx: 1.21 lb at $8.59/lb",
    "UpcCode": "",
    "tax": 0.0,
    "spiceLevel": "",
    "aiselNo": "22",
    "store": "Market Basket",
    "weightType": "Approx: 1.21 lb at $8.59/lb",
    "imageName": "Market Basket.jpg",
    "defaultImage": "Market Basket.jpg",
    "updatedTimestamp": "Jan 23, 2021 8:02:30 PM",
    "createdTimestamp": "Jan 23, 2021 8:02:30 PM",
    "isNewlyAdded": false,
    "isActive": true,
    "isDealsEnabled": false,
    "quantity": 0
  },
  {
    "id": 15223,
    "code": "Market Basket Antiseptic Mouth Rinse",
    "desc": "Market Basket Antiseptic Mouth Rinse",
    "shortDesc": "Market Basket Antiseptic Mouth Rinse",
    "tags": [
      "Oral Hygiene"
    ],
    "categories": [
      {
        "code": "Personal Care",
        "desc": "Personal Care"
      }
    ],
    "subCategories": [
      {
        "code": "Personal Needs",
        "desc": "Personal Needs"
      }
    ],
    "brands": [
      {
        "code": "Market Basket",
        "desc": "Market Basket"
      }
    ],
    "price": {
      "basePrice": 2.29,
      "discountPrice": 2.29
    },
    "type": {
      "code": "Oral Hygiene",
      "desc": "Oral Hygiene"
    },
    "weight": "16.9 fl oz",
    "UpcCode": "",
    "tax": 1.0,
    "spiceLevel": "",
    "aiselNo": "13",
    "store": "Market Basket",
    "weightType": "16.9 fl oz",
    "imageName": "Market Basket.jpg",
    "defaultImage": "Market Basket.jpg",
    "updatedTimestamp": "Jan 23, 2021 8:02:30 PM",
    "createdTimestamp": "Jan 23, 2021 8:02:30 PM",
    "isNewlyAdded": false,
    "isActive": true,
    "isDealsEnabled": false,
    "quantity": 0
  },
  {
    "id": 7330,
    "code": "McCormick Onion Powder",
    "desc": "McCormick Onion Powder",
    "shortDesc": "McCormick Onion Powder",
    "tags": [
      "Spices & Seasonings"
    ],
    "categories": [
      {
        "code": "Cooking Needs",
        "desc": "Cooking Needs"
      }
    ],
    "subCategories": [
      {
        "code": "Spices & Seasonings",
        "desc": "Spices & Seasonings"
      }
    ],
    "brands": [
      {
        "code": "McCormick",
        "desc": "McCormick"
      }
    ],
    "price": {
      "basePrice": 6.09,
      "discountPrice": 6.09
    },
    "type": {
      "code": "Spices & Seasonings",
      "desc": "Spices & Seasonings"
    },
    "weight": "7.62 oz",
    "UpcCode": "",
    "tax": 0.0,
    "spiceLevel": "",
    "aiselNo": "9",
    "store": "Market Basket",
    "weightType": "7.62 oz",
    "imageName": "2158.jpg",
    "defaultImage": "2158.jpg",
    "updatedTimestamp": "Jan 23, 2021 8:02:30 PM",
    "createdTimestamp": "Jan 23, 2021 8:02:30 PM",
    "isNewlyAdded": false,
    "isActive": true,
    "isDealsEnabled": false,
    "quantity": 0
  },
  {
    "id": 9880,
    "code": "Market Basket Quick And Steamy Mixed Vegetables",
    "desc": "Market Basket Quick And Steamy Mixed Vegetables",
    "shortDesc": "Market Basket Quick And Steamy Mixed Vegetables",
    "tags": [
      "Frozen Produce"
    ],
    "categories": [
      {
        "code": "Frozen Food",
        "desc": "Frozen Food"
      }
    ],
    "subCategories": [
      {
        "code": "Frozen Produce",
        "desc": "Frozen Produce"
      }
    ],
    "brands": [
      {
        "code": "Market Basket",
        "desc": "Market Basket"
      }
    ],
    "price": {
      "basePrice": 1.29,
      "discountPrice": 1.29
    },
    "type": {
      "code": "Frozen Produce",
      "desc": "Frozen Produce"
    },
    "weight": "12 oz",
    "UpcCode": "",
    "tax": 0.0,
    "spiceLevel": "",
    "aiselNo": "19",
    "store": "Market Basket",
    "weightType": "12 oz",
    "imageName": "Market Basket.jpg",
    "defaultImage": "Market Basket.jpg",
    "updatedTimestamp": "Jan 23, 2021 8:02:30 PM",
    "createdTimestamp": "Jan 23, 2021 8:02:30 PM",
    "isNewlyAdded": false,
    "isActive": true,
    "isDealsEnabled": false,
    "quantity": 0
  },
  {
    "id": 6183,
    "code": "Schweppes Diet Ginger Ale",
    "desc": "Schweppes Diet Ginger Ale",
    "shortDesc": "Schweppes Diet Ginger Ale",
    "tags": [
      "Ginger Ale"
    ],
    "categories": [
      {
        "code": "Beverages & Juices",
        "desc": "Beverages & Juices"
      }
    ],
    "subCategories": [
      {
        "code": "Ginger Ale & Ginger Beer",
        "desc": "Ginger Ale & Ginger Beer"
      }
    ],
    "brands": [
      {
        "code": "Schweppes",
        "desc": "Schweppes"
      }
    ],
    "price": {
      "basePrice": 2.5,
      "discountPrice": 2.5
    },
    "type": {
      "code": "Ginger Ale",
      "desc": "Ginger Ale"
    },
    "weight": "2 L",
    "UpcCode": "",
    "tax": 0.0,
    "spiceLevel": "",
    "aiselNo": "17",
    "store": "Market Basket",
    "weightType": "2 L",
    "imageName": "16594.jpg",
    "defaultImage": "16594.jpg",
    "updatedTimestamp": "Jan 23, 2021 8:02:29 PM",
    "createdTimestamp": "Jan 23, 2021 8:02:29 PM",
    "isNewlyAdded": false,
    "isActive": true,
    "isDealsEnabled": false,
    "quantity": 0
  },
  {
    "id": 5990,
    "code": "Master of Mixes Margarita Mixer",
    "desc": "Master of Mixes Margarita Mixer",
    "shortDesc": "Master of Mixes Margarita Mixer",
    "tags": [
      "Cocoa & Drink Mixes"
    ],
    "categories": [
      {
        "code": "Beverages & Juices",
        "desc": "Beverages & Juices"
      }
    ],
    "subCategories": [
      {
        "code": "Cocoa & Drink Mixes",
        "desc": "Cocoa & Drink Mixes"
      }
    ],
    "brands": [
      {
        "code": "Master of Mixes",
        "desc": "Master of Mixes"
      }
    ],
    "price": {
      "basePrice": 7.49,
      "discountPrice": 7.49
    },
    "type": {
      "code": "Cocoa & Drink Mixes",
      "desc": "Cocoa & Drink Mixes"
    },
    "weight": "1.75 L",
    "UpcCode": "",
    "tax": 0.0,
    "spiceLevel": "",
    "aiselNo": "17",
    "store": "Market Basket",
    "weightType": "1.75 L",
    "imageName": "No Image.jpg",
    "defaultImage": "No Image.jpg",
    "updatedTimestamp": "Jan 23, 2021 8:02:29 PM",
    "createdTimestamp": "Jan 23, 2021 8:02:29 PM",
    "isNewlyAdded": false,
    "isActive": true,
    "isDealsEnabled": false,
    "quantity": 0
  },
  {
    "id": 152,
    "code": "Scott's Liquid Gold Wood Care, Fresh Almond Scent",
    "desc": "Scott's Liquid Gold Wood Care, Fresh Almond Scent",
    "shortDesc": "Scott's Liquid Gold Wood Care, Fresh Almond Scent",
    "tags": [
      "Other Cleaning Products"
    ],
    "categories": [
      {
        "code": "Kitchen & Cleaning",
        "desc": "Kitchen & Cleaning"
      }
    ],
    "subCategories": [
      {
        "code": "Cleaning Products",
        "desc": "Cleaning Products"
      }
    ],
    "brands": [
      {
        "code": "Scott's",
        "desc": "Scott's"
      }
    ],
    "price": {
      "basePrice": 5.49,
      "discountPrice": 5.49
    },
    "type": {
      "code": "Other Cleaning Products",
      "desc": "Other Cleaning Products"
    },
    "weight": "10 oz",
    "UpcCode": "",
    "tax": 1.0,
    "spiceLevel": "",
    "aiselNo": "15",
    "store": "Market Basket",
    "weightType": "10 oz",
    "imageName": "16814.jpg",
    "defaultImage": "16814.jpg",
    "updatedTimestamp": "Jan 23, 2021 8:02:30 PM",
    "createdTimestamp": "Jan 23, 2021 8:02:30 PM",
    "isNewlyAdded": false,
    "isActive": true,
    "isDealsEnabled": false,
    "quantity": 0
  },
  {
    "id": 5751,
    "code": "Larabar Gluten Free Cashew Cookie Fruit & Nut Bars",
    "desc": "Larabar Gluten Free Cashew Cookie Fruit & Nut Bars",
    "shortDesc": "Larabar Gluten Free Cashew Cookie Fruit & Nut Bars",
    "tags": [
      "Protien Bars"
    ],
    "categories": [
      {
        "code": "Breakfast & Dairy",
        "desc": "Breakfast & Dairy"
      }
    ],
    "subCategories": [
      {
        "code": "Bars & Pastries",
        "desc": "Bars & Pastries"
      }
    ],
    "brands": [
      {
        "code": "Larabar",
        "desc": "Larabar"
      }
    ],
    "price": {
      "basePrice": 24.39,
      "discountPrice": 24.39
    },
    "type": {
      "code": "Protien Bars",
      "desc": "Protien Bars"
    },
    "weight": "1.7 oz",
    "UpcCode": "",
    "tax": 0.0,
    "spiceLevel": "",
    "aiselNo": "3",
    "store": "Market Basket",
    "weightType": "1.7 oz",
    "imageName": "1315.jpg",
    "defaultImage": "1315.jpg",
    "updatedTimestamp": "Jan 23, 2021 8:02:30 PM",
    "createdTimestamp": "Jan 23, 2021 8:02:30 PM",
    "isNewlyAdded": false,
    "isActive": true,
    "isDealsEnabled": false,
    "quantity": 0
  },
  {
    "id": 8726,
    "code": "Easy Cheese Cheddar Cheese Snack",
    "desc": "Easy Cheese Cheddar Cheese Snack",
    "shortDesc": "Easy Cheese Cheddar Cheese Snack",
    "tags": [
      "Preserved Dips & Salsa"
    ],
    "categories": [
      {
        "code": "Condiments & Dressings",
        "desc": "Condiments & Dressings"
      }
    ],
    "subCategories": [
      {
        "code": "Preserved Dips & Spreads",
        "desc": "Preserved Dips & Spreads"
      }
    ],
    "brands": [
      {
        "code": "Easy Cheese",
        "desc": "Easy Cheese"
      }
    ],
    "price": {
      "basePrice": 4.39,
      "discountPrice": 4.39
    },
    "type": {
      "code": "Preserved Dips & Salsa",
      "desc": "Preserved Dips & Salsa"
    },
    "weight": "8 oz",
    "UpcCode": "",
    "tax": 0.0,
    "spiceLevel": "",
    "aiselNo": "1",
    "store": "Market Basket",
    "weightType": "8 oz",
    "imageName": "15608.jpg",
    "defaultImage": "15608.jpg",
    "updatedTimestamp": "Jan 23, 2021 8:02:30 PM",
    "createdTimestamp": "Jan 23, 2021 8:02:30 PM",
    "isNewlyAdded": false,
    "isActive": true,
    "isDealsEnabled": false,
    "quantity": 0
  },
  {
    "id": 6151,
    "code": "Mountain Dew Original",
    "desc": "Mountain Dew Original",
    "shortDesc": "Mountain Dew Original",
    "tags": [
      "Soft Drinks"
    ],
    "categories": [
      {
        "code": "Beverages & Juices",
        "desc": "Beverages & Juices"
      }
    ],
    "subCategories": [
      {
        "code": "Soft Drinks & Seltzers",
        "desc": "Soft Drinks & Seltzers"
      }
    ],
    "brands": [
      {
        "code": "Mountain Dew",
        "desc": "Mountain Dew"
      }
    ],
    "price": {
      "basePrice": 5.0,
      "discountPrice": 5.0
    },
    "type": {
      "code": "Soft Drinks",
      "desc": "Soft Drinks"
    },
    "weight": "6 x 16.9 fl oz",
    "UpcCode": "",
    "tax": 0.0,
    "spiceLevel": "",
    "aiselNo": "17",
    "store": "Market Basket",
    "weightType": "6 x 16.9 fl oz",
    "imageName": "3957.jpg",
    "defaultImage": "3957.jpg",
    "updatedTimestamp": "Jan 23, 2021 8:02:30 PM",
    "createdTimestamp": "Jan 23, 2021 8:02:30 PM",
    "isNewlyAdded": false,
    "isActive": true,
    "isDealsEnabled": false,
    "quantity": 0
  },
  {
    "id": 474,
    "code": "Seventh Generation Ultra Power Plus Laundry Detergent fresh CITRUS scent",
    "desc": "Seventh Generation Ultra Power Plus Laundry Detergent fresh CITRUS scent",
    "shortDesc": "Seventh Generation Ultra Power Plus Laundry Detergent fresh CITRUS scent",
    "tags": [
      "Laundry Detergent"
    ],
    "categories": [
      {
        "code": "Laundry & Paper Goods",
        "desc": "Laundry & Paper Goods"
      }
    ],
    "subCategories": [
      {
        "code": "Laundry",
        "desc": "Laundry"
      }
    ],
    "brands": [
      {
        "code": "Seventh Generation",
        "desc": "Seventh Generation"
      }
    ],
    "price": {
      "basePrice": 15.61,
      "discountPrice": 15.61
    },
    "type": {
      "code": "Laundry Detergent",
      "desc": "Laundry Detergent"
    },
    "weight": "95 fl oz",
    "UpcCode": "",
    "tax": 1.0,
    "spiceLevel": "",
    "aiselNo": "15",
    "store": "Market Basket",
    "weightType": "95 fl oz",
    "imageName": "No Image.jpg",
    "defaultImage": "No Image.jpg",
    "updatedTimestamp": "Jan 23, 2021 8:02:30 PM",
    "createdTimestamp": "Jan 23, 2021 8:02:30 PM",
    "isNewlyAdded": false,
    "isActive": true,
    "isDealsEnabled": false,
    "quantity": 0
  },
  {
    "id": 6779,
    "code": "Baker's Unsweetened 100% Cacao Baking Chocolate Bar",
    "desc": "Baker's Unsweetened 100% Cacao Baking Chocolate Bar",
    "shortDesc": "Baker's Unsweetened 100% Cacao Baking Chocolate Bar",
    "tags": [
      "Baking Ingredients"
    ],
    "categories": [
      {
        "code": "Cooking Needs",
        "desc": "Cooking Needs"
      }
    ],
    "subCategories": [
      {
        "code": "Baking & Cooking",
        "desc": "Baking & Cooking"
      }
    ],
    "brands": [
      {
        "code": "Baker's",
        "desc": "Baker's"
      }
    ],
    "price": {
      "basePrice": 2.49,
      "discountPrice": 2.49
    },
    "type": {
      "code": "Baking Ingredients",
      "desc": "Baking Ingredients"
    },
    "weight": "8 oz",
    "UpcCode": "",
    "tax": 0.0,
    "spiceLevel": "",
    "aiselNo": "8",
    "store": "Market Basket",
    "weightType": "8 oz",
    "imageName": "15725.jpg",
    "defaultImage": "15725.jpg",
    "updatedTimestamp": "Jan 23, 2021 8:02:30 PM",
    "createdTimestamp": "Jan 23, 2021 8:02:30 PM",
    "isNewlyAdded": false,
    "isActive": true,
    "isDealsEnabled": false,
    "quantity": 0
  },
  {
    "id": 14969,
    "code": "TopCare Calamine Topical Suspension Usp Skin Protectant Lotion",
    "desc": "TopCare Calamine Topical Suspension Usp Skin Protectant Lotion",
    "shortDesc": "TopCare Calamine Topical Suspension Usp Skin Protectant Lotion",
    "tags": [
      "First Aid"
    ],
    "categories": [
      {
        "code": "Personal Care",
        "desc": "Personal Care"
      }
    ],
    "subCategories": [
      {
        "code": "First Aid & Healthcare",
        "desc": "First Aid & Healthcare"
      }
    ],
    "brands": [
      {
        "code": "Topcare",
        "desc": "Topcare"
      }
    ],
    "price": {
      "basePrice": 4.24,
      "discountPrice": 4.24
    },
    "type": {
      "code": "First Aid",
      "desc": "First Aid"
    },
    "weight": "6 fl oz",
    "UpcCode": "",
    "tax": 1.0,
    "spiceLevel": "",
    "aiselNo": "13",
    "store": "Market Basket",
    "weightType": "6 fl oz",
    "imageName": "6535.jpg",
    "defaultImage": "6535.jpg",
    "updatedTimestamp": "Jan 23, 2021 8:02:30 PM",
    "createdTimestamp": "Jan 23, 2021 8:02:30 PM",
    "isNewlyAdded": false,
    "isActive": true,
    "isDealsEnabled": false,
    "quantity": 0
  },
  {
    "id": 4239,
    "code": "Plumrose Premium with Natural Juices Ham",
    "desc": "Plumrose Premium with Natural Juices Ham",
    "shortDesc": "Plumrose Premium with Natural Juices Ham",
    "tags": [
      "Ham"
    ],
    "categories": [
      {
        "code": "Meat & Seafood",
        "desc": "Meat & Seafood"
      }
    ],
    "subCategories": [
      {
        "code": "Packaged Meat & Seafood",
        "desc": "Packaged Meat & Seafood"
      }
    ],
    "brands": [
      {
        "code": "Plumrose",
        "desc": "Plumrose"
      }
    ],
    "price": {
      "basePrice": 4.29,
      "discountPrice": 4.29
    },
    "type": {
      "code": "Ham",
      "desc": "Ham"
    },
    "weight": "16 oz",
    "UpcCode": "",
    "tax": 0.0,
    "spiceLevel": "",
    "aiselNo": "22",
    "store": "Market Basket",
    "weightType": "16 oz",
    "imageName": "4095.jpg",
    "defaultImage": "4095.jpg",
    "updatedTimestamp": "Jan 23, 2021 8:02:30 PM",
    "createdTimestamp": "Jan 23, 2021 8:02:30 PM",
    "isNewlyAdded": false,
    "isActive": true,
    "isDealsEnabled": false,
    "quantity": 0
  },
  {
    "id": 15020,
    "code": "Degree Antiperspirant Deodorant Fresh",
    "desc": "Degree Antiperspirant Deodorant Fresh",
    "shortDesc": "Degree Antiperspirant Deodorant Fresh",
    "tags": [
      "Deodorants"
    ],
    "categories": [
      {
        "code": "Personal Care",
        "desc": "Personal Care"
      }
    ],
    "subCategories": [
      {
        "code": "Personal Needs",
        "desc": "Personal Needs"
      }
    ],
    "brands": [
      {
        "code": "Degree",
        "desc": "Degree"
      }
    ],
    "price": {
      "basePrice": 4.24,
      "discountPrice": 4.24
    },
    "type": {
      "code": "Deodorants",
      "desc": "Deodorants"
    },
    "weight": "2.6 oz",
    "UpcCode": "",
    "tax": 1.0,
    "spiceLevel": "",
    "aiselNo": "13",
    "store": "Market Basket",
    "weightType": "2.6 oz",
    "imageName": "6324.jpg",
    "defaultImage": "6324.jpg",
    "updatedTimestamp": "Jan 23, 2021 8:02:30 PM",
    "createdTimestamp": "Jan 23, 2021 8:02:30 PM",
    "isNewlyAdded": false,
    "isActive": true,
    "isDealsEnabled": false,
    "quantity": 0
  },
  {
    "id": 8046,
    "code": "Market Basket Chicken Noodle Condensed Soup",
    "desc": "Market Basket Chicken Noodle Condensed Soup",
    "shortDesc": "Market Basket Chicken Noodle Condensed Soup",
    "tags": [
      "Soup, Broth & Bouillon"
    ],
    "categories": [
      {
        "code": "Cooking Needs",
        "desc": "Cooking Needs"
      }
    ],
    "subCategories": [
      {
        "code": "Canned Food",
        "desc": "Canned Food"
      }
    ],
    "brands": [
      {
        "code": "Market Basket",
        "desc": "Market Basket"
      }
    ],
    "price": {
      "basePrice": 1.29,
      "discountPrice": 1.29
    },
    "type": {
      "code": "Soup, Broth & Bouillon",
      "desc": "Soup, Broth & Bouillon"
    },
    "weight": "10.75 oz",
    "UpcCode": "",
    "tax": 0.0,
    "spiceLevel": "",
    "aiselNo": "2",
    "store": "Market Basket",
    "weightType": "10.75 oz",
    "imageName": "Market Basket.jpg",
    "defaultImage": "Market Basket.jpg",
    "updatedTimestamp": "Jan 23, 2021 8:02:30 PM",
    "createdTimestamp": "Jan 23, 2021 8:02:30 PM",
    "isNewlyAdded": false,
    "isActive": true,
    "isDealsEnabled": false,
    "quantity": 0
  },
  {
    "id": 6239,
    "code": "Fever-Tree Elderflower Tonic Water",
    "desc": "Fever-Tree Elderflower Tonic Water",
    "shortDesc": "Fever-Tree Elderflower Tonic Water",
    "tags": [
      "Tonic Water"
    ],
    "categories": [
      {
        "code": "Beverages & Juices",
        "desc": "Beverages & Juices"
      }
    ],
    "subCategories": [
      {
        "code": "Water",
        "desc": "Water"
      }
    ],
    "brands": [
      {
        "code": "Fever-Tree",
        "desc": "Fever-Tree"
      }
    ],
    "price": {
      "basePrice": 7.49,
      "discountPrice": 7.49
    },
    "type": {
      "code": "Tonic Water",
      "desc": "Tonic Water"
    },
    "weight": "6.8 fl oz",
    "UpcCode": "",
    "tax": 0.0,
    "spiceLevel": "",
    "aiselNo": "11",
    "store": "Market Basket",
    "weightType": "6.8 fl oz",
    "imageName": "No Image.jpg",
    "defaultImage": "No Image.jpg",
    "updatedTimestamp": "Jan 23, 2021 8:02:30 PM",
    "createdTimestamp": "Jan 23, 2021 8:02:30 PM",
    "isNewlyAdded": false,
    "isActive": true,
    "isDealsEnabled": false,
    "quantity": 0
  },
  {
    "id": 4683,
    "code": "Roland White Crab Meat",
    "desc": "Roland White Crab Meat",
    "shortDesc": "Roland White Crab Meat",
    "tags": [
      "Canned Crabmeat"
    ],
    "categories": [
      {
        "code": "Meat & Seafood",
        "desc": "Meat & Seafood"
      }
    ],
    "subCategories": [
      {
        "code": "Canned Meat & Seafood",
        "desc": "Canned Meat & Seafood"
      }
    ],
    "brands": [
      {
        "code": "Roland",
        "desc": "Roland"
      }
    ],
    "price": {
      "basePrice": 4.89,
      "discountPrice": 4.89
    },
    "type": {
      "code": "Canned Crabmeat",
      "desc": "Canned Crabmeat"
    },
    "weight": "6 oz",
    "UpcCode": "",
    "tax": 0.0,
    "spiceLevel": "",
    "aiselNo": "2",
    "store": "Market Basket",
    "weightType": "6 oz",
    "imageName": "5246.jpg",
    "defaultImage": "5246.jpg",
    "updatedTimestamp": "Jan 23, 2021 8:02:30 PM",
    "createdTimestamp": "Jan 23, 2021 8:02:30 PM",
    "isNewlyAdded": false,
    "isActive": true,
    "isDealsEnabled": false,
    "quantity": 0
  },
  {
    "id": 5067,
    "code": "Lu Petit Ecolier 70% Cocoa Extra Dark Chocolate Biscuits",
    "desc": "Lu Petit Ecolier 70% Cocoa Extra Dark Chocolate Biscuits",
    "shortDesc": "Lu Petit Ecolier 70% Cocoa Extra Dark Chocolate Biscuits",
    "tags": [
      "Cookies & Cakes"
    ],
    "categories": [
      {
        "code": "Chips, Cookies & Snacks",
        "desc": "Chips, Cookies & Snacks"
      }
    ],
    "subCategories": [
      {
        "code": "Cookies & Crackers",
        "desc": "Cookies & Crackers"
      }
    ],
    "brands": [
      {
        "code": "Lu",
        "desc": "Lu"
      }
    ],
    "price": {
      "basePrice": 4.69,
      "discountPrice": 4.69
    },
    "type": {
      "code": "Cookies & Cakes",
      "desc": "Cookies & Cakes"
    },
    "weight": "5.29 oz",
    "UpcCode": "",
    "tax": 0.0,
    "spiceLevel": "",
    "aiselNo": "6",
    "store": "Market Basket",
    "weightType": "5.29 oz",
    "imageName": "15069.jpg",
    "defaultImage": "15069.jpg",
    "updatedTimestamp": "Jan 23, 2021 8:02:30 PM",
    "createdTimestamp": "Jan 23, 2021 8:02:30 PM",
    "isNewlyAdded": false,
    "isActive": true,
    "isDealsEnabled": false,
    "quantity": 0
  },
  {
    "id": 4352,
    "code": "Market Basket Previously Frozen 71/90 Count Cooked Shrimp",
    "desc": "Market Basket Previously Frozen 71/90 Count Cooked Shrimp",
    "shortDesc": "Market Basket Previously Frozen 71/90 Count Cooked Shrimp",
    "tags": [
      "Shrimp"
    ],
    "categories": [
      {
        "code": "Meat & Seafood",
        "desc": "Meat & Seafood"
      }
    ],
    "subCategories": [
      {
        "code": "Meat & Seafood Counter",
        "desc": "Meat & Seafood Counter"
      }
    ],
    "brands": [
      {
        "code": "Market Basket",
        "desc": "Market Basket"
      }
    ],
    "price": {
      "basePrice": 21.98,
      "discountPrice": 21.98
    },
    "type": {
      "code": "Shrimp",
      "desc": "Shrimp"
    },
    "weight": "Approx: 2.02 lb at $10.9/lb",
    "UpcCode": "",
    "tax": 0.0,
    "spiceLevel": "",
    "aiselNo": "22",
    "store": "Market Basket",
    "weightType": "Approx: 2.02 lb at $10.9/lb",
    "imageName": "Market Basket.jpg",
    "defaultImage": "Market Basket.jpg",
    "updatedTimestamp": "Jan 23, 2021 8:02:30 PM",
    "createdTimestamp": "Jan 23, 2021 8:02:30 PM",
    "isNewlyAdded": false,
    "isActive": true,
    "isDealsEnabled": false,
    "quantity": 0
  },
  {
    "id": 5318,
    "code": "Oreo Carrot Cake Flavored Cookie Family Size",
    "desc": "Oreo Carrot Cake Flavored Cookie Family Size",
    "shortDesc": "Oreo Carrot Cake Flavored Cookie Family Size",
    "tags": [
      "Cookies & Cakes"
    ],
    "categories": [
      {
        "code": "Chips, Cookies & Snacks",
        "desc": "Chips, Cookies & Snacks"
      }
    ],
    "subCategories": [
      {
        "code": "Cookies & Crackers",
        "desc": "Cookies & Crackers"
      }
    ],
    "brands": [
      {
        "code": "Oreo",
        "desc": "Oreo"
      }
    ],
    "price": {
      "basePrice": 5.47,
      "discountPrice": 5.47
    },
    "type": {
      "code": "Cookies & Cakes",
      "desc": "Cookies & Cakes"
    },
    "weight": "482 g",
    "UpcCode": "",
    "tax": 0.0,
    "spiceLevel": "",
    "aiselNo": "6",
    "store": "Market Basket",
    "weightType": "482 g",
    "imageName": "No Image.jpg",
    "defaultImage": "No Image.jpg",
    "updatedTimestamp": "Jan 23, 2021 8:02:30 PM",
    "createdTimestamp": "Jan 23, 2021 8:02:30 PM",
    "isNewlyAdded": false,
    "isActive": true,
    "isDealsEnabled": false,
    "quantity": 0
  },
  {
    "id": 5185,
    "code": "Keebler Chips Deluxe Peanut Butter Cup",
    "desc": "Keebler Chips Deluxe Peanut Butter Cup",
    "shortDesc": "Keebler Chips Deluxe Peanut Butter Cup",
    "tags": [
      "Crackers"
    ],
    "categories": [
      {
        "code": "Chips, Cookies & Snacks",
        "desc": "Chips, Cookies & Snacks"
      }
    ],
    "subCategories": [
      {
        "code": "Cookies & Crackers",
        "desc": "Cookies & Crackers"
      }
    ],
    "brands": [
      {
        "code": "Keebler",
        "desc": "Keebler"
      }
    ],
    "price": {
      "basePrice": 3.91,
      "discountPrice": 3.91
    },
    "type": {
      "code": "Crackers",
      "desc": "Crackers"
    },
    "weight": "11.6 oz",
    "UpcCode": "",
    "tax": 0.0,
    "spiceLevel": "",
    "aiselNo": "6",
    "store": "Market Basket",
    "weightType": "11.6 oz",
    "imageName": "No Image.jpg",
    "defaultImage": "No Image.jpg",
    "updatedTimestamp": "Jan 23, 2021 8:02:30 PM",
    "createdTimestamp": "Jan 23, 2021 8:02:30 PM",
    "isNewlyAdded": false,
    "isActive": true,
    "isDealsEnabled": false,
    "quantity": 0
  },
  {
    "id": 9227,
    "code": "Warm N Serv Artisan French White Rolls",
    "desc": "Warm N Serv Artisan French White Rolls",
    "shortDesc": "Warm N Serv Artisan French White Rolls",
    "tags": [
      "Frozen Breads & Doughs"
    ],
    "categories": [
      {
        "code": "Frozen Food",
        "desc": "Frozen Food"
      }
    ],
    "subCategories": [
      {
        "code": "Frozen Breakfast",
        "desc": "Frozen Breakfast"
      }
    ],
    "brands": [
      {
        "code": "Warm N Serv",
        "desc": "Warm N Serv"
      }
    ],
    "price": {
      "basePrice": 3.69,
      "discountPrice": 3.69
    },
    "type": {
      "code": "Frozen Breads & Doughs",
      "desc": "Frozen Breads & Doughs"
    },
    "weight": "22.8 oz",
    "UpcCode": "",
    "tax": 0.0,
    "spiceLevel": "",
    "aiselNo": "19",
    "store": "Market Basket",
    "weightType": "22.8 oz",
    "imageName": "2860.jpg",
    "defaultImage": "2860.jpg",
    "updatedTimestamp": "Jan 23, 2021 8:02:30 PM",
    "createdTimestamp": "Jan 23, 2021 8:02:30 PM",
    "isNewlyAdded": false,
    "isActive": true,
    "isDealsEnabled": false,
    "quantity": 0
  },
  {
    "id": 361,
    "code": "Large Rectangle Container",
    "desc": "Large Rectangle Container",
    "shortDesc": "Large Rectangle Container",
    "tags": [
      "Storage Containers"
    ],
    "categories": [
      {
        "code": "Kitchen & Cleaning",
        "desc": "Kitchen & Cleaning"
      }
    ],
    "subCategories": [
      {
        "code": "Food Storage & Kitchen Supplies",
        "desc": "Food Storage & Kitchen Supplies"
      }
    ],
    "brands": [
      {
        "code": "Store Brand",
        "desc": "Store Brand"
      }
    ],
    "price": {
      "basePrice": 3.49,
      "discountPrice": 3.49
    },
    "type": {
      "code": "Storage Containers",
      "desc": "Storage Containers"
    },
    "weight": "1 count",
    "UpcCode": "",
    "tax": 1.0,
    "spiceLevel": "",
    "aiselNo": "12",
    "store": "Market Basket",
    "weightType": "1 count",
    "imageName": "Market Basket.jpg",
    "defaultImage": "Market Basket.jpg",
    "updatedTimestamp": "Jan 23, 2021 8:02:30 PM",
    "createdTimestamp": "Jan 23, 2021 8:02:30 PM",
    "isNewlyAdded": false,
    "isActive": true,
    "isDealsEnabled": false,
    "quantity": 0
  },
  {
    "id": 10227,
    "code": "Stonyfield Organic Whole Milk Vanilla Fudge Swirl Frozen Yogurt",
    "desc": "Stonyfield Organic Whole Milk Vanilla Fudge Swirl Frozen Yogurt",
    "shortDesc": "Stonyfield Organic Whole Milk Vanilla Fudge Swirl Frozen Yogurt",
    "tags": [
      "Ice Cream & Ice"
    ],
    "categories": [
      {
        "code": "Frozen Food",
        "desc": "Frozen Food"
      }
    ],
    "subCategories": [
      {
        "code": "Ice Cream & Ice",
        "desc": "Ice Cream & Ice"
      }
    ],
    "brands": [
      {
        "code": "Stonyfield Organic",
        "desc": "Stonyfield Organic"
      }
    ],
    "price": {
      "basePrice": 3.69,
      "discountPrice": 3.69
    },
    "type": {
      "code": "Ice Cream & Ice",
      "desc": "Ice Cream & Ice"
    },
    "weight": "1 pint",
    "UpcCode": "",
    "tax": 0.0,
    "spiceLevel": "",
    "aiselNo": "21",
    "store": "Market Basket",
    "weightType": "1 pint",
    "imageName": "16193.jpg",
    "defaultImage": "16193.jpg",
    "updatedTimestamp": "Jan 23, 2021 8:02:30 PM",
    "createdTimestamp": "Jan 23, 2021 8:02:30 PM",
    "isNewlyAdded": false,
    "isActive": true,
    "isDealsEnabled": false,
    "quantity": 0
  },
  {
    "id": 7826,
    "code": "Bumble Bee Seasoned Sundried Tomato & Basil Sensations Tuna Medley",
    "desc": "Bumble Bee Seasoned Sundried Tomato & Basil Sensations Tuna Medley",
    "shortDesc": "Bumble Bee Seasoned Sundried Tomato & Basil Sensations Tuna Medley",
    "tags": [
      "Canned Meat & Seafood"
    ],
    "categories": [
      {
        "code": "Cooking Needs",
        "desc": "Cooking Needs"
      }
    ],
    "subCategories": [
      {
        "code": "Canned Food",
        "desc": "Canned Food"
      }
    ],
    "brands": [
      {
        "code": "Bumble Bee",
        "desc": "Bumble Bee"
      }
    ],
    "price": {
      "basePrice": 2.19,
      "discountPrice": 2.19
    },
    "type": {
      "code": "Canned Meat & Seafood",
      "desc": "Canned Meat & Seafood"
    },
    "weight": "4 oz",
    "UpcCode": "",
    "tax": 0.0,
    "spiceLevel": "",
    "aiselNo": "2",
    "store": "Market Basket",
    "weightType": "4 oz",
    "imageName": "5199.jpg",
    "defaultImage": "5199.jpg",
    "updatedTimestamp": "Jan 23, 2021 8:02:30 PM",
    "createdTimestamp": "Jan 23, 2021 8:02:30 PM",
    "isNewlyAdded": false,
    "isActive": true,
    "isDealsEnabled": false,
    "quantity": 0
  },
  {
    "id": 4295,
    "code": "Tempura Lobster",
    "desc": "Tempura Lobster",
    "shortDesc": "Tempura Lobster",
    "tags": [
      "Lobster"
    ],
    "categories": [
      {
        "code": "Meat & Seafood",
        "desc": "Meat & Seafood"
      }
    ],
    "subCategories": [
      {
        "code": "Meat & Seafood Counter",
        "desc": "Meat & Seafood Counter"
      }
    ],
    "brands": [
      {
        "code": "Market Basket",
        "desc": "Market Basket"
      }
    ],
    "price": {
      "basePrice": 4.09,
      "discountPrice": 4.09
    },
    "type": {
      "code": "Lobster",
      "desc": "Lobster"
    },
    "weight": "1 lb",
    "UpcCode": "",
    "tax": 0.0,
    "spiceLevel": "",
    "aiselNo": "22",
    "store": "Market Basket",
    "weightType": "1 lb",
    "imageName": "Market Basket.jpg",
    "defaultImage": "Market Basket.jpg",
    "updatedTimestamp": "Jan 23, 2021 8:02:30 PM",
    "createdTimestamp": "Jan 23, 2021 8:02:30 PM",
    "isNewlyAdded": false,
    "isActive": true,
    "isDealsEnabled": false,
    "quantity": 0
  },
  {
    "id": 6695,
    "code": "Atkins Protein Rich Meal Bar Peanut Butter Granola",
    "desc": "Atkins Protein Rich Meal Bar Peanut Butter Granola",
    "shortDesc": "Atkins Protein Rich Meal Bar Peanut Butter Granola",
    "tags": [
      "Protien Bars"
    ],
    "categories": [
      {
        "code": "Breakfast & Dairy",
        "desc": "Breakfast & Dairy"
      }
    ],
    "subCategories": [
      {
        "code": "Bars & Pastries",
        "desc": "Bars & Pastries"
      }
    ],
    "brands": [
      {
        "code": "Atkins",
        "desc": "Atkins"
      }
    ],
    "price": {
      "basePrice": 9.19,
      "discountPrice": 9.19
    },
    "type": {
      "code": "Protien Bars",
      "desc": "Protien Bars"
    },
    "weight": "8.5 oz",
    "UpcCode": "",
    "tax": 0.0,
    "spiceLevel": "",
    "aiselNo": "5",
    "store": "Market Basket",
    "weightType": "8.5 oz",
    "imageName": "17654.jpg",
    "defaultImage": "17654.jpg",
    "updatedTimestamp": "Jan 23, 2021 8:02:30 PM",
    "createdTimestamp": "Jan 23, 2021 8:02:30 PM",
    "isNewlyAdded": false,
    "isActive": true,
    "isDealsEnabled": false,
    "quantity": 0
  },
  {
    "id": 5181,
    "code": "Keebler Cheese & Peanut Butter Sandwich Crackers",
    "desc": "Keebler Cheese & Peanut Butter Sandwich Crackers",
    "shortDesc": "Keebler Cheese & Peanut Butter Sandwich Crackers",
    "tags": [
      "Crackers"
    ],
    "categories": [
      {
        "code": "Chips, Cookies & Snacks",
        "desc": "Chips, Cookies & Snacks"
      }
    ],
    "subCategories": [
      {
        "code": "Cookies & Crackers",
        "desc": "Cookies & Crackers"
      }
    ],
    "brands": [
      {
        "code": "Keebler",
        "desc": "Keebler"
      }
    ],
    "price": {
      "basePrice": 3.91,
      "discountPrice": 3.91
    },
    "type": {
      "code": "Crackers",
      "desc": "Crackers"
    },
    "weight": "11 oz",
    "UpcCode": "",
    "tax": 0.0,
    "spiceLevel": "",
    "aiselNo": "6",
    "store": "Market Basket",
    "weightType": "11 oz",
    "imageName": "No Image.jpg",
    "defaultImage": "No Image.jpg",
    "updatedTimestamp": "Jan 23, 2021 8:02:30 PM",
    "createdTimestamp": "Jan 23, 2021 8:02:30 PM",
    "isNewlyAdded": false,
    "isActive": true,
    "isDealsEnabled": false,
    "quantity": 0
  },
  {
    "id": 9148,
    "code": "Market Basket Fully Cooked Turkey Meatballs",
    "desc": "Market Basket Fully Cooked Turkey Meatballs",
    "shortDesc": "Market Basket Fully Cooked Turkey Meatballs",
    "tags": [
      "Frozen Appetizers & Sides"
    ],
    "categories": [
      {
        "code": "Frozen Food",
        "desc": "Frozen Food"
      }
    ],
    "subCategories": [
      {
        "code": "Frozen Dinners & Entrees",
        "desc": "Frozen Dinners & Entrees"
      }
    ],
    "brands": [
      {
        "code": "Market Basket",
        "desc": "Market Basket"
      }
    ],
    "price": {
      "basePrice": 7.09,
      "discountPrice": 7.09
    },
    "type": {
      "code": "Frozen Appetizers & Sides",
      "desc": "Frozen Appetizers & Sides"
    },
    "weight": "32 oz",
    "UpcCode": "",
    "tax": 0.0,
    "spiceLevel": "",
    "aiselNo": "18",
    "store": "Market Basket",
    "weightType": "32 oz",
    "imageName": "Market Basket.jpg",
    "defaultImage": "Market Basket.jpg",
    "updatedTimestamp": "Jan 23, 2021 8:02:30 PM",
    "createdTimestamp": "Jan 23, 2021 8:02:30 PM",
    "isNewlyAdded": false,
    "isActive": true,
    "isDealsEnabled": false,
    "quantity": 0
  },
  {
    "id": 6484,
    "code": "Teddie Premium Selection Honey Roasted Extra Large Virginia Peanuts",
    "desc": "Teddie Premium Selection Honey Roasted Extra Large Virginia Peanuts",
    "shortDesc": "Teddie Premium Selection Honey Roasted Extra Large Virginia Peanuts",
    "tags": [
      "Nuts, Seeds & Dried Fruit"
    ],
    "categories": [
      {
        "code": "Chips, Cookies & Snacks",
        "desc": "Chips, Cookies & Snacks"
      }
    ],
    "subCategories": [
      {
        "code": "Nuts, Seeds & Dried Fruit",
        "desc": "Nuts, Seeds & Dried Fruit"
      }
    ],
    "brands": [
      {
        "code": "Teddie Premium Selection",
        "desc": "Teddie Premium Selection"
      }
    ],
    "price": {
      "basePrice": 3.13,
      "discountPrice": 3.13
    },
    "type": {
      "code": "Nuts, Seeds & Dried Fruit",
      "desc": "Nuts, Seeds & Dried Fruit"
    },
    "weight": "9 oz",
    "UpcCode": "",
    "tax": 0.0,
    "spiceLevel": "",
    "aiselNo": "6",
    "store": "Market Basket",
    "weightType": "9 oz",
    "imageName": "No Image.jpg",
    "defaultImage": "No Image.jpg",
    "updatedTimestamp": "Jan 23, 2021 8:02:30 PM",
    "createdTimestamp": "Jan 23, 2021 8:02:30 PM",
    "isNewlyAdded": false,
    "isActive": true,
    "isDealsEnabled": false,
    "quantity": 0
  },
  {
    "id": 5255,
    "code": "LATE JULY Cantina Style White Corn Tortilla Chips",
    "desc": "LATE JULY Cantina Style White Corn Tortilla Chips",
    "shortDesc": "LATE JULY Cantina Style White Corn Tortilla Chips",
    "tags": [
      "Chips & Pretzels"
    ],
    "categories": [
      {
        "code": "Chips, Cookies & Snacks",
        "desc": "Chips, Cookies & Snacks"
      }
    ],
    "subCategories": [
      {
        "code": "Chips & Fruit Snacks",
        "desc": "Chips & Fruit Snacks"
      }
    ],
    "brands": [
      {
        "code": "LATE JULY",
        "desc": "LATE JULY"
      }
    ],
    "price": {
      "basePrice": 4.67,
      "discountPrice": 4.67
    },
    "type": {
      "code": "Chips & Pretzels",
      "desc": "Chips & Pretzels"
    },
    "weight": "9 oz",
    "UpcCode": "",
    "tax": 0.0,
    "spiceLevel": "",
    "aiselNo": "0",
    "store": "Market Basket",
    "weightType": "9 oz",
    "imageName": "No Image.jpg",
    "defaultImage": "No Image.jpg",
    "updatedTimestamp": "Jan 23, 2021 8:02:30 PM",
    "createdTimestamp": "Jan 23, 2021 8:02:30 PM",
    "isNewlyAdded": false,
    "isActive": true,
    "isDealsEnabled": false,
    "quantity": 0
  },
  {
    "id": 8225,
    "code": "Lea & Perrins Original Worcestershire Sauce",
    "desc": "Lea & Perrins Original Worcestershire Sauce",
    "shortDesc": "Lea & Perrins Original Worcestershire Sauce",
    "tags": [
      "Condiments"
    ],
    "categories": [
      {
        "code": "Condiments & Dressings",
        "desc": "Condiments & Dressings"
      }
    ],
    "subCategories": [
      {
        "code": "Marinades, Ketchup & Sauces",
        "desc": "Marinades, Ketchup & Sauces"
      }
    ],
    "brands": [
      {
        "code": "Lea & Perrins",
        "desc": "Lea & Perrins"
      }
    ],
    "price": {
      "basePrice": 3.69,
      "discountPrice": 3.69
    },
    "type": {
      "code": "Condiments",
      "desc": "Condiments"
    },
    "weight": "15 oz",
    "UpcCode": "",
    "tax": 0.0,
    "spiceLevel": "",
    "aiselNo": "2",
    "store": "Market Basket",
    "weightType": "15 oz",
    "imageName": "No Image.jpg",
    "defaultImage": "No Image.jpg",
    "updatedTimestamp": "Jan 23, 2021 8:02:30 PM",
    "createdTimestamp": "Jan 23, 2021 8:02:30 PM",
    "isNewlyAdded": false,
    "isActive": true,
    "isDealsEnabled": false,
    "quantity": 0
  },
  {
    "id": 6188,
    "code": "Schweppes Diet Ginger Ale",
    "desc": "Schweppes Diet Ginger Ale",
    "shortDesc": "Schweppes Diet Ginger Ale",
    "tags": [
      "Ginger Ale"
    ],
    "categories": [
      {
        "code": "Beverages & Juices",
        "desc": "Beverages & Juices"
      }
    ],
    "subCategories": [
      {
        "code": "Ginger Ale & Ginger Beer",
        "desc": "Ginger Ale & Ginger Beer"
      }
    ],
    "brands": [
      {
        "code": "Schweppes",
        "desc": "Schweppes"
      }
    ],
    "price": {
      "basePrice": 5.0,
      "discountPrice": 5.0
    },
    "type": {
      "code": "Ginger Ale",
      "desc": "Ginger Ale"
    },
    "weight": "6 x 16.9 fl oz",
    "UpcCode": "",
    "tax": 0.0,
    "spiceLevel": "",
    "aiselNo": "17",
    "store": "Market Basket",
    "weightType": "6 x 16.9 fl oz",
    "imageName": "No Image.jpg",
    "defaultImage": "No Image.jpg",
    "updatedTimestamp": "Jan 23, 2021 8:02:29 PM",
    "createdTimestamp": "Jan 23, 2021 8:02:29 PM",
    "isNewlyAdded": false,
    "isActive": true,
    "isDealsEnabled": false,
    "quantity": 0
  },
  {
    "id": 8513,
    "code": "Kernel Season's Movie Theater Butter",
    "desc": "Kernel Season's Movie Theater Butter",
    "shortDesc": "Kernel Season's Movie Theater Butter",
    "tags": [
      "Oils & Vinegars"
    ],
    "categories": [
      {
        "code": "Cooking Needs",
        "desc": "Cooking Needs"
      }
    ],
    "subCategories": [
      {
        "code": "Oils & Vinegars",
        "desc": "Oils & Vinegars"
      }
    ],
    "brands": [
      {
        "code": "Kernel Season's",
        "desc": "Kernel Season's"
      }
    ],
    "price": {
      "basePrice": 4.29,
      "discountPrice": 4.29
    },
    "type": {
      "code": "Oils & Vinegars",
      "desc": "Oils & Vinegars"
    },
    "weight": "13.75 fl oz",
    "UpcCode": "",
    "tax": 0.0,
    "spiceLevel": "",
    "aiselNo": "2",
    "store": "Market Basket",
    "weightType": "13.75 fl oz",
    "imageName": "15497.jpg",
    "defaultImage": "15497.jpg",
    "updatedTimestamp": "Jan 23, 2021 8:02:30 PM",
    "createdTimestamp": "Jan 23, 2021 8:02:30 PM",
    "isNewlyAdded": false,
    "isActive": true,
    "isDealsEnabled": false,
    "quantity": 0
  },
  {
    "id": 8051,
    "code": "Market Basket Fat Free Reduced Sodium Chicken Broth",
    "desc": "Market Basket Fat Free Reduced Sodium Chicken Broth",
    "shortDesc": "Market Basket Fat Free Reduced Sodium Chicken Broth",
    "tags": [
      "Soup, Broth & Bouillon"
    ],
    "categories": [
      {
        "code": "Cooking Needs",
        "desc": "Cooking Needs"
      }
    ],
    "subCategories": [
      {
        "code": "Canned Food",
        "desc": "Canned Food"
      }
    ],
    "brands": [
      {
        "code": "Market Basket",
        "desc": "Market Basket"
      }
    ],
    "price": {
      "basePrice": 1.29,
      "discountPrice": 1.29
    },
    "type": {
      "code": "Soup, Broth & Bouillon",
      "desc": "Soup, Broth & Bouillon"
    },
    "weight": "14.5 oz",
    "UpcCode": "",
    "tax": 0.0,
    "spiceLevel": "",
    "aiselNo": "2",
    "store": "Market Basket",
    "weightType": "14.5 oz",
    "imageName": "Market Basket.jpg",
    "defaultImage": "Market Basket.jpg",
    "updatedTimestamp": "Jan 23, 2021 8:02:30 PM",
    "createdTimestamp": "Jan 23, 2021 8:02:30 PM",
    "isNewlyAdded": false,
    "isActive": true,
    "isDealsEnabled": false,
    "quantity": 0
  },
  {
    "id": 12851,
    "code": "Muffin Town Blueberry Mini Muffins",
    "desc": "Muffin Town Blueberry Mini Muffins",
    "shortDesc": "Muffin Town Blueberry Mini Muffins",
    "tags": [
      "Muffin"
    ],
    "categories": [
      {
        "code": "Breakfast & Dairy",
        "desc": "Breakfast & Dairy"
      }
    ],
    "subCategories": [
      {
        "code": "Breads & Rolls",
        "desc": "Breads & Rolls"
      }
    ],
    "brands": [
      {
        "code": "Muffin Town",
        "desc": "Muffin Town"
      }
    ],
    "price": {
      "basePrice": 3.19,
      "discountPrice": 3.19
    },
    "type": {
      "code": "Muffin",
      "desc": "Muffin"
    },
    "weight": "12 oz",
    "UpcCode": "",
    "tax": 0.0,
    "spiceLevel": "",
    "aiselNo": "18",
    "store": "Market Basket",
    "weightType": "12 oz",
    "imageName": "17053.jpg",
    "defaultImage": "17053.jpg",
    "updatedTimestamp": "Jan 23, 2021 8:02:30 PM",
    "createdTimestamp": "Jan 23, 2021 8:02:30 PM",
    "isNewlyAdded": false,
    "isActive": true,
    "isDealsEnabled": false,
    "quantity": 0
  },
  {
    "id": 10039,
    "code": "Friendly's Premium Ice Cream Chocolate Chip",
    "desc": "Friendly's Premium Ice Cream Chocolate Chip",
    "shortDesc": "Friendly's Premium Ice Cream Chocolate Chip",
    "tags": [
      "Ice Cream & Ice"
    ],
    "categories": [
      {
        "code": "Frozen Food",
        "desc": "Frozen Food"
      }
    ],
    "subCategories": [
      {
        "code": "Ice Cream & Ice",
        "desc": "Ice Cream & Ice"
      }
    ],
    "brands": [
      {
        "code": "Friendly's",
        "desc": "Friendly's"
      }
    ],
    "price": {
      "basePrice": 3.69,
      "discountPrice": 3.69
    },
    "type": {
      "code": "Ice Cream & Ice",
      "desc": "Ice Cream & Ice"
    },
    "weight": "1.5 quart",
    "UpcCode": "",
    "tax": 0.0,
    "spiceLevel": "",
    "aiselNo": "21",
    "store": "Market Basket",
    "weightType": "1.5 quart",
    "imageName": "3057.jpg",
    "defaultImage": "3057.jpg",
    "updatedTimestamp": "Jan 23, 2021 8:02:30 PM",
    "createdTimestamp": "Jan 23, 2021 8:02:30 PM",
    "isNewlyAdded": false,
    "isActive": true,
    "isDealsEnabled": false,
    "quantity": 0
  },
  {
    "id": 7961,
    "code": "Campbell's Condensed Campbell's Condensed Healthy Request Cream of Chicken Soup",
    "desc": "Campbell's Condensed Campbell's Condensed Healthy Request Cream of Chicken Soup",
    "shortDesc": "Campbell's Condensed Campbell's Condensed Healthy Request Cream of Chicken Soup",
    "tags": [
      "Soup, Broth & Bouillon"
    ],
    "categories": [
      {
        "code": "Cooking Needs",
        "desc": "Cooking Needs"
      }
    ],
    "subCategories": [
      {
        "code": "Canned Food",
        "desc": "Canned Food"
      }
    ],
    "brands": [
      {
        "code": "Campbell's",
        "desc": "Campbell's"
      }
    ],
    "price": {
      "basePrice": 2.09,
      "discountPrice": 2.09
    },
    "type": {
      "code": "Soup, Broth & Bouillon",
      "desc": "Soup, Broth & Bouillon"
    },
    "weight": "10.5 oz",
    "UpcCode": "",
    "tax": 0.0,
    "spiceLevel": "",
    "aiselNo": "2",
    "store": "Market Basket",
    "weightType": "10.5 oz",
    "imageName": "5312.jpg",
    "defaultImage": "5312.jpg",
    "updatedTimestamp": "Jan 23, 2021 8:02:30 PM",
    "createdTimestamp": "Jan 23, 2021 8:02:30 PM",
    "isNewlyAdded": false,
    "isActive": true,
    "isDealsEnabled": false,
    "quantity": 0
  },
  {
    "id": 509,
    "code": "Tide Pods 3 in 1 Original Laundry Detergent",
    "desc": "Tide Pods 3 in 1 Original Laundry Detergent",
    "shortDesc": "Tide Pods 3 in 1 Original Laundry Detergent",
    "tags": [
      "Laundry Detergent"
    ],
    "categories": [
      {
        "code": "Laundry & Paper Goods",
        "desc": "Laundry & Paper Goods"
      }
    ],
    "subCategories": [
      {
        "code": "Laundry",
        "desc": "Laundry"
      }
    ],
    "brands": [
      {
        "code": "Tide",
        "desc": "Tide"
      }
    ],
    "price": {
      "basePrice": 8.11,
      "discountPrice": 8.11
    },
    "type": {
      "code": "Laundry Detergent",
      "desc": "Laundry Detergent"
    },
    "weight": "460 g",
    "UpcCode": "",
    "tax": 1.0,
    "spiceLevel": "",
    "aiselNo": "15",
    "store": "Market Basket",
    "weightType": "460 g",
    "imageName": "No Image.jpg",
    "defaultImage": "No Image.jpg",
    "updatedTimestamp": "Jan 23, 2021 8:02:30 PM",
    "createdTimestamp": "Jan 23, 2021 8:02:30 PM",
    "isNewlyAdded": false,
    "isActive": true,
    "isDealsEnabled": false,
    "quantity": 0
  },
  {
    "id": 8286,
    "code": "Cedar Hommus, Garlic",
    "desc": "Cedar Hommus, Garlic",
    "shortDesc": "Cedar Hommus, Garlic",
    "tags": [
      "Hommus"
    ],
    "categories": [
      {
        "code": "Condiments & Dressings",
        "desc": "Condiments & Dressings"
      }
    ],
    "subCategories": [
      {
        "code": "Fresh Dips & Tapenades",
        "desc": "Fresh Dips & Tapenades"
      }
    ],
    "brands": [
      {
        "code": "Cedar",
        "desc": "Cedar"
      }
    ],
    "price": {
      "basePrice": 3.69,
      "discountPrice": 3.69
    },
    "type": {
      "code": "Hommus",
      "desc": "Hommus"
    },
    "weight": "20 oz",
    "UpcCode": "",
    "tax": 0.0,
    "spiceLevel": "",
    "aiselNo": "1",
    "store": "Market Basket",
    "weightType": "20 oz",
    "imageName": "5501.jpg",
    "defaultImage": "5501.jpg",
    "updatedTimestamp": "Jan 23, 2021 8:02:30 PM",
    "createdTimestamp": "Jan 23, 2021 8:02:30 PM",
    "isNewlyAdded": false,
    "isActive": true,
    "isDealsEnabled": false,
    "quantity": 0
  },
  {
    "id": 4144,
    "code": "Market Basket Fresh Large Cod Fillets",
    "desc": "Market Basket Fresh Large Cod Fillets",
    "shortDesc": "Market Basket Fresh Large Cod Fillets",
    "tags": [
      "Codfish"
    ],
    "categories": [
      {
        "code": "Meat & Seafood",
        "desc": "Meat & Seafood"
      }
    ],
    "subCategories": [
      {
        "code": "Meat & Seafood Counter",
        "desc": "Meat & Seafood Counter"
      }
    ],
    "brands": [
      {
        "code": "Market Basket",
        "desc": "Market Basket"
      }
    ],
    "price": {
      "basePrice": 11.43,
      "discountPrice": 11.43
    },
    "type": {
      "code": "Codfish",
      "desc": "Codfish"
    },
    "weight": "Approx: 1.05 lb at $10.9/lb",
    "UpcCode": "",
    "tax": 0.0,
    "spiceLevel": "",
    "aiselNo": "22",
    "store": "Market Basket",
    "weightType": "Approx: 1.05 lb at $10.9/lb",
    "imageName": "4067.jpg",
    "defaultImage": "4067.jpg",
    "updatedTimestamp": "Jan 23, 2021 8:02:30 PM",
    "createdTimestamp": "Jan 23, 2021 8:02:30 PM",
    "isNewlyAdded": false,
    "isActive": true,
    "isDealsEnabled": false,
    "quantity": 0
  },
  {
    "id": 4856,
    "code": "Frito Lay's Flavor Mix Party Size 28 Pack",
    "desc": "Frito Lay's Flavor Mix Party Size 28 Pack",
    "shortDesc": "Frito Lay's Flavor Mix Party Size 28 Pack",
    "tags": [
      "Chips & Pretzels"
    ],
    "categories": [
      {
        "code": "Chips, Cookies & Snacks",
        "desc": "Chips, Cookies & Snacks"
      }
    ],
    "subCategories": [
      {
        "code": "Chips & Fruit Snacks",
        "desc": "Chips & Fruit Snacks"
      }
    ],
    "brands": [
      {
        "code": "Frito Lay's",
        "desc": "Frito Lay's"
      }
    ],
    "price": {
      "basePrice": 17.17,
      "discountPrice": 17.17
    },
    "type": {
      "code": "Chips & Pretzels",
      "desc": "Chips & Pretzels"
    },
    "weight": "28 x 1 oz",
    "UpcCode": "",
    "tax": 0.0,
    "spiceLevel": "",
    "aiselNo": "0",
    "store": "Market Basket",
    "weightType": "28 x 1 oz",
    "imageName": "No Image.jpg",
    "defaultImage": "No Image.jpg",
    "updatedTimestamp": "Jan 23, 2021 8:02:30 PM",
    "createdTimestamp": "Jan 23, 2021 8:02:30 PM",
    "isNewlyAdded": false,
    "isActive": true,
    "isDealsEnabled": false,
    "quantity": 0
  },
  {
    "id": 15001,
    "code": "TopCare Athlete's Foot Antifungal Clotrimazole Usp 1% Cream",
    "desc": "TopCare Athlete's Foot Antifungal Clotrimazole Usp 1% Cream",
    "shortDesc": "TopCare Athlete's Foot Antifungal Clotrimazole Usp 1% Cream",
    "tags": [
      "Muscles, Joints & Pain Relief"
    ],
    "categories": [
      {
        "code": "Personal Care",
        "desc": "Personal Care"
      }
    ],
    "subCategories": [
      {
        "code": "First Aid & Healthcare",
        "desc": "First Aid & Healthcare"
      }
    ],
    "brands": [
      {
        "code": "Topcare",
        "desc": "Topcare"
      }
    ],
    "price": {
      "basePrice": 5.62,
      "discountPrice": 5.62
    },
    "type": {
      "code": "Muscles, Joints & Pain Relief",
      "desc": "Muscles, Joints & Pain Relief"
    },
    "weight": "0.5 oz",
    "UpcCode": "",
    "tax": 1.0,
    "spiceLevel": "",
    "aiselNo": "13",
    "store": "Market Basket",
    "weightType": "0.5 oz",
    "imageName": "6638.jpg",
    "defaultImage": "6638.jpg",
    "updatedTimestamp": "Jan 23, 2021 8:02:30 PM",
    "createdTimestamp": "Jan 23, 2021 8:02:30 PM",
    "isNewlyAdded": false,
    "isActive": true,
    "isDealsEnabled": false,
    "quantity": 0
  },
  {
    "id": 7381,
    "code": "Spice Classics Celery Salt",
    "desc": "Spice Classics Celery Salt",
    "shortDesc": "Spice Classics Celery Salt",
    "tags": [
      "Spices & Seasonings"
    ],
    "categories": [
      {
        "code": "Cooking Needs",
        "desc": "Cooking Needs"
      }
    ],
    "subCategories": [
      {
        "code": "Spices & Seasonings",
        "desc": "Spices & Seasonings"
      }
    ],
    "brands": [
      {
        "code": "Spice Classics",
        "desc": "Spice Classics"
      }
    ],
    "price": {
      "basePrice": 1.29,
      "discountPrice": 1.29
    },
    "type": {
      "code": "Spices & Seasonings",
      "desc": "Spices & Seasonings"
    },
    "weight": "4 oz",
    "UpcCode": "",
    "tax": 0.0,
    "spiceLevel": "",
    "aiselNo": "9",
    "store": "Market Basket",
    "weightType": "4 oz",
    "imageName": "2263.jpg",
    "defaultImage": "2263.jpg",
    "updatedTimestamp": "Jan 23, 2021 8:02:30 PM",
    "createdTimestamp": "Jan 23, 2021 8:02:30 PM",
    "isNewlyAdded": false,
    "isActive": true,
    "isDealsEnabled": false,
    "quantity": 0
  },
  {
    "id": 5310,
    "code": "Newman's Own Hint O Mint Cookies",
    "desc": "Newman's Own Hint O Mint Cookies",
    "shortDesc": "Newman's Own Hint O Mint Cookies",
    "tags": [
      "Cookies & Cakes"
    ],
    "categories": [
      {
        "code": "Chips, Cookies & Snacks",
        "desc": "Chips, Cookies & Snacks"
      }
    ],
    "subCategories": [
      {
        "code": "Cookies & Crackers",
        "desc": "Cookies & Crackers"
      }
    ],
    "brands": [
      {
        "code": "Newman's Own",
        "desc": "Newman's Own"
      }
    ],
    "price": {
      "basePrice": 3.91,
      "discountPrice": 3.91
    },
    "type": {
      "code": "Cookies & Cakes",
      "desc": "Cookies & Cakes"
    },
    "weight": "8 oz",
    "UpcCode": "",
    "tax": 0.0,
    "spiceLevel": "",
    "aiselNo": "6",
    "store": "Market Basket",
    "weightType": "8 oz",
    "imageName": "No Image.jpg",
    "defaultImage": "No Image.jpg",
    "updatedTimestamp": "Jan 23, 2021 8:02:30 PM",
    "createdTimestamp": "Jan 23, 2021 8:02:30 PM",
    "isNewlyAdded": false,
    "isActive": true,
    "isDealsEnabled": false,
    "quantity": 0
  },
  {
    "id": 15016,
    "code": "Axe Deodorant Stick For Men Phoenix",
    "desc": "Axe Deodorant Stick For Men Phoenix",
    "shortDesc": "Axe Deodorant Stick For Men Phoenix",
    "tags": [
      "Deodorants"
    ],
    "categories": [
      {
        "code": "Personal Care",
        "desc": "Personal Care"
      }
    ],
    "subCategories": [
      {
        "code": "Personal Needs",
        "desc": "Personal Needs"
      }
    ],
    "brands": [
      {
        "code": "Axe",
        "desc": "Axe"
      }
    ],
    "price": {
      "basePrice": 7.0,
      "discountPrice": 7.0
    },
    "type": {
      "code": "Deodorants",
      "desc": "Deodorants"
    },
    "weight": "3 oz",
    "UpcCode": "",
    "tax": 1.0,
    "spiceLevel": "",
    "aiselNo": "13",
    "store": "Market Basket",
    "weightType": "3 oz",
    "imageName": "18131.jpg",
    "defaultImage": "18131.jpg",
    "updatedTimestamp": "Jan 23, 2021 8:02:30 PM",
    "createdTimestamp": "Jan 23, 2021 8:02:30 PM",
    "isNewlyAdded": false,
    "isActive": true,
    "isDealsEnabled": false,
    "quantity": 0
  },
  {
    "id": 7244,
    "code": "Market Basket Iodized Salt",
    "desc": "Market Basket Iodized Salt",
    "shortDesc": "Market Basket Iodized Salt",
    "tags": [
      "Spices & Seasonings"
    ],
    "categories": [
      {
        "code": "Cooking Needs",
        "desc": "Cooking Needs"
      }
    ],
    "subCategories": [
      {
        "code": "Spices & Seasonings",
        "desc": "Spices & Seasonings"
      }
    ],
    "brands": [
      {
        "code": "Market Basket",
        "desc": "Market Basket"
      }
    ],
    "price": {
      "basePrice": 0.79,
      "discountPrice": 0.79
    },
    "type": {
      "code": "Spices & Seasonings",
      "desc": "Spices & Seasonings"
    },
    "weight": "28 oz",
    "UpcCode": "",
    "tax": 0.0,
    "spiceLevel": "",
    "aiselNo": "9",
    "store": "Market Basket",
    "weightType": "28 oz",
    "imageName": "Market Basket.jpg",
    "defaultImage": "Market Basket.jpg",
    "updatedTimestamp": "Jan 23, 2021 8:02:30 PM",
    "createdTimestamp": "Jan 23, 2021 8:02:30 PM",
    "isNewlyAdded": false,
    "isActive": true,
    "isDealsEnabled": false,
    "quantity": 0
  },
  {
    "id": 3864,
    "code": "Thai Green Hot Peppers",
    "desc": "Thai Green Hot Peppers",
    "shortDesc": "Thai Green Hot Peppers",
    "tags": [
      "Hot Pepper"
    ],
    "categories": [
      {
        "code": "Fresh Produce",
        "desc": "Fresh Produce"
      }
    ],
    "subCategories": [
      {
        "code": "Fresh Vegetables",
        "desc": "Fresh Vegetables"
      }
    ],
    "brands": [
      {
        "code": "Market Basket",
        "desc": "Market Basket"
      }
    ],
    "price": {
      "basePrice": 6.59,
      "discountPrice": 6.59
    },
    "type": {
      "code": "Hot Pepper",
      "desc": "Hot Pepper"
    },
    "weight": "1 lb",
    "UpcCode": "",
    "tax": 0.0,
    "spiceLevel": "",
    "aiselNo": "20",
    "store": "Market Basket",
    "weightType": "1 lb",
    "imageName": "f204.jpg",
    "defaultImage": "f204.jpg",
    "updatedTimestamp": "Jan 23, 2021 8:02:30 PM",
    "createdTimestamp": "Jan 23, 2021 8:02:30 PM",
    "isNewlyAdded": false,
    "isActive": true,
    "isDealsEnabled": false,
    "quantity": 0
  },
  {
    "id": 513,
    "code": "Market Basket Laundry Detergent Mountain Scent",
    "desc": "Market Basket Laundry Detergent Mountain Scent",
    "shortDesc": "Market Basket Laundry Detergent Mountain Scent",
    "tags": [
      "Laundry Detergent"
    ],
    "categories": [
      {
        "code": "Laundry & Paper Goods",
        "desc": "Laundry & Paper Goods"
      }
    ],
    "subCategories": [
      {
        "code": "Laundry",
        "desc": "Laundry"
      }
    ],
    "brands": [
      {
        "code": "Market Basket",
        "desc": "Market Basket"
      }
    ],
    "price": {
      "basePrice": 3.74,
      "discountPrice": 3.74
    },
    "type": {
      "code": "Laundry Detergent",
      "desc": "Laundry Detergent"
    },
    "weight": "50 fl oz",
    "UpcCode": "",
    "tax": 1.0,
    "spiceLevel": "",
    "aiselNo": "15",
    "store": "Market Basket",
    "weightType": "50 fl oz",
    "imageName": "Market Basket.jpg",
    "defaultImage": "Market Basket.jpg",
    "updatedTimestamp": "Jan 23, 2021 8:02:30 PM",
    "createdTimestamp": "Jan 23, 2021 8:02:30 PM",
    "isNewlyAdded": false,
    "isActive": true,
    "isDealsEnabled": false,
    "quantity": 0
  },
  {
    "id": 13687,
    "code": "Galbani Marscarpone Mozzarella Fresca",
    "desc": "Galbani Marscarpone Mozzarella Fresca",
    "shortDesc": "Galbani Marscarpone Mozzarella Fresca",
    "tags": [
      "Packaged Cheese"
    ],
    "categories": [
      {
        "code": "Breakfast & Dairy",
        "desc": "Breakfast & Dairy"
      }
    ],
    "subCategories": [
      {
        "code": "Dairy & Eggs",
        "desc": "Dairy & Eggs"
      }
    ],
    "brands": [
      {
        "code": "Galbani",
        "desc": "Galbani"
      }
    ],
    "price": {
      "basePrice": 3.09,
      "discountPrice": 3.09
    },
    "type": {
      "code": "Packaged Cheese",
      "desc": "Packaged Cheese"
    },
    "weight": "8 oz",
    "UpcCode": "",
    "tax": 0.0,
    "spiceLevel": "",
    "aiselNo": "1",
    "store": "Market Basket",
    "weightType": "8 oz",
    "imageName": "151.jpg",
    "defaultImage": "151.jpg",
    "updatedTimestamp": "Jan 23, 2021 8:02:30 PM",
    "createdTimestamp": "Jan 23, 2021 8:02:30 PM",
    "isNewlyAdded": false,
    "isActive": true,
    "isDealsEnabled": false,
    "quantity": 0
  },
  {
    "id": 4311,
    "code": "Market Basket Boneless Pork Butts",
    "desc": "Market Basket Boneless Pork Butts",
    "shortDesc": "Market Basket Boneless Pork Butts",
    "tags": [
      "Pork"
    ],
    "categories": [
      {
        "code": "Meat & Seafood",
        "desc": "Meat & Seafood"
      }
    ],
    "subCategories": [
      {
        "code": "Meat & Seafood Counter",
        "desc": "Meat & Seafood Counter"
      }
    ],
    "brands": [
      {
        "code": "Market Basket",
        "desc": "Market Basket"
      }
    ],
    "price": {
      "basePrice": 6.67,
      "discountPrice": 6.67
    },
    "type": {
      "code": "Pork",
      "desc": "Pork"
    },
    "weight": "Approx: 2.39 lb at $2.79/lb",
    "UpcCode": "",
    "tax": 0.0,
    "spiceLevel": "",
    "aiselNo": "22",
    "store": "Market Basket",
    "weightType": "Approx: 2.39 lb at $2.79/lb",
    "imageName": "Market Basket.jpg",
    "defaultImage": "Market Basket.jpg",
    "updatedTimestamp": "Jan 23, 2021 8:02:30 PM",
    "createdTimestamp": "Jan 23, 2021 8:02:30 PM",
    "isNewlyAdded": false,
    "isActive": true,
    "isDealsEnabled": false,
    "quantity": 0
  },
  {
    "id": 6339,
    "code": "Polar Diet Orange Dry",
    "desc": "Polar Diet Orange Dry",
    "shortDesc": "Polar Diet Orange Dry",
    "tags": [
      "Soft Drinks"
    ],
    "categories": [
      {
        "code": "Beverages & Juices",
        "desc": "Beverages & Juices"
      }
    ],
    "subCategories": [
      {
        "code": "Soft Drinks & Seltzers",
        "desc": "Soft Drinks & Seltzers"
      }
    ],
    "brands": [
      {
        "code": "Polar",
        "desc": "Polar"
      }
    ],
    "price": {
      "basePrice": 2.11,
      "discountPrice": 2.11
    },
    "type": {
      "code": "Soft Drinks",
      "desc": "Soft Drinks"
    },
    "weight": "2 L",
    "UpcCode": "",
    "tax": 0.0,
    "spiceLevel": "",
    "aiselNo": "11",
    "store": "Market Basket",
    "weightType": "2 L",
    "imageName": "No Image.jpg",
    "defaultImage": "No Image.jpg",
    "updatedTimestamp": "Jan 23, 2021 8:02:30 PM",
    "createdTimestamp": "Jan 23, 2021 8:02:30 PM",
    "isNewlyAdded": false,
    "isActive": true,
    "isDealsEnabled": false,
    "quantity": 0
  },
  {
    "id": 3591,
    "code": "Radicchio",
    "desc": "Radicchio",
    "shortDesc": "Radicchio",
    "tags": [
      "Chicory"
    ],
    "categories": [
      {
        "code": "Fresh Produce",
        "desc": "Fresh Produce"
      }
    ],
    "subCategories": [
      {
        "code": "Fresh Vegetables",
        "desc": "Fresh Vegetables"
      }
    ],
    "brands": [
      {
        "code": "Market Basket",
        "desc": "Market Basket"
      }
    ],
    "price": {
      "basePrice": 8.79,
      "discountPrice": 8.79
    },
    "type": {
      "code": "Chicory",
      "desc": "Chicory"
    },
    "weight": "1 lb",
    "UpcCode": "",
    "tax": 0.0,
    "spiceLevel": "",
    "aiselNo": "20",
    "store": "Market Basket",
    "weightType": "1 lb",
    "imageName": "f176.jpg",
    "defaultImage": "f176.jpg",
    "updatedTimestamp": "Jan 23, 2021 8:02:30 PM",
    "createdTimestamp": "Jan 23, 2021 8:02:30 PM",
    "isNewlyAdded": false,
    "isActive": true,
    "isDealsEnabled": false,
    "quantity": 0
  },
  {
    "id": 3949,
    "code": "Chelsea Creek Farms Fingerling Potatoes",
    "desc": "Chelsea Creek Farms Fingerling Potatoes",
    "shortDesc": "Chelsea Creek Farms Fingerling Potatoes",
    "tags": [
      "Potato"
    ],
    "categories": [
      {
        "code": "Fresh Produce",
        "desc": "Fresh Produce"
      }
    ],
    "subCategories": [
      {
        "code": "Fresh Vegetables",
        "desc": "Fresh Vegetables"
      }
    ],
    "brands": [
      {
        "code": "Chelsea Creek Farms",
        "desc": "Chelsea Creek Farms"
      }
    ],
    "price": {
      "basePrice": 4.7,
      "discountPrice": 4.7
    },
    "type": {
      "code": "Potato",
      "desc": "Potato"
    },
    "weight": "24 oz",
    "UpcCode": "",
    "tax": 0.0,
    "spiceLevel": "",
    "aiselNo": "20",
    "store": "Market Basket",
    "weightType": "24 oz",
    "imageName": "FP61.jpg",
    "defaultImage": "FP61.jpg",
    "updatedTimestamp": "Jan 23, 2021 8:02:30 PM",
    "createdTimestamp": "Jan 23, 2021 8:02:30 PM",
    "isNewlyAdded": false,
    "isActive": true,
    "isDealsEnabled": false,
    "quantity": 0
  },
  {
    "id": 6025,
    "code": "Red Bull Sugar Free",
    "desc": "Red Bull Sugar Free",
    "shortDesc": "Red Bull Sugar Free",
    "tags": [
      "Energy & Sports Drinks"
    ],
    "categories": [
      {
        "code": "Beverages & Juices",
        "desc": "Beverages & Juices"
      }
    ],
    "subCategories": [
      {
        "code": "Energy & Sports Drinks",
        "desc": "Energy & Sports Drinks"
      }
    ],
    "brands": [
      {
        "code": "Red Bull",
        "desc": "Red Bull"
      }
    ],
    "price": {
      "basePrice": 3.13,
      "discountPrice": 3.13
    },
    "type": {
      "code": "Energy & Sports Drinks",
      "desc": "Energy & Sports Drinks"
    },
    "weight": "12 fl oz",
    "UpcCode": "",
    "tax": 0.0,
    "spiceLevel": "",
    "aiselNo": "17",
    "store": "Market Basket",
    "weightType": "12 fl oz",
    "imageName": "3741.jpg",
    "defaultImage": "3741.jpg",
    "updatedTimestamp": "Jan 23, 2021 8:02:29 PM",
    "createdTimestamp": "Jan 23, 2021 8:02:29 PM",
    "isNewlyAdded": false,
    "isActive": true,
    "isDealsEnabled": false,
    "quantity": 0
  },
  {
    "id": 6303,
    "code": "Poland Spring Sparkling Water, Black Cherry",
    "desc": "Poland Spring Sparkling Water, Black Cherry",
    "shortDesc": "Poland Spring Sparkling Water, Black Cherry",
    "tags": [
      "Sparkling Water"
    ],
    "categories": [
      {
        "code": "Beverages & Juices",
        "desc": "Beverages & Juices"
      }
    ],
    "subCategories": [
      {
        "code": "Water",
        "desc": "Water"
      }
    ],
    "brands": [
      {
        "code": "Poland Spring",
        "desc": "Poland Spring"
      }
    ],
    "price": {
      "basePrice": 3.74,
      "discountPrice": 3.74
    },
    "type": {
      "code": "Sparkling Water",
      "desc": "Sparkling Water"
    },
    "weight": "8 x 16.9 fl oz",
    "UpcCode": "",
    "tax": 0.0,
    "spiceLevel": "",
    "aiselNo": "11",
    "store": "Market Basket",
    "weightType": "8 x 16.9 fl oz",
    "imageName": "3238.jpg",
    "defaultImage": "3238.jpg",
    "updatedTimestamp": "Jan 23, 2021 8:02:30 PM",
    "createdTimestamp": "Jan 23, 2021 8:02:30 PM",
    "isNewlyAdded": false,
    "isActive": true,
    "isDealsEnabled": false,
    "quantity": 0
  },
  {
    "id": 5378,
    "code": "Schar Gluten Free Shortbread Cookies",
    "desc": "Schar Gluten Free Shortbread Cookies",
    "shortDesc": "Schar Gluten Free Shortbread Cookies",
    "tags": [
      "Cookies & Cakes"
    ],
    "categories": [
      {
        "code": "Chips, Cookies & Snacks",
        "desc": "Chips, Cookies & Snacks"
      }
    ],
    "subCategories": [
      {
        "code": "Cookies & Crackers",
        "desc": "Cookies & Crackers"
      }
    ],
    "brands": [
      {
        "code": "Schar",
        "desc": "Schar"
      }
    ],
    "price": {
      "basePrice": 6.23,
      "discountPrice": 6.23
    },
    "type": {
      "code": "Cookies & Cakes",
      "desc": "Cookies & Cakes"
    },
    "weight": "7.1 oz",
    "UpcCode": "",
    "tax": 0.0,
    "spiceLevel": "",
    "aiselNo": "6",
    "store": "Market Basket",
    "weightType": "7.1 oz",
    "imageName": "No Image.jpg",
    "defaultImage": "No Image.jpg",
    "updatedTimestamp": "Jan 23, 2021 8:02:30 PM",
    "createdTimestamp": "Jan 23, 2021 8:02:30 PM",
    "isNewlyAdded": false,
    "isActive": true,
    "isDealsEnabled": false,
    "quantity": 0
  },
  {
    "id": 3689,
    "code": "Orange",
    "desc": "Orange",
    "shortDesc": "Orange",
    "tags": [
      "Orange"
    ],
    "categories": [
      {
        "code": "Fresh Produce",
        "desc": "Fresh Produce"
      }
    ],
    "subCategories": [
      {
        "code": "Fresh Fruits",
        "desc": "Fresh Fruits"
      }
    ],
    "brands": [
      {
        "code": "Market Basket",
        "desc": "Market Basket"
      }
    ],
    "price": {
      "basePrice": 7.0,
      "discountPrice": 7.0
    },
    "type": {
      "code": "Orange",
      "desc": "Orange"
    },
    "weight": "1 count",
    "UpcCode": "",
    "tax": 0.0,
    "spiceLevel": "",
    "aiselNo": "20",
    "store": "Market Basket",
    "weightType": "1 count",
    "imageName": "14279.jpg",
    "defaultImage": "14279.jpg",
    "updatedTimestamp": "Jan 23, 2021 8:02:30 PM",
    "createdTimestamp": "Jan 23, 2021 8:02:30 PM",
    "isNewlyAdded": false,
    "isActive": true,
    "isDealsEnabled": false,
    "quantity": 0
  },
  {
    "id": 5296,
    "code": "Ritz Crisp & Thins 50% Less Fat Original With Creamy Onion & Sea Salt",
    "desc": "Ritz Crisp & Thins 50% Less Fat Original With Creamy Onion & Sea Salt",
    "shortDesc": "Ritz Crisp & Thins 50% Less Fat Original With Creamy Onion & Sea Salt",
    "tags": [
      "Crackers"
    ],
    "categories": [
      {
        "code": "Chips, Cookies & Snacks",
        "desc": "Chips, Cookies & Snacks"
      }
    ],
    "subCategories": [
      {
        "code": "Cookies & Crackers",
        "desc": "Cookies & Crackers"
      }
    ],
    "brands": [
      {
        "code": "Ritz",
        "desc": "Ritz"
      }
    ],
    "price": {
      "basePrice": 3.91,
      "discountPrice": 3.91
    },
    "type": {
      "code": "Crackers",
      "desc": "Crackers"
    },
    "weight": "7.1 oz",
    "UpcCode": "",
    "tax": 0.0,
    "spiceLevel": "",
    "aiselNo": "6",
    "store": "Market Basket",
    "weightType": "7.1 oz",
    "imageName": "No Image.jpg",
    "defaultImage": "No Image.jpg",
    "updatedTimestamp": "Jan 23, 2021 8:02:30 PM",
    "createdTimestamp": "Jan 23, 2021 8:02:30 PM",
    "isNewlyAdded": false,
    "isActive": true,
    "isDealsEnabled": false,
    "quantity": 0
  },
  {
    "id": 5932,
    "code": "Loco Coffee Co. Maple Cold Brew Coffee + Coconut Water",
    "desc": "Loco Coffee Co. Maple Cold Brew Coffee + Coconut Water",
    "shortDesc": "Loco Coffee Co. Maple Cold Brew Coffee + Coconut Water",
    "tags": [
      "Single To-Go Coffee"
    ],
    "categories": [
      {
        "code": "Beverages & Juices",
        "desc": "Beverages & Juices"
      }
    ],
    "subCategories": [
      {
        "code": "Tea, Coffee, Milk & Coconut Water",
        "desc": "Tea, Coffee, Milk & Coconut Water"
      }
    ],
    "brands": [
      {
        "code": "Loco Coffee Co.",
        "desc": "Loco Coffee Co."
      }
    ],
    "price": {
      "basePrice": 3.74,
      "discountPrice": 3.74
    },
    "type": {
      "code": "Single To-Go Coffee",
      "desc": "Single To-Go Coffee"
    },
    "weight": "12 fl oz",
    "UpcCode": "",
    "tax": 0.0,
    "spiceLevel": "",
    "aiselNo": "17",
    "store": "Market Basket",
    "weightType": "12 fl oz",
    "imageName": "No Image.jpg",
    "defaultImage": "No Image.jpg",
    "updatedTimestamp": "Jan 23, 2021 8:02:30 PM",
    "createdTimestamp": "Jan 23, 2021 8:02:30 PM",
    "isNewlyAdded": false,
    "isActive": true,
    "isDealsEnabled": false,
    "quantity": 0
  },
  {
    "id": 3762,
    "code": "Rosemary",
    "desc": "Rosemary",
    "shortDesc": "Rosemary",
    "tags": [
      "Rosemary"
    ],
    "categories": [
      {
        "code": "Fresh Produce",
        "desc": "Fresh Produce"
      }
    ],
    "subCategories": [
      {
        "code": "Fresh Herbs",
        "desc": "Fresh Herbs"
      }
    ],
    "brands": [
      {
        "code": "Market Basket",
        "desc": "Market Basket"
      }
    ],
    "price": {
      "basePrice": 4.7,
      "discountPrice": 4.7
    },
    "type": {
      "code": "Rosemary",
      "desc": "Rosemary"
    },
    "weight": "1 oz container",
    "UpcCode": "",
    "tax": 0.0,
    "spiceLevel": "",
    "aiselNo": "20",
    "store": "Market Basket",
    "weightType": "1 oz container",
    "imageName": "14552.jpg",
    "defaultImage": "14552.jpg",
    "updatedTimestamp": "Jan 23, 2021 8:02:30 PM",
    "createdTimestamp": "Jan 23, 2021 8:02:30 PM",
    "isNewlyAdded": false,
    "isActive": true,
    "isDealsEnabled": false,
    "quantity": 0
  },
  {
    "id": 7767,
    "code": "Goya Small White Beans",
    "desc": "Goya Small White Beans",
    "shortDesc": "Goya Small White Beans",
    "tags": [
      "Canned Meals & Beans"
    ],
    "categories": [
      {
        "code": "Cooking Needs",
        "desc": "Cooking Needs"
      }
    ],
    "subCategories": [
      {
        "code": "Canned Food",
        "desc": "Canned Food"
      }
    ],
    "brands": [
      {
        "code": "Goya",
        "desc": "Goya"
      }
    ],
    "price": {
      "basePrice": 1.29,
      "discountPrice": 1.29
    },
    "type": {
      "code": "Canned Meals & Beans",
      "desc": "Canned Meals & Beans"
    },
    "weight": "15.5 oz",
    "UpcCode": "",
    "tax": 0.0,
    "spiceLevel": "",
    "aiselNo": "7",
    "store": "Market Basket",
    "weightType": "15.5 oz",
    "imageName": "5110.jpg",
    "defaultImage": "5110.jpg",
    "updatedTimestamp": "Jan 23, 2021 8:02:30 PM",
    "createdTimestamp": "Jan 23, 2021 8:02:30 PM",
    "isNewlyAdded": false,
    "isActive": true,
    "isDealsEnabled": false,
    "quantity": 0
  },
  {
    "id": 7997,
    "code": "Emeril's Organic Beef Stock",
    "desc": "Emeril's Organic Beef Stock",
    "shortDesc": "Emeril's Organic Beef Stock",
    "tags": [
      "Soup, Broth & Bouillon"
    ],
    "categories": [
      {
        "code": "Cooking Needs",
        "desc": "Cooking Needs"
      }
    ],
    "subCategories": [
      {
        "code": "Canned Food",
        "desc": "Canned Food"
      }
    ],
    "brands": [
      {
        "code": "Emeril's",
        "desc": "Emeril's"
      }
    ],
    "price": {
      "basePrice": 3.09,
      "discountPrice": 3.09
    },
    "type": {
      "code": "Soup, Broth & Bouillon",
      "desc": "Soup, Broth & Bouillon"
    },
    "weight": "32 oz",
    "UpcCode": "",
    "tax": 0.0,
    "spiceLevel": "",
    "aiselNo": "2",
    "store": "Market Basket",
    "weightType": "32 oz",
    "imageName": "17239.jpg",
    "defaultImage": "17239.jpg",
    "updatedTimestamp": "Jan 23, 2021 8:02:30 PM",
    "createdTimestamp": "Jan 23, 2021 8:02:30 PM",
    "isNewlyAdded": false,
    "isActive": true,
    "isDealsEnabled": false,
    "quantity": 0
  },
  {
    "id": 5707,
    "code": "Balance Bar Nutrition Bar Mocha Chip",
    "desc": "Balance Bar Nutrition Bar Mocha Chip",
    "shortDesc": "Balance Bar Nutrition Bar Mocha Chip",
    "tags": [
      "Protien Bars"
    ],
    "categories": [
      {
        "code": "Breakfast & Dairy",
        "desc": "Breakfast & Dairy"
      }
    ],
    "subCategories": [
      {
        "code": "Bars & Pastries",
        "desc": "Bars & Pastries"
      }
    ],
    "brands": [
      {
        "code": "Balance Bar",
        "desc": "Balance Bar"
      }
    ],
    "price": {
      "basePrice": 1.29,
      "discountPrice": 1.29
    },
    "type": {
      "code": "Protien Bars",
      "desc": "Protien Bars"
    },
    "weight": "1.76 oz",
    "UpcCode": "",
    "tax": 0.0,
    "spiceLevel": "",
    "aiselNo": "3",
    "store": "Market Basket",
    "weightType": "1.76 oz",
    "imageName": "15251.jpg",
    "defaultImage": "15251.jpg",
    "updatedTimestamp": "Jan 23, 2021 8:02:30 PM",
    "createdTimestamp": "Jan 23, 2021 8:02:30 PM",
    "isNewlyAdded": false,
    "isActive": true,
    "isDealsEnabled": false,
    "quantity": 0
  },
  {
    "id": 5276,
    "code": "Good Health Organic Baked Cheese Fries Cheddar",
    "desc": "Good Health Organic Baked Cheese Fries Cheddar",
    "shortDesc": "Good Health Organic Baked Cheese Fries Cheddar",
    "tags": [
      "Chips & Pretzels"
    ],
    "categories": [
      {
        "code": "Chips, Cookies & Snacks",
        "desc": "Chips, Cookies & Snacks"
      }
    ],
    "subCategories": [
      {
        "code": "Chips & Fruit Snacks",
        "desc": "Chips & Fruit Snacks"
      }
    ],
    "brands": [
      {
        "code": "Good Health",
        "desc": "Good Health"
      }
    ],
    "price": {
      "basePrice": 3.13,
      "discountPrice": 3.13
    },
    "type": {
      "code": "Chips & Pretzels",
      "desc": "Chips & Pretzels"
    },
    "weight": "5.5 oz",
    "UpcCode": "",
    "tax": 0.0,
    "spiceLevel": "",
    "aiselNo": "0",
    "store": "Market Basket",
    "weightType": "5.5 oz",
    "imageName": "No Image.jpg",
    "defaultImage": "No Image.jpg",
    "updatedTimestamp": "Jan 23, 2021 8:02:30 PM",
    "createdTimestamp": "Jan 23, 2021 8:02:30 PM",
    "isNewlyAdded": false,
    "isActive": true,
    "isDealsEnabled": false,
    "quantity": 0
  },
  {
    "id": 13712,
    "code": "La Ricura Ricura Hard Cheese",
    "desc": "La Ricura Ricura Hard Cheese",
    "shortDesc": "La Ricura Ricura Hard Cheese",
    "tags": [
      "Packaged Cheese"
    ],
    "categories": [
      {
        "code": "Breakfast & Dairy",
        "desc": "Breakfast & Dairy"
      }
    ],
    "subCategories": [
      {
        "code": "Dairy & Eggs",
        "desc": "Dairy & Eggs"
      }
    ],
    "brands": [
      {
        "code": "La Ricura",
        "desc": "La Ricura"
      }
    ],
    "price": {
      "basePrice": 8.59,
      "discountPrice": 8.59
    },
    "type": {
      "code": "Packaged Cheese",
      "desc": "Packaged Cheese"
    },
    "weight": "14 oz",
    "UpcCode": "",
    "tax": 0.0,
    "spiceLevel": "",
    "aiselNo": "1",
    "store": "Market Basket",
    "weightType": "14 oz",
    "imageName": "Market Basket.jpg",
    "defaultImage": "Market Basket.jpg",
    "updatedTimestamp": "Jan 23, 2021 8:02:30 PM",
    "createdTimestamp": "Jan 23, 2021 8:02:30 PM",
    "isNewlyAdded": false,
    "isActive": true,
    "isDealsEnabled": false,
    "quantity": 0
  },
  {
    "id": 13204,
    "code": "King Arthur Flour All Purpose Baking Mix Gluten Free",
    "desc": "King Arthur Flour All Purpose Baking Mix Gluten Free",
    "shortDesc": "King Arthur Flour All Purpose Baking Mix Gluten Free",
    "tags": [
      "Baking Mix"
    ],
    "categories": [
      {
        "code": "Cooking Needs",
        "desc": "Cooking Needs"
      }
    ],
    "subCategories": [
      {
        "code": "Baking & Cooking",
        "desc": "Baking & Cooking"
      }
    ],
    "brands": [
      {
        "code": "King Arthur Flour",
        "desc": "King Arthur Flour"
      }
    ],
    "price": {
      "basePrice": 7.39,
      "discountPrice": 7.39
    },
    "type": {
      "code": "Baking Mix",
      "desc": "Baking Mix"
    },
    "weight": "24 oz",
    "UpcCode": "",
    "tax": 0.0,
    "spiceLevel": "",
    "aiselNo": "5",
    "store": "Market Basket",
    "weightType": "24 oz",
    "imageName": "17632.jpg",
    "defaultImage": "17632.jpg",
    "updatedTimestamp": "Jan 23, 2021 8:02:30 PM",
    "createdTimestamp": "Jan 23, 2021 8:02:30 PM",
    "isNewlyAdded": false,
    "isActive": true,
    "isDealsEnabled": false,
    "quantity": 0
  },
  {
    "id": 14359,
    "code": "Dunkin' Donuts Medium Roast Ground Coffee 100% Colombian",
    "desc": "Dunkin' Donuts Medium Roast Ground Coffee 100% Colombian",
    "shortDesc": "Dunkin' Donuts Medium Roast Ground Coffee 100% Colombian",
    "tags": [
      "Coffee"
    ],
    "categories": [
      {
        "code": "Breakfast & Dairy",
        "desc": "Breakfast & Dairy"
      }
    ],
    "subCategories": [
      {
        "code": "Tea & Coffee",
        "desc": "Tea & Coffee"
      }
    ],
    "brands": [
      {
        "code": "Dunkin' Donuts",
        "desc": "Dunkin' Donuts"
      }
    ],
    "price": {
      "basePrice": 8.59,
      "discountPrice": 8.59
    },
    "type": {
      "code": "Coffee",
      "desc": "Coffee"
    },
    "weight": "11 oz",
    "UpcCode": "",
    "tax": 0.0,
    "spiceLevel": "",
    "aiselNo": "8",
    "store": "Market Basket",
    "weightType": "11 oz",
    "imageName": "3382.jpg",
    "defaultImage": "3382.jpg",
    "updatedTimestamp": "Jan 23, 2021 8:02:30 PM",
    "createdTimestamp": "Jan 23, 2021 8:02:30 PM",
    "isNewlyAdded": false,
    "isActive": true,
    "isDealsEnabled": false,
    "quantity": 0
  },
  {
    "id": 6839,
    "code": "Florida Crystals Raw Cane Sugar",
    "desc": "Florida Crystals Raw Cane Sugar",
    "shortDesc": "Florida Crystals Raw Cane Sugar",
    "tags": [
      "Baking Ingredients"
    ],
    "categories": [
      {
        "code": "Cooking Needs",
        "desc": "Cooking Needs"
      }
    ],
    "subCategories": [
      {
        "code": "Baking & Cooking",
        "desc": "Baking & Cooking"
      }
    ],
    "brands": [
      {
        "code": "Florida Crystals",
        "desc": "Florida Crystals"
      }
    ],
    "price": {
      "basePrice": 3.09,
      "discountPrice": 3.09
    },
    "type": {
      "code": "Baking Ingredients",
      "desc": "Baking Ingredients"
    },
    "weight": "2 lb",
    "UpcCode": "",
    "tax": 0.0,
    "spiceLevel": "",
    "aiselNo": "8",
    "store": "Market Basket",
    "weightType": "2 lb",
    "imageName": "15716.jpg",
    "defaultImage": "15716.jpg",
    "updatedTimestamp": "Jan 23, 2021 8:02:30 PM",
    "createdTimestamp": "Jan 23, 2021 8:02:30 PM",
    "isNewlyAdded": false,
    "isActive": true,
    "isDealsEnabled": false,
    "quantity": 0
  },
  {
    "id": 5130,
    "code": "Pepperidge Farm Milano Orange Chocolate Cookies",
    "desc": "Pepperidge Farm Milano Orange Chocolate Cookies",
    "shortDesc": "Pepperidge Farm Milano Orange Chocolate Cookies",
    "tags": [
      "Cookies & Cakes"
    ],
    "categories": [
      {
        "code": "Chips, Cookies & Snacks",
        "desc": "Chips, Cookies & Snacks"
      }
    ],
    "subCategories": [
      {
        "code": "Cookies & Crackers",
        "desc": "Cookies & Crackers"
      }
    ],
    "brands": [
      {
        "code": "Pepperidge Farm Milano",
        "desc": "Pepperidge Farm Milano"
      }
    ],
    "price": {
      "basePrice": 4.69,
      "discountPrice": 4.69
    },
    "type": {
      "code": "Cookies & Cakes",
      "desc": "Cookies & Cakes"
    },
    "weight": "7 oz",
    "UpcCode": "",
    "tax": 0.0,
    "spiceLevel": "",
    "aiselNo": "6",
    "store": "Market Basket",
    "weightType": "7 oz",
    "imageName": "1154.jpg",
    "defaultImage": "1154.jpg",
    "updatedTimestamp": "Jan 23, 2021 8:02:30 PM",
    "createdTimestamp": "Jan 23, 2021 8:02:30 PM",
    "isNewlyAdded": false,
    "isActive": true,
    "isDealsEnabled": false,
    "quantity": 0
  },
  {
    "id": 7945,
    "code": "Campbell's Condensed Campbell's Condensed Cheddar Cheese Soup",
    "desc": "Campbell's Condensed Campbell's Condensed Cheddar Cheese Soup",
    "shortDesc": "Campbell's Condensed Campbell's Condensed Cheddar Cheese Soup",
    "tags": [
      "Soup, Broth & Bouillon"
    ],
    "categories": [
      {
        "code": "Cooking Needs",
        "desc": "Cooking Needs"
      }
    ],
    "subCategories": [
      {
        "code": "Canned Food",
        "desc": "Canned Food"
      }
    ],
    "brands": [
      {
        "code": "Campbell's",
        "desc": "Campbell's"
      }
    ],
    "price": {
      "basePrice": 2.19,
      "discountPrice": 2.19
    },
    "type": {
      "code": "Soup, Broth & Bouillon",
      "desc": "Soup, Broth & Bouillon"
    },
    "weight": "10.5 oz",
    "UpcCode": "",
    "tax": 0.0,
    "spiceLevel": "",
    "aiselNo": "2",
    "store": "Market Basket",
    "weightType": "10.5 oz",
    "imageName": "5318.jpg",
    "defaultImage": "5318.jpg",
    "updatedTimestamp": "Jan 23, 2021 8:02:30 PM",
    "createdTimestamp": "Jan 23, 2021 8:02:30 PM",
    "isNewlyAdded": false,
    "isActive": true,
    "isDealsEnabled": false,
    "quantity": 0
  },
  {
    "id": 8184,
    "code": "Goya Salsita Hot Sauce Pure Fire Ripe Habanero Chiles",
    "desc": "Goya Salsita Hot Sauce Pure Fire Ripe Habanero Chiles",
    "shortDesc": "Goya Salsita Hot Sauce Pure Fire Ripe Habanero Chiles",
    "tags": [
      "Condiments"
    ],
    "categories": [
      {
        "code": "Condiments & Dressings",
        "desc": "Condiments & Dressings"
      }
    ],
    "subCategories": [
      {
        "code": "Marinades, Ketchup & Sauces",
        "desc": "Marinades, Ketchup & Sauces"
      }
    ],
    "brands": [
      {
        "code": "Goya",
        "desc": "Goya"
      }
    ],
    "price": {
      "basePrice": 2.79,
      "discountPrice": 2.79
    },
    "type": {
      "code": "Condiments",
      "desc": "Condiments"
    },
    "weight": "8 fl oz",
    "UpcCode": "",
    "tax": 0.0,
    "spiceLevel": "",
    "aiselNo": "7",
    "store": "Market Basket",
    "weightType": "8 fl oz",
    "imageName": "1580.jpg",
    "defaultImage": "1580.jpg",
    "updatedTimestamp": "Jan 23, 2021 8:02:30 PM",
    "createdTimestamp": "Jan 23, 2021 8:02:30 PM",
    "isNewlyAdded": false,
    "isActive": true,
    "isDealsEnabled": false,
    "quantity": 0
  },
  {
    "id": 5920,
    "code": "Peet's Iced Espresso Black & White",
    "desc": "Peet's Iced Espresso Black & White",
    "shortDesc": "Peet's Iced Espresso Black & White",
    "tags": [
      "Single To-Go Coffee"
    ],
    "categories": [
      {
        "code": "Beverages & Juices",
        "desc": "Beverages & Juices"
      }
    ],
    "subCategories": [
      {
        "code": "Tea, Coffee, Milk & Coconut Water",
        "desc": "Tea, Coffee, Milk & Coconut Water"
      }
    ],
    "brands": [
      {
        "code": "Peet's",
        "desc": "Peet's"
      }
    ],
    "price": {
      "basePrice": 3.13,
      "discountPrice": 3.13
    },
    "type": {
      "code": "Single To-Go Coffee",
      "desc": "Single To-Go Coffee"
    },
    "weight": "8 fl oz",
    "UpcCode": "",
    "tax": 0.0,
    "spiceLevel": "",
    "aiselNo": "17",
    "store": "Market Basket",
    "weightType": "8 fl oz",
    "imageName": "No Image.jpg",
    "defaultImage": "No Image.jpg",
    "updatedTimestamp": "Jan 23, 2021 8:02:30 PM",
    "createdTimestamp": "Jan 23, 2021 8:02:30 PM",
    "isNewlyAdded": false,
    "isActive": true,
    "isDealsEnabled": false,
    "quantity": 0
  },
  {
    "id": 5316,
    "code": "Oreo Caramel Coconut Cookies Family Size",
    "desc": "Oreo Caramel Coconut Cookies Family Size",
    "shortDesc": "Oreo Caramel Coconut Cookies Family Size",
    "tags": [
      "Cookies & Cakes"
    ],
    "categories": [
      {
        "code": "Chips, Cookies & Snacks",
        "desc": "Chips, Cookies & Snacks"
      }
    ],
    "subCategories": [
      {
        "code": "Cookies & Crackers",
        "desc": "Cookies & Crackers"
      }
    ],
    "brands": [
      {
        "code": "Oreo",
        "desc": "Oreo"
      }
    ],
    "price": {
      "basePrice": 5.47,
      "discountPrice": 5.47
    },
    "type": {
      "code": "Cookies & Cakes",
      "desc": "Cookies & Cakes"
    },
    "weight": "17 oz",
    "UpcCode": "",
    "tax": 0.0,
    "spiceLevel": "",
    "aiselNo": "6",
    "store": "Market Basket",
    "weightType": "17 oz",
    "imageName": "No Image.jpg",
    "defaultImage": "No Image.jpg",
    "updatedTimestamp": "Jan 23, 2021 8:02:30 PM",
    "createdTimestamp": "Jan 23, 2021 8:02:30 PM",
    "isNewlyAdded": false,
    "isActive": true,
    "isDealsEnabled": false,
    "quantity": 0
  },
  {
    "id": 6612,
    "code": "Odwalla Blueberry Monster Blueberry Juice 100 Drink",
    "desc": "Odwalla Blueberry Monster Blueberry Juice 100 Drink",
    "shortDesc": "Odwalla Blueberry Monster Blueberry Juice 100 Drink",
    "tags": [
      "Refrigerated Drinks"
    ],
    "categories": [
      {
        "code": "Beverages & Juices",
        "desc": "Beverages & Juices"
      }
    ],
    "subCategories": [
      {
        "code": "Juices & Refrigerated Drinks",
        "desc": "Juices & Refrigerated Drinks"
      }
    ],
    "brands": [
      {
        "code": "Monster",
        "desc": "Monster"
      }
    ],
    "price": {
      "basePrice": 3.09,
      "discountPrice": 3.09
    },
    "type": {
      "code": "Refrigerated Drinks",
      "desc": "Refrigerated Drinks"
    },
    "weight": "15.2 oz",
    "UpcCode": "",
    "tax": 0.0,
    "spiceLevel": "",
    "aiselNo": "20",
    "store": "Market Basket",
    "weightType": "15.2 oz",
    "imageName": "3793.jpg",
    "defaultImage": "3793.jpg",
    "updatedTimestamp": "Jan 23, 2021 8:02:30 PM",
    "createdTimestamp": "Jan 23, 2021 8:02:30 PM",
    "isNewlyAdded": false,
    "isActive": true,
    "isDealsEnabled": false,
    "quantity": 0
  },
  {
    "id": 6304,
    "code": "Poland Spring Sparkling Water, Triple Berry",
    "desc": "Poland Spring Sparkling Water, Triple Berry",
    "shortDesc": "Poland Spring Sparkling Water, Triple Berry",
    "tags": [
      "Sparkling Water"
    ],
    "categories": [
      {
        "code": "Beverages & Juices",
        "desc": "Beverages & Juices"
      }
    ],
    "subCategories": [
      {
        "code": "Water",
        "desc": "Water"
      }
    ],
    "brands": [
      {
        "code": "Poland Spring",
        "desc": "Poland Spring"
      }
    ],
    "price": {
      "basePrice": 3.74,
      "discountPrice": 3.74
    },
    "type": {
      "code": "Sparkling Water",
      "desc": "Sparkling Water"
    },
    "weight": "8 x 16.9 fl oz",
    "UpcCode": "",
    "tax": 0.0,
    "spiceLevel": "",
    "aiselNo": "11",
    "store": "Market Basket",
    "weightType": "8 x 16.9 fl oz",
    "imageName": "3230.jpg",
    "defaultImage": "3230.jpg",
    "updatedTimestamp": "Jan 23, 2021 8:02:30 PM",
    "createdTimestamp": "Jan 23, 2021 8:02:30 PM",
    "isNewlyAdded": false,
    "isActive": true,
    "isDealsEnabled": false,
    "quantity": 0
  },
  {
    "id": 5283,
    "code": "Market Basket Cheddar Cheese Curls Reduced Sodium",
    "desc": "Market Basket Cheddar Cheese Curls Reduced Sodium",
    "shortDesc": "Market Basket Cheddar Cheese Curls Reduced Sodium",
    "tags": [
      "Chips & Pretzels"
    ],
    "categories": [
      {
        "code": "Chips, Cookies & Snacks",
        "desc": "Chips, Cookies & Snacks"
      }
    ],
    "subCategories": [
      {
        "code": "Chips & Fruit Snacks",
        "desc": "Chips & Fruit Snacks"
      }
    ],
    "brands": [
      {
        "code": "Market Basket",
        "desc": "Market Basket"
      }
    ],
    "price": {
      "basePrice": 3.13,
      "discountPrice": 3.13
    },
    "type": {
      "code": "Chips & Pretzels",
      "desc": "Chips & Pretzels"
    },
    "weight": "8.5 oz",
    "UpcCode": "",
    "tax": 0.0,
    "spiceLevel": "",
    "aiselNo": "0",
    "store": "Market Basket",
    "weightType": "8.5 oz",
    "imageName": "Market Basket.jpg",
    "defaultImage": "Market Basket.jpg",
    "updatedTimestamp": "Jan 23, 2021 8:02:30 PM",
    "createdTimestamp": "Jan 23, 2021 8:02:30 PM",
    "isNewlyAdded": false,
    "isActive": true,
    "isDealsEnabled": false,
    "quantity": 0
  },
  {
    "id": 10028,
    "code": "Elan Low Fat Frozen Yogurt Coffee",
    "desc": "Elan Low Fat Frozen Yogurt Coffee",
    "shortDesc": "Elan Low Fat Frozen Yogurt Coffee",
    "tags": [
      "Ice Cream & Ice"
    ],
    "categories": [
      {
        "code": "Frozen Food",
        "desc": "Frozen Food"
      }
    ],
    "subCategories": [
      {
        "code": "Ice Cream & Ice",
        "desc": "Ice Cream & Ice"
      }
    ],
    "brands": [
      {
        "code": "Elan",
        "desc": "Elan"
      }
    ],
    "price": {
      "basePrice": 4.79,
      "discountPrice": 4.79
    },
    "type": {
      "code": "Ice Cream & Ice",
      "desc": "Ice Cream & Ice"
    },
    "weight": "1 quart",
    "UpcCode": "",
    "tax": 0.0,
    "spiceLevel": "",
    "aiselNo": "21",
    "store": "Market Basket",
    "weightType": "1 quart",
    "imageName": "16079.jpg",
    "defaultImage": "16079.jpg",
    "updatedTimestamp": "Jan 23, 2021 8:02:30 PM",
    "createdTimestamp": "Jan 23, 2021 8:02:30 PM",
    "isNewlyAdded": false,
    "isActive": true,
    "isDealsEnabled": false,
    "quantity": 0
  },
  {
    "id": 7561,
    "code": "Pastene Artichoke Hearts Quartered & Marinated",
    "desc": "Pastene Artichoke Hearts Quartered & Marinated",
    "shortDesc": "Pastene Artichoke Hearts Quartered & Marinated",
    "tags": [
      "Canned & Jarred Vegetables"
    ],
    "categories": [
      {
        "code": "Cooking Needs",
        "desc": "Cooking Needs"
      }
    ],
    "subCategories": [
      {
        "code": "Canned Food",
        "desc": "Canned Food"
      }
    ],
    "brands": [
      {
        "code": "Pastene",
        "desc": "Pastene"
      }
    ],
    "price": {
      "basePrice": 2.49,
      "discountPrice": 2.49
    },
    "type": {
      "code": "Canned & Jarred Vegetables",
      "desc": "Canned & Jarred Vegetables"
    },
    "weight": "6 oz",
    "UpcCode": "",
    "tax": 0.0,
    "spiceLevel": "",
    "aiselNo": "9",
    "store": "Market Basket",
    "weightType": "6 oz",
    "imageName": "4970.jpg",
    "defaultImage": "4970.jpg",
    "updatedTimestamp": "Jan 23, 2021 8:02:30 PM",
    "createdTimestamp": "Jan 23, 2021 8:02:30 PM",
    "isNewlyAdded": false,
    "isActive": true,
    "isDealsEnabled": false,
    "quantity": 0
  },
  {
    "id": 10033,
    "code": "Friendly's Ice Cream Homemade Vanilla",
    "desc": "Friendly's Ice Cream Homemade Vanilla",
    "shortDesc": "Friendly's Ice Cream Homemade Vanilla",
    "tags": [
      "Ice Cream & Ice"
    ],
    "categories": [
      {
        "code": "Frozen Food",
        "desc": "Frozen Food"
      }
    ],
    "subCategories": [
      {
        "code": "Ice Cream & Ice",
        "desc": "Ice Cream & Ice"
      }
    ],
    "brands": [
      {
        "code": "Friendly's",
        "desc": "Friendly's"
      }
    ],
    "price": {
      "basePrice": 3.09,
      "discountPrice": 3.09
    },
    "type": {
      "code": "Ice Cream & Ice",
      "desc": "Ice Cream & Ice"
    },
    "weight": "1.5 quart",
    "UpcCode": "",
    "tax": 0.0,
    "spiceLevel": "",
    "aiselNo": "21",
    "store": "Market Basket",
    "weightType": "1.5 quart",
    "imageName": "3063.jpg",
    "defaultImage": "3063.jpg",
    "updatedTimestamp": "Jan 23, 2021 8:02:30 PM",
    "createdTimestamp": "Jan 23, 2021 8:02:30 PM",
    "isNewlyAdded": false,
    "isActive": true,
    "isDealsEnabled": false,
    "quantity": 0
  },
  {
    "id": 4965,
    "code": "Terra Sweet Potato Chips No Salt Added Non GMO",
    "desc": "Terra Sweet Potato Chips No Salt Added Non GMO",
    "shortDesc": "Terra Sweet Potato Chips No Salt Added Non GMO",
    "tags": [
      "Chips & Pretzels"
    ],
    "categories": [
      {
        "code": "Chips, Cookies & Snacks",
        "desc": "Chips, Cookies & Snacks"
      }
    ],
    "subCategories": [
      {
        "code": "Chips & Fruit Snacks",
        "desc": "Chips & Fruit Snacks"
      }
    ],
    "brands": [
      {
        "code": "Terra Chips",
        "desc": "Terra Chips"
      }
    ],
    "price": {
      "basePrice": 6.23,
      "discountPrice": 6.23
    },
    "type": {
      "code": "Chips & Pretzels",
      "desc": "Chips & Pretzels"
    },
    "weight": "6 oz",
    "UpcCode": "",
    "tax": 0.0,
    "spiceLevel": "",
    "aiselNo": "0",
    "store": "Market Basket",
    "weightType": "6 oz",
    "imageName": "No Image.jpg",
    "defaultImage": "No Image.jpg",
    "updatedTimestamp": "Jan 23, 2021 8:02:30 PM",
    "createdTimestamp": "Jan 23, 2021 8:02:30 PM",
    "isNewlyAdded": false,
    "isActive": true,
    "isDealsEnabled": false,
    "quantity": 0
  },
  {
    "id": 9724,
    "code": "Market Basket Wheat Pizza Dough",
    "desc": "Market Basket Wheat Pizza Dough",
    "shortDesc": "Market Basket Wheat Pizza Dough",
    "tags": [
      "Frozen Pizza"
    ],
    "categories": [
      {
        "code": "Frozen Food",
        "desc": "Frozen Food"
      }
    ],
    "subCategories": [
      {
        "code": "Frozen Pizza",
        "desc": "Frozen Pizza"
      }
    ],
    "brands": [
      {
        "code": "Market Basket",
        "desc": "Market Basket"
      }
    ],
    "price": {
      "basePrice": 1.59,
      "discountPrice": 1.59
    },
    "type": {
      "code": "Frozen Pizza",
      "desc": "Frozen Pizza"
    },
    "weight": "18.5 oz",
    "UpcCode": "",
    "tax": 0.0,
    "spiceLevel": "",
    "aiselNo": "19",
    "store": "Market Basket",
    "weightType": "18.5 oz",
    "imageName": "Market Basket.jpg",
    "defaultImage": "Market Basket.jpg",
    "updatedTimestamp": "Jan 23, 2021 8:02:30 PM",
    "createdTimestamp": "Jan 23, 2021 8:02:30 PM",
    "isNewlyAdded": false,
    "isActive": true,
    "isDealsEnabled": false,
    "quantity": 0
  },
  {
    "id": 8008,
    "code": "Heinz HomeStyle Mushroom Gravy",
    "desc": "Heinz HomeStyle Mushroom Gravy",
    "shortDesc": "Heinz HomeStyle Mushroom Gravy",
    "tags": [
      "Soup, Broth & Bouillon"
    ],
    "categories": [
      {
        "code": "Cooking Needs",
        "desc": "Cooking Needs"
      }
    ],
    "subCategories": [
      {
        "code": "Canned Food",
        "desc": "Canned Food"
      }
    ],
    "brands": [
      {
        "code": "Heinz",
        "desc": "Heinz"
      }
    ],
    "price": {
      "basePrice": 2.09,
      "discountPrice": 2.09
    },
    "type": {
      "code": "Soup, Broth & Bouillon",
      "desc": "Soup, Broth & Bouillon"
    },
    "weight": "12 oz",
    "UpcCode": "",
    "tax": 0.0,
    "spiceLevel": "",
    "aiselNo": "2",
    "store": "Market Basket",
    "weightType": "12 oz",
    "imageName": "17235.jpg",
    "defaultImage": "17235.jpg",
    "updatedTimestamp": "Jan 23, 2021 8:02:30 PM",
    "createdTimestamp": "Jan 23, 2021 8:02:30 PM",
    "isNewlyAdded": false,
    "isActive": true,
    "isDealsEnabled": false,
    "quantity": 0
  },
  {
    "id": 3854,
    "code": "Cutie Brand Fancy Sweet Grape Tomatoes - 1 Quart",
    "desc": "Cutie Brand Fancy Sweet Grape Tomatoes - 1 Quart",
    "shortDesc": "Cutie Brand Fancy Sweet Grape Tomatoes - 1 Quart",
    "tags": [
      "Grape Tomato"
    ],
    "categories": [
      {
        "code": "Fresh Produce",
        "desc": "Fresh Produce"
      }
    ],
    "subCategories": [
      {
        "code": "Fresh Vegetables",
        "desc": "Fresh Vegetables"
      }
    ],
    "brands": [
      {
        "code": "Market Basket",
        "desc": "Market Basket"
      }
    ],
    "price": {
      "basePrice": 4.24,
      "discountPrice": 4.24
    },
    "type": {
      "code": "Grape Tomato",
      "desc": "Grape Tomato"
    },
    "weight": "1 pack",
    "UpcCode": "",
    "tax": 0.0,
    "spiceLevel": "",
    "aiselNo": "20",
    "store": "Market Basket",
    "weightType": "1 pack",
    "imageName": "14435.jpg",
    "defaultImage": "14435.jpg",
    "updatedTimestamp": "Jan 23, 2021 8:02:30 PM",
    "createdTimestamp": "Jan 23, 2021 8:02:30 PM",
    "isNewlyAdded": false,
    "isActive": true,
    "isDealsEnabled": false,
    "quantity": 0
  },
  {
    "id": 5056,
    "code": "Keebler Fudge Stripes Cookies Mini's Original",
    "desc": "Keebler Fudge Stripes Cookies Mini's Original",
    "shortDesc": "Keebler Fudge Stripes Cookies Mini's Original",
    "tags": [
      "Cookies & Cakes"
    ],
    "categories": [
      {
        "code": "Chips, Cookies & Snacks",
        "desc": "Chips, Cookies & Snacks"
      }
    ],
    "subCategories": [
      {
        "code": "Cookies & Crackers",
        "desc": "Cookies & Crackers"
      }
    ],
    "brands": [
      {
        "code": "Keebler",
        "desc": "Keebler"
      }
    ],
    "price": {
      "basePrice": 6.23,
      "discountPrice": 6.23
    },
    "type": {
      "code": "Cookies & Cakes",
      "desc": "Cookies & Cakes"
    },
    "weight": "12 oz",
    "UpcCode": "",
    "tax": 0.0,
    "spiceLevel": "",
    "aiselNo": "6",
    "store": "Market Basket",
    "weightType": "12 oz",
    "imageName": "No Image.jpg",
    "defaultImage": "No Image.jpg",
    "updatedTimestamp": "Jan 23, 2021 8:02:30 PM",
    "createdTimestamp": "Jan 23, 2021 8:02:30 PM",
    "isNewlyAdded": false,
    "isActive": true,
    "isDealsEnabled": false,
    "quantity": 0
  },
  {
    "id": 10485,
    "code": "Goya Rice & Red Beans Seasoned",
    "desc": "Goya Rice & Red Beans Seasoned",
    "shortDesc": "Goya Rice & Red Beans Seasoned",
    "tags": [
      "Instant Rice"
    ],
    "categories": [
      {
        "code": "Cooking Needs",
        "desc": "Cooking Needs"
      }
    ],
    "subCategories": [
      {
        "code": "Rice & Grains",
        "desc": "Rice & Grains"
      }
    ],
    "brands": [
      {
        "code": "Goya",
        "desc": "Goya"
      }
    ],
    "price": {
      "basePrice": 2.49,
      "discountPrice": 2.49
    },
    "type": {
      "code": "Instant Rice",
      "desc": "Instant Rice"
    },
    "weight": "8 oz",
    "UpcCode": "",
    "tax": 0.0,
    "spiceLevel": "",
    "aiselNo": "7",
    "store": "Market Basket",
    "weightType": "8 oz",
    "imageName": "5747.jpg",
    "defaultImage": "5747.jpg",
    "updatedTimestamp": "Jan 23, 2021 8:02:30 PM",
    "createdTimestamp": "Jan 23, 2021 8:02:30 PM",
    "isNewlyAdded": false,
    "isActive": true,
    "isDealsEnabled": false,
    "quantity": 0
  },
  {
    "id": 6661,
    "code": "Simply Limade All Natural Limade Juice Drink",
    "desc": "Simply Limade All Natural Limade Juice Drink",
    "shortDesc": "Simply Limade All Natural Limade Juice Drink",
    "tags": [
      "Refrigerated Drinks"
    ],
    "categories": [
      {
        "code": "Beverages & Juices",
        "desc": "Beverages & Juices"
      }
    ],
    "subCategories": [
      {
        "code": "Juices & Refrigerated Drinks",
        "desc": "Juices & Refrigerated Drinks"
      }
    ],
    "brands": [
      {
        "code": "Simply",
        "desc": "Simply"
      }
    ],
    "price": {
      "basePrice": 3.13,
      "discountPrice": 3.13
    },
    "type": {
      "code": "Refrigerated Drinks",
      "desc": "Refrigerated Drinks"
    },
    "weight": "52 fl oz",
    "UpcCode": "",
    "tax": 0.0,
    "spiceLevel": "",
    "aiselNo": "1",
    "store": "Market Basket",
    "weightType": "52 fl oz",
    "imageName": "X764.jpg",
    "defaultImage": "X764.jpg",
    "updatedTimestamp": "Jan 23, 2021 8:02:29 PM",
    "createdTimestamp": "Jan 23, 2021 8:02:29 PM",
    "isNewlyAdded": false,
    "isActive": true,
    "isDealsEnabled": false,
    "quantity": 0
  },
  {
    "id": 10118,
    "code": "Kemps Vanilla Frozen Yogurt",
    "desc": "Kemps Vanilla Frozen Yogurt",
    "shortDesc": "Kemps Vanilla Frozen Yogurt",
    "tags": [
      "Ice Cream & Ice"
    ],
    "categories": [
      {
        "code": "Frozen Food",
        "desc": "Frozen Food"
      }
    ],
    "subCategories": [
      {
        "code": "Ice Cream & Ice",
        "desc": "Ice Cream & Ice"
      }
    ],
    "brands": [
      {
        "code": "Kemps",
        "desc": "Kemps"
      }
    ],
    "price": {
      "basePrice": 3.69,
      "discountPrice": 3.69
    },
    "type": {
      "code": "Ice Cream & Ice",
      "desc": "Ice Cream & Ice"
    },
    "weight": "1.5 quart",
    "UpcCode": "",
    "tax": 0.0,
    "spiceLevel": "",
    "aiselNo": "21",
    "store": "Market Basket",
    "weightType": "1.5 quart",
    "imageName": "16197.jpg",
    "defaultImage": "16197.jpg",
    "updatedTimestamp": "Jan 23, 2021 8:02:30 PM",
    "createdTimestamp": "Jan 23, 2021 8:02:30 PM",
    "isNewlyAdded": false,
    "isActive": true,
    "isDealsEnabled": false,
    "quantity": 0
  },
  {
    "id": 10178,
    "code": "Northstar Pops, Lotta Fruita, Box",
    "desc": "Northstar Pops, Lotta Fruita, Box",
    "shortDesc": "Northstar Pops, Lotta Fruita, Box",
    "tags": [
      "Ice Cream & Ice"
    ],
    "categories": [
      {
        "code": "Frozen Food",
        "desc": "Frozen Food"
      }
    ],
    "subCategories": [
      {
        "code": "Ice Cream & Ice",
        "desc": "Ice Cream & Ice"
      }
    ],
    "brands": [
      {
        "code": "Northstar",
        "desc": "Northstar"
      }
    ],
    "price": {
      "basePrice": 3.69,
      "discountPrice": 3.69
    },
    "type": {
      "code": "Ice Cream & Ice",
      "desc": "Ice Cream & Ice"
    },
    "weight": "20 x 1.75 fl oz",
    "UpcCode": "",
    "tax": 0.0,
    "spiceLevel": "",
    "aiselNo": "21",
    "store": "Market Basket",
    "weightType": "20 x 1.75 fl oz",
    "imageName": "16199.jpg",
    "defaultImage": "16199.jpg",
    "updatedTimestamp": "Jan 23, 2021 8:02:30 PM",
    "createdTimestamp": "Jan 23, 2021 8:02:30 PM",
    "isNewlyAdded": false,
    "isActive": true,
    "isDealsEnabled": false,
    "quantity": 0
  },
  {
    "id": 14687,
    "code": "Dial Body Wash Vitamin Boost Lotion Infused Moisturizing Body Wash",
    "desc": "Dial Body Wash Vitamin Boost Lotion Infused Moisturizing Body Wash",
    "shortDesc": "Dial Body Wash Vitamin Boost Lotion Infused Moisturizing Body Wash",
    "tags": [
      "Body Wash"
    ],
    "categories": [
      {
        "code": "Personal Care",
        "desc": "Personal Care"
      }
    ],
    "subCategories": [
      {
        "code": "Body Wash, Soap & Hair Care",
        "desc": "Body Wash, Soap & Hair Care"
      }
    ],
    "brands": [
      {
        "code": "Dial",
        "desc": "Dial"
      }
    ],
    "price": {
      "basePrice": 5.62,
      "discountPrice": 5.62
    },
    "type": {
      "code": "Body Wash",
      "desc": "Body Wash"
    },
    "weight": "16 fl oz",
    "UpcCode": "",
    "tax": 1.0,
    "spiceLevel": "",
    "aiselNo": "13",
    "store": "Market Basket",
    "weightType": "16 fl oz",
    "imageName": "17755.jpg",
    "defaultImage": "17755.jpg",
    "updatedTimestamp": "Jan 23, 2021 8:02:30 PM",
    "createdTimestamp": "Jan 23, 2021 8:02:30 PM",
    "isNewlyAdded": false,
    "isActive": true,
    "isDealsEnabled": false,
    "quantity": 0
  },
  {
    "id": 10047,
    "code": "Friendly's Premium Ice Cream Rich & Creamy Party Cake",
    "desc": "Friendly's Premium Ice Cream Rich & Creamy Party Cake",
    "shortDesc": "Friendly's Premium Ice Cream Rich & Creamy Party Cake",
    "tags": [
      "Ice Cream & Ice"
    ],
    "categories": [
      {
        "code": "Frozen Food",
        "desc": "Frozen Food"
      }
    ],
    "subCategories": [
      {
        "code": "Ice Cream & Ice",
        "desc": "Ice Cream & Ice"
      }
    ],
    "brands": [
      {
        "code": "Friendly's",
        "desc": "Friendly's"
      }
    ],
    "price": {
      "basePrice": 4.89,
      "discountPrice": 4.89
    },
    "type": {
      "code": "Ice Cream & Ice",
      "desc": "Ice Cream & Ice"
    },
    "weight": "1.5 quart",
    "UpcCode": "",
    "tax": 0.0,
    "spiceLevel": "",
    "aiselNo": "21",
    "store": "Market Basket",
    "weightType": "1.5 quart",
    "imageName": "3059.jpg",
    "defaultImage": "3059.jpg",
    "updatedTimestamp": "Jan 23, 2021 8:02:30 PM",
    "createdTimestamp": "Jan 23, 2021 8:02:30 PM",
    "isNewlyAdded": false,
    "isActive": true,
    "isDealsEnabled": false,
    "quantity": 0
  },
  {
    "id": 6290,
    "code": "Market Basket Alkaline Water Plus Electrolytes",
    "desc": "Market Basket Alkaline Water Plus Electrolytes",
    "shortDesc": "Market Basket Alkaline Water Plus Electrolytes",
    "tags": [
      "Water"
    ],
    "categories": [
      {
        "code": "Beverages & Juices",
        "desc": "Beverages & Juices"
      }
    ],
    "subCategories": [
      {
        "code": "Water",
        "desc": "Water"
      }
    ],
    "brands": [
      {
        "code": "Market Basket",
        "desc": "Market Basket"
      }
    ],
    "price": {
      "basePrice": 1.88,
      "discountPrice": 1.88
    },
    "type": {
      "code": "Water",
      "desc": "Water"
    },
    "weight": "50.7 fl oz",
    "UpcCode": "",
    "tax": 0.0,
    "spiceLevel": "",
    "aiselNo": "11",
    "store": "Market Basket",
    "weightType": "50.7 fl oz",
    "imageName": "Market Basket.jpg",
    "defaultImage": "Market Basket.jpg",
    "updatedTimestamp": "Jan 23, 2021 8:02:30 PM",
    "createdTimestamp": "Jan 23, 2021 8:02:30 PM",
    "isNewlyAdded": false,
    "isActive": true,
    "isDealsEnabled": false,
    "quantity": 0
  },
  {
    "id": 8610,
    "code": "Goya Alcaparrado Manzanilla Olives Pimientos & Capers Pitted",
    "desc": "Goya Alcaparrado Manzanilla Olives Pimientos & Capers Pitted",
    "shortDesc": "Goya Alcaparrado Manzanilla Olives Pimientos & Capers Pitted",
    "tags": [
      "Pickled Goods & Olives"
    ],
    "categories": [
      {
        "code": "Condiments & Dressings",
        "desc": "Condiments & Dressings"
      }
    ],
    "subCategories": [
      {
        "code": "Pickled Goods & Olives",
        "desc": "Pickled Goods & Olives"
      }
    ],
    "brands": [
      {
        "code": "Goya",
        "desc": "Goya"
      }
    ],
    "price": {
      "basePrice": 2.79,
      "discountPrice": 2.79
    },
    "type": {
      "code": "Pickled Goods & Olives",
      "desc": "Pickled Goods & Olives"
    },
    "weight": "9.5 oz",
    "UpcCode": "",
    "tax": 0.0,
    "spiceLevel": "",
    "aiselNo": "7",
    "store": "Market Basket",
    "weightType": "9.5 oz",
    "imageName": "1878.jpg",
    "defaultImage": "1878.jpg",
    "updatedTimestamp": "Jan 23, 2021 8:02:30 PM",
    "createdTimestamp": "Jan 23, 2021 8:02:30 PM",
    "isNewlyAdded": false,
    "isActive": true,
    "isDealsEnabled": false,
    "quantity": 0
  },
  {
    "id": 5103,
    "code": "Nabisco Oreo Golden Double Stuf Sandwich Cookies",
    "desc": "Nabisco Oreo Golden Double Stuf Sandwich Cookies",
    "shortDesc": "Nabisco Oreo Golden Double Stuf Sandwich Cookies",
    "tags": [
      "Cookies & Cakes"
    ],
    "categories": [
      {
        "code": "Chips, Cookies & Snacks",
        "desc": "Chips, Cookies & Snacks"
      }
    ],
    "subCategories": [
      {
        "code": "Cookies & Crackers",
        "desc": "Cookies & Crackers"
      }
    ],
    "brands": [
      {
        "code": "Oreo",
        "desc": "Oreo"
      }
    ],
    "price": {
      "basePrice": 4.69,
      "discountPrice": 4.69
    },
    "type": {
      "code": "Cookies & Cakes",
      "desc": "Cookies & Cakes"
    },
    "weight": "15.25 oz",
    "UpcCode": "",
    "tax": 0.0,
    "spiceLevel": "",
    "aiselNo": "6",
    "store": "Market Basket",
    "weightType": "15.25 oz",
    "imageName": "No Image.jpg",
    "defaultImage": "No Image.jpg",
    "updatedTimestamp": "Jan 23, 2021 8:02:30 PM",
    "createdTimestamp": "Jan 23, 2021 8:02:30 PM",
    "isNewlyAdded": false,
    "isActive": true,
    "isDealsEnabled": false,
    "quantity": 0
  },
  {
    "id": 6775,
    "code": "Armour Lard",
    "desc": "Armour Lard",
    "shortDesc": "Armour Lard",
    "tags": [
      "Baking Ingredients"
    ],
    "categories": [
      {
        "code": "Cooking Needs",
        "desc": "Cooking Needs"
      }
    ],
    "subCategories": [
      {
        "code": "Baking & Cooking",
        "desc": "Baking & Cooking"
      }
    ],
    "brands": [
      {
        "code": "Armour",
        "desc": "Armour"
      }
    ],
    "price": {
      "basePrice": 2.09,
      "discountPrice": 2.09
    },
    "type": {
      "code": "Baking Ingredients",
      "desc": "Baking Ingredients"
    },
    "weight": "16 oz",
    "UpcCode": "",
    "tax": 0.0,
    "spiceLevel": "",
    "aiselNo": "8",
    "store": "Market Basket",
    "weightType": "16 oz",
    "imageName": "15730.jpg",
    "defaultImage": "15730.jpg",
    "updatedTimestamp": "Jan 23, 2021 8:02:30 PM",
    "createdTimestamp": "Jan 23, 2021 8:02:30 PM",
    "isNewlyAdded": false,
    "isActive": true,
    "isDealsEnabled": false,
    "quantity": 0
  },
  {
    "id": 4893,
    "code": "Market Basket No Salt Potato Chips",
    "desc": "Market Basket No Salt Potato Chips",
    "shortDesc": "Market Basket No Salt Potato Chips",
    "tags": [
      "Chips & Pretzels"
    ],
    "categories": [
      {
        "code": "Chips, Cookies & Snacks",
        "desc": "Chips, Cookies & Snacks"
      }
    ],
    "subCategories": [
      {
        "code": "Chips & Fruit Snacks",
        "desc": "Chips & Fruit Snacks"
      }
    ],
    "brands": [
      {
        "code": "Market Basket",
        "desc": "Market Basket"
      }
    ],
    "price": {
      "basePrice": 3.13,
      "discountPrice": 3.13
    },
    "type": {
      "code": "Chips & Pretzels",
      "desc": "Chips & Pretzels"
    },
    "weight": "9.5 oz",
    "UpcCode": "",
    "tax": 0.0,
    "spiceLevel": "",
    "aiselNo": "0",
    "store": "Market Basket",
    "weightType": "9.5 oz",
    "imageName": "Market Basket.jpg",
    "defaultImage": "Market Basket.jpg",
    "updatedTimestamp": "Jan 23, 2021 8:02:30 PM",
    "createdTimestamp": "Jan 23, 2021 8:02:30 PM",
    "isNewlyAdded": false,
    "isActive": true,
    "isDealsEnabled": false,
    "quantity": 0
  },
  {
    "id": 5313,
    "code": "Chocolate Creme Oreo Family Size",
    "desc": "Chocolate Creme Oreo Family Size",
    "shortDesc": "Chocolate Creme Oreo Family Size",
    "tags": [
      "Cookies & Cakes"
    ],
    "categories": [
      {
        "code": "Chips, Cookies & Snacks",
        "desc": "Chips, Cookies & Snacks"
      }
    ],
    "subCategories": [
      {
        "code": "Cookies & Crackers",
        "desc": "Cookies & Crackers"
      }
    ],
    "brands": [
      {
        "code": "Oreo",
        "desc": "Oreo"
      }
    ],
    "price": {
      "basePrice": 5.47,
      "discountPrice": 5.47
    },
    "type": {
      "code": "Cookies & Cakes",
      "desc": "Cookies & Cakes"
    },
    "weight": "566 g",
    "UpcCode": "",
    "tax": 0.0,
    "spiceLevel": "",
    "aiselNo": "6",
    "store": "Market Basket",
    "weightType": "566 g",
    "imageName": "No Image.jpg",
    "defaultImage": "No Image.jpg",
    "updatedTimestamp": "Jan 23, 2021 8:02:30 PM",
    "createdTimestamp": "Jan 23, 2021 8:02:30 PM",
    "isNewlyAdded": false,
    "isActive": true,
    "isDealsEnabled": false,
    "quantity": 0
  },
  {
    "id": 393,
    "code": "Gain Powder Laundry Detergent for Regular and HE Washers, Hawaiian Aloha Scent,",
    "desc": "Gain Powder Laundry Detergent for Regular and HE Washers, Hawaiian Aloha Scent,",
    "shortDesc": "Gain Powder Laundry Detergent for Regular and HE Washers, Hawaiian Aloha Scent,",
    "tags": [
      "Laundry Detergent"
    ],
    "categories": [
      {
        "code": "Laundry & Paper Goods",
        "desc": "Laundry & Paper Goods"
      }
    ],
    "subCategories": [
      {
        "code": "Laundry",
        "desc": "Laundry"
      }
    ],
    "brands": [
      {
        "code": "Gain",
        "desc": "Gain"
      }
    ],
    "price": {
      "basePrice": 13.74,
      "discountPrice": 13.74
    },
    "type": {
      "code": "Laundry Detergent",
      "desc": "Laundry Detergent"
    },
    "weight": "100 oz",
    "UpcCode": "",
    "tax": 1.0,
    "spiceLevel": "",
    "aiselNo": "15",
    "store": "Market Basket",
    "weightType": "100 oz",
    "imageName": "4593.jpg",
    "defaultImage": "4593.jpg",
    "updatedTimestamp": "Jan 23, 2021 8:02:30 PM",
    "createdTimestamp": "Jan 23, 2021 8:02:30 PM",
    "isNewlyAdded": false,
    "isActive": true,
    "isDealsEnabled": false,
    "quantity": 0
  },
  {
    "id": 6254,
    "code": "Crystal Geyser Natural Alpine Spring Water",
    "desc": "Crystal Geyser Natural Alpine Spring Water",
    "shortDesc": "Crystal Geyser Natural Alpine Spring Water",
    "tags": [
      "Water"
    ],
    "categories": [
      {
        "code": "Beverages & Juices",
        "desc": "Beverages & Juices"
      }
    ],
    "subCategories": [
      {
        "code": "Water",
        "desc": "Water"
      }
    ],
    "brands": [
      {
        "code": "Crystal Geyser",
        "desc": "Crystal Geyser"
      }
    ],
    "price": {
      "basePrice": 1.25,
      "discountPrice": 1.25
    },
    "type": {
      "code": "Water",
      "desc": "Water"
    },
    "weight": "33.8 fl oz",
    "UpcCode": "",
    "tax": 0.0,
    "spiceLevel": "",
    "aiselNo": "11",
    "store": "Market Basket",
    "weightType": "33.8 fl oz",
    "imageName": "No Image.jpg",
    "defaultImage": "No Image.jpg",
    "updatedTimestamp": "Jan 23, 2021 8:02:30 PM",
    "createdTimestamp": "Jan 23, 2021 8:02:30 PM",
    "isNewlyAdded": false,
    "isActive": true,
    "isDealsEnabled": false,
    "quantity": 0
  },
  {
    "id": 4668,
    "code": "Goya Squid, Pieces, in their Own Ink, Hot Sauce",
    "desc": "Goya Squid, Pieces, in their Own Ink, Hot Sauce",
    "shortDesc": "Goya Squid, Pieces, in their Own Ink, Hot Sauce",
    "tags": [
      "Canned Squid"
    ],
    "categories": [
      {
        "code": "Meat & Seafood",
        "desc": "Meat & Seafood"
      }
    ],
    "subCategories": [
      {
        "code": "Canned Meat & Seafood",
        "desc": "Canned Meat & Seafood"
      }
    ],
    "brands": [
      {
        "code": "Goya",
        "desc": "Goya"
      }
    ],
    "price": {
      "basePrice": 2.19,
      "discountPrice": 2.19
    },
    "type": {
      "code": "Canned Squid",
      "desc": "Canned Squid"
    },
    "weight": "4 oz",
    "UpcCode": "",
    "tax": 0.0,
    "spiceLevel": "",
    "aiselNo": "2",
    "store": "Market Basket",
    "weightType": "4 oz",
    "imageName": "5225.jpg",
    "defaultImage": "5225.jpg",
    "updatedTimestamp": "Jan 23, 2021 8:02:30 PM",
    "createdTimestamp": "Jan 23, 2021 8:02:30 PM",
    "isNewlyAdded": false,
    "isActive": true,
    "isDealsEnabled": false,
    "quantity": 0
  },
  {
    "id": 10056,
    "code": "Frosty Paws Original Flavor Dog Treats",
    "desc": "Frosty Paws Original Flavor Dog Treats",
    "shortDesc": "Frosty Paws Original Flavor Dog Treats",
    "tags": [
      "Ice Cream & Ice"
    ],
    "categories": [
      {
        "code": "Frozen Food",
        "desc": "Frozen Food"
      }
    ],
    "subCategories": [
      {
        "code": "Ice Cream & Ice",
        "desc": "Ice Cream & Ice"
      }
    ],
    "brands": [
      {
        "code": "Frosty Paws",
        "desc": "Frosty Paws"
      }
    ],
    "price": {
      "basePrice": 4.29,
      "discountPrice": 4.29
    },
    "type": {
      "code": "Ice Cream & Ice",
      "desc": "Ice Cream & Ice"
    },
    "weight": "4 count",
    "UpcCode": "",
    "tax": 0.0,
    "spiceLevel": "",
    "aiselNo": "21",
    "store": "Market Basket",
    "weightType": "4 count",
    "imageName": "16109.jpg",
    "defaultImage": "16109.jpg",
    "updatedTimestamp": "Jan 23, 2021 8:02:30 PM",
    "createdTimestamp": "Jan 23, 2021 8:02:30 PM",
    "isNewlyAdded": false,
    "isActive": true,
    "isDealsEnabled": false,
    "quantity": 0
  },
  {
    "id": 13344,
    "code": "Garelick Farms Dairy Pure Half & Half Fat Free",
    "desc": "Garelick Farms Dairy Pure Half & Half Fat Free",
    "shortDesc": "Garelick Farms Dairy Pure Half & Half Fat Free",
    "tags": [
      "Cream"
    ],
    "categories": [
      {
        "code": "Breakfast & Dairy",
        "desc": "Breakfast & Dairy"
      }
    ],
    "subCategories": [
      {
        "code": "Dairy & Eggs",
        "desc": "Dairy & Eggs"
      }
    ],
    "brands": [
      {
        "code": "Garelick Farms",
        "desc": "Garelick Farms"
      }
    ],
    "price": {
      "basePrice": 3.09,
      "discountPrice": 3.09
    },
    "type": {
      "code": "Cream",
      "desc": "Cream"
    },
    "weight": "1 count",
    "UpcCode": "",
    "tax": 0.0,
    "spiceLevel": "",
    "aiselNo": "1",
    "store": "Market Basket",
    "weightType": "1 count",
    "imageName": "587.jpg",
    "defaultImage": "587.jpg",
    "updatedTimestamp": "Jan 23, 2021 8:02:30 PM",
    "createdTimestamp": "Jan 23, 2021 8:02:30 PM",
    "isNewlyAdded": false,
    "isActive": true,
    "isDealsEnabled": false,
    "quantity": 0
  },
  {
    "id": 14433,
    "code": "Nescafe Taster's Choice Decaf House Blend Instant Coffee",
    "desc": "Nescafe Taster's Choice Decaf House Blend Instant Coffee",
    "shortDesc": "Nescafe Taster's Choice Decaf House Blend Instant Coffee",
    "tags": [
      "Coffee"
    ],
    "categories": [
      {
        "code": "Breakfast & Dairy",
        "desc": "Breakfast & Dairy"
      }
    ],
    "subCategories": [
      {
        "code": "Tea & Coffee",
        "desc": "Tea & Coffee"
      }
    ],
    "brands": [
      {
        "code": "Nescafe",
        "desc": "Nescafe"
      }
    ],
    "price": {
      "basePrice": 3.69,
      "discountPrice": 3.69
    },
    "type": {
      "code": "Coffee",
      "desc": "Coffee"
    },
    "weight": "20 x 0.07 oz",
    "UpcCode": "",
    "tax": 0.0,
    "spiceLevel": "",
    "aiselNo": "8",
    "store": "Market Basket",
    "weightType": "20 x 0.07 oz",
    "imageName": "3402.jpg",
    "defaultImage": "3402.jpg",
    "updatedTimestamp": "Jan 23, 2021 8:02:30 PM",
    "createdTimestamp": "Jan 23, 2021 8:02:30 PM",
    "isNewlyAdded": false,
    "isActive": true,
    "isDealsEnabled": false,
    "quantity": 0
  },
  {
    "id": 7731,
    "code": "Dinty Moore Beef Stew",
    "desc": "Dinty Moore Beef Stew",
    "shortDesc": "Dinty Moore Beef Stew",
    "tags": [
      "Canned Meals & Beans"
    ],
    "categories": [
      {
        "code": "Cooking Needs",
        "desc": "Cooking Needs"
      }
    ],
    "subCategories": [
      {
        "code": "Canned Food",
        "desc": "Canned Food"
      }
    ],
    "brands": [
      {
        "code": "Dinty Moore",
        "desc": "Dinty Moore"
      }
    ],
    "price": {
      "basePrice": 2.49,
      "discountPrice": 2.49
    },
    "type": {
      "code": "Canned Meals & Beans",
      "desc": "Canned Meals & Beans"
    },
    "weight": "20 oz",
    "UpcCode": "",
    "tax": 0.0,
    "spiceLevel": "",
    "aiselNo": "2",
    "store": "Market Basket",
    "weightType": "20 oz",
    "imageName": "17120.jpg",
    "defaultImage": "17120.jpg",
    "updatedTimestamp": "Jan 23, 2021 8:02:30 PM",
    "createdTimestamp": "Jan 23, 2021 8:02:30 PM",
    "isNewlyAdded": false,
    "isActive": true,
    "isDealsEnabled": false,
    "quantity": 0
  },
  {
    "id": 560,
    "code": "Woolite All Clothes Laundry Detergent 33 Loads",
    "desc": "Woolite All Clothes Laundry Detergent 33 Loads",
    "shortDesc": "Woolite All Clothes Laundry Detergent 33 Loads",
    "tags": [
      "Laundry Detergent"
    ],
    "categories": [
      {
        "code": "Laundry & Paper Goods",
        "desc": "Laundry & Paper Goods"
      }
    ],
    "subCategories": [
      {
        "code": "Laundry",
        "desc": "Laundry"
      }
    ],
    "brands": [
      {
        "code": "Woolite",
        "desc": "Woolite"
      }
    ],
    "price": {
      "basePrice": 12.49,
      "discountPrice": 12.49
    },
    "type": {
      "code": "Laundry Detergent",
      "desc": "Laundry Detergent"
    },
    "weight": "50 fl oz",
    "UpcCode": "",
    "tax": 1.0,
    "spiceLevel": "",
    "aiselNo": "15",
    "store": "Market Basket",
    "weightType": "50 fl oz",
    "imageName": "No Image.jpg",
    "defaultImage": "No Image.jpg",
    "updatedTimestamp": "Jan 23, 2021 8:02:30 PM",
    "createdTimestamp": "Jan 23, 2021 8:02:30 PM",
    "isNewlyAdded": false,
    "isActive": true,
    "isDealsEnabled": false,
    "quantity": 0
  },
  {
    "id": 13423,
    "code": "Market Basket Egg Starts",
    "desc": "Market Basket Egg Starts",
    "shortDesc": "Market Basket Egg Starts",
    "tags": [
      "Eggs"
    ],
    "categories": [
      {
        "code": "Breakfast & Dairy",
        "desc": "Breakfast & Dairy"
      }
    ],
    "subCategories": [
      {
        "code": "Dairy & Eggs",
        "desc": "Dairy & Eggs"
      }
    ],
    "brands": [
      {
        "code": "Market Basket",
        "desc": "Market Basket"
      }
    ],
    "price": {
      "basePrice": 2.39,
      "discountPrice": 2.39
    },
    "type": {
      "code": "Eggs",
      "desc": "Eggs"
    },
    "weight": "16 oz",
    "UpcCode": "",
    "tax": 0.0,
    "spiceLevel": "",
    "aiselNo": "1",
    "store": "Market Basket",
    "weightType": "16 oz",
    "imageName": "Market Basket.jpg",
    "defaultImage": "Market Basket.jpg",
    "updatedTimestamp": "Jan 23, 2021 8:02:30 PM",
    "createdTimestamp": "Jan 23, 2021 8:02:30 PM",
    "isNewlyAdded": false,
    "isActive": true,
    "isDealsEnabled": false,
    "quantity": 0
  },
  {
    "id": 6662,
    "code": "Simply Orange PULP FREE  fruit  NOT FROM CONCENTRATE 100% Orange JUICE",
    "desc": "Simply Orange PULP FREE  fruit  NOT FROM CONCENTRATE 100% Orange JUICE",
    "shortDesc": "Simply Orange PULP FREE  fruit  NOT FROM CONCENTRATE 100% Orange JUICE",
    "tags": [
      "Refrigerated Drinks"
    ],
    "categories": [
      {
        "code": "Beverages & Juices",
        "desc": "Beverages & Juices"
      }
    ],
    "subCategories": [
      {
        "code": "Juices & Refrigerated Drinks",
        "desc": "Juices & Refrigerated Drinks"
      }
    ],
    "brands": [
      {
        "code": "Simply",
        "desc": "Simply"
      }
    ],
    "price": {
      "basePrice": 3.74,
      "discountPrice": 3.74
    },
    "type": {
      "code": "Refrigerated Drinks",
      "desc": "Refrigerated Drinks"
    },
    "weight": "52 fl oz",
    "UpcCode": "",
    "tax": 0.0,
    "spiceLevel": "",
    "aiselNo": "1",
    "store": "Market Basket",
    "weightType": "52 fl oz",
    "imageName": "X770.jpg",
    "defaultImage": "X770.jpg",
    "updatedTimestamp": "Jan 23, 2021 8:02:29 PM",
    "createdTimestamp": "Jan 23, 2021 8:02:29 PM",
    "isNewlyAdded": false,
    "isActive": true,
    "isDealsEnabled": false,
    "quantity": 0
  },
  {
    "id": 8798,
    "code": "Olde Cape Cod Light Marinade Dressing Raspberry Vinaigrette",
    "desc": "Olde Cape Cod Light Marinade Dressing Raspberry Vinaigrette",
    "shortDesc": "Olde Cape Cod Light Marinade Dressing Raspberry Vinaigrette",
    "tags": [
      "Salad Dressing & Toppings"
    ],
    "categories": [
      {
        "code": "Condiments & Dressings",
        "desc": "Condiments & Dressings"
      }
    ],
    "subCategories": [
      {
        "code": "Salad Dressings & Toppings",
        "desc": "Salad Dressings & Toppings"
      }
    ],
    "brands": [
      {
        "code": "Cape Cod",
        "desc": "Cape Cod"
      }
    ],
    "price": {
      "basePrice": 3.09,
      "discountPrice": 3.09
    },
    "type": {
      "code": "Salad Dressing & Toppings",
      "desc": "Salad Dressing & Toppings"
    },
    "weight": "8 fl oz",
    "UpcCode": "",
    "tax": 0.0,
    "spiceLevel": "",
    "aiselNo": "2",
    "store": "Market Basket",
    "weightType": "8 fl oz",
    "imageName": "15428.jpg",
    "defaultImage": "15428.jpg",
    "updatedTimestamp": "Jan 23, 2021 8:02:30 PM",
    "createdTimestamp": "Jan 23, 2021 8:02:30 PM",
    "isNewlyAdded": false,
    "isActive": true,
    "isDealsEnabled": false,
    "quantity": 0
  },
  {
    "id": 8036,
    "code": "Lipton Soup And Dip Mix Savory Herb And Garlic",
    "desc": "Lipton Soup And Dip Mix Savory Herb And Garlic",
    "shortDesc": "Lipton Soup And Dip Mix Savory Herb And Garlic",
    "tags": [
      "Soup, Broth & Bouillon"
    ],
    "categories": [
      {
        "code": "Cooking Needs",
        "desc": "Cooking Needs"
      }
    ],
    "subCategories": [
      {
        "code": "Canned Food",
        "desc": "Canned Food"
      }
    ],
    "brands": [
      {
        "code": "Lipton",
        "desc": "Lipton"
      }
    ],
    "price": {
      "basePrice": 1.89,
      "discountPrice": 1.89
    },
    "type": {
      "code": "Soup, Broth & Bouillon",
      "desc": "Soup, Broth & Bouillon"
    },
    "weight": "2 x 2.4 oz",
    "UpcCode": "",
    "tax": 0.0,
    "spiceLevel": "",
    "aiselNo": "2",
    "store": "Market Basket",
    "weightType": "2 x 2.4 oz",
    "imageName": "17254.jpg",
    "defaultImage": "17254.jpg",
    "updatedTimestamp": "Jan 23, 2021 8:02:30 PM",
    "createdTimestamp": "Jan 23, 2021 8:02:30 PM",
    "isNewlyAdded": false,
    "isActive": true,
    "isDealsEnabled": false,
    "quantity": 0
  },
  {
    "id": 8263,
    "code": "Sesame King Roasted Tahini",
    "desc": "Sesame King Roasted Tahini",
    "shortDesc": "Sesame King Roasted Tahini",
    "tags": [
      "Condiments"
    ],
    "categories": [
      {
        "code": "Condiments & Dressings",
        "desc": "Condiments & Dressings"
      }
    ],
    "subCategories": [
      {
        "code": "Marinades, Ketchup & Sauces",
        "desc": "Marinades, Ketchup & Sauces"
      }
    ],
    "brands": [
      {
        "code": "Sesame King",
        "desc": "Sesame King"
      }
    ],
    "price": {
      "basePrice": 3.69,
      "discountPrice": 3.69
    },
    "type": {
      "code": "Condiments",
      "desc": "Condiments"
    },
    "weight": "16 oz",
    "UpcCode": "",
    "tax": 0.0,
    "spiceLevel": "",
    "aiselNo": "2",
    "store": "Market Basket",
    "weightType": "16 oz",
    "imageName": "17959.jpg",
    "defaultImage": "17959.jpg",
    "updatedTimestamp": "Jan 23, 2021 8:02:30 PM",
    "createdTimestamp": "Jan 23, 2021 8:02:30 PM",
    "isNewlyAdded": false,
    "isActive": true,
    "isDealsEnabled": false,
    "quantity": 0
  },
  {
    "id": 4678,
    "code": "Pastene Sardines Boneless, Skinless In Olive Oil",
    "desc": "Pastene Sardines Boneless, Skinless In Olive Oil",
    "shortDesc": "Pastene Sardines Boneless, Skinless In Olive Oil",
    "tags": [
      "Canned Sardines"
    ],
    "categories": [
      {
        "code": "Meat & Seafood",
        "desc": "Meat & Seafood"
      }
    ],
    "subCategories": [
      {
        "code": "Canned Meat & Seafood",
        "desc": "Canned Meat & Seafood"
      }
    ],
    "brands": [
      {
        "code": "Pastene",
        "desc": "Pastene"
      }
    ],
    "price": {
      "basePrice": 3.09,
      "discountPrice": 3.09
    },
    "type": {
      "code": "Canned Sardines",
      "desc": "Canned Sardines"
    },
    "weight": "4.38 oz",
    "UpcCode": "",
    "tax": 0.0,
    "spiceLevel": "",
    "aiselNo": "2",
    "store": "Market Basket",
    "weightType": "4.38 oz",
    "imageName": "17166.jpg",
    "defaultImage": "17166.jpg",
    "updatedTimestamp": "Jan 23, 2021 8:02:30 PM",
    "createdTimestamp": "Jan 23, 2021 8:02:30 PM",
    "isNewlyAdded": false,
    "isActive": true,
    "isDealsEnabled": false,
    "quantity": 0
  },
  {
    "id": 13923,
    "code": "Lactaid 100% Lactose Free Whole Milk",
    "desc": "Lactaid 100% Lactose Free Whole Milk",
    "shortDesc": "Lactaid 100% Lactose Free Whole Milk",
    "tags": [
      "Soy & Lactose-Free Milk"
    ],
    "categories": [
      {
        "code": "Breakfast & Dairy",
        "desc": "Breakfast & Dairy"
      }
    ],
    "subCategories": [
      {
        "code": "Dairy & Eggs",
        "desc": "Dairy & Eggs"
      }
    ],
    "brands": [
      {
        "code": "Lactaid",
        "desc": "Lactaid"
      }
    ],
    "price": {
      "basePrice": 4.86,
      "discountPrice": 4.86
    },
    "type": {
      "code": "Soy & Lactose-Free Milk",
      "desc": "Soy & Lactose-Free Milk"
    },
    "weight": "0.5 gal",
    "UpcCode": "",
    "tax": 0.0,
    "spiceLevel": "",
    "aiselNo": "1",
    "store": "Market Basket",
    "weightType": "0.5 gal",
    "imageName": "769.jpg",
    "defaultImage": "769.jpg",
    "updatedTimestamp": "Jan 23, 2021 8:02:30 PM",
    "createdTimestamp": "Jan 23, 2021 8:02:30 PM",
    "isNewlyAdded": false,
    "isActive": true,
    "isDealsEnabled": false,
    "quantity": 0
  },
  {
    "id": 7776,
    "code": "Kuner's Chili Beans Cumin & Chili Sauce",
    "desc": "Kuner's Chili Beans Cumin & Chili Sauce",
    "shortDesc": "Kuner's Chili Beans Cumin & Chili Sauce",
    "tags": [
      "Canned Meals & Beans"
    ],
    "categories": [
      {
        "code": "Cooking Needs",
        "desc": "Cooking Needs"
      }
    ],
    "subCategories": [
      {
        "code": "Canned Food",
        "desc": "Canned Food"
      }
    ],
    "brands": [
      {
        "code": "Kuner's",
        "desc": "Kuner's"
      }
    ],
    "price": {
      "basePrice": 1.29,
      "discountPrice": 1.29
    },
    "type": {
      "code": "Canned Meals & Beans",
      "desc": "Canned Meals & Beans"
    },
    "weight": "15 oz",
    "UpcCode": "",
    "tax": 0.0,
    "spiceLevel": "",
    "aiselNo": "2",
    "store": "Market Basket",
    "weightType": "15 oz",
    "imageName": "17127.jpg",
    "defaultImage": "17127.jpg",
    "updatedTimestamp": "Jan 23, 2021 8:02:30 PM",
    "createdTimestamp": "Jan 23, 2021 8:02:30 PM",
    "isNewlyAdded": false,
    "isActive": true,
    "isDealsEnabled": false,
    "quantity": 0
  },
  {
    "id": 8903,
    "code": "Marie's Ranch Yogurt Dressing",
    "desc": "Marie's Ranch Yogurt Dressing",
    "shortDesc": "Marie's Ranch Yogurt Dressing",
    "tags": [
      "Salad Dressing & Toppings"
    ],
    "categories": [
      {
        "code": "Condiments & Dressings",
        "desc": "Condiments & Dressings"
      }
    ],
    "subCategories": [
      {
        "code": "Salad Dressings & Toppings",
        "desc": "Salad Dressings & Toppings"
      }
    ],
    "brands": [
      {
        "code": "Marie's",
        "desc": "Marie's"
      }
    ],
    "price": {
      "basePrice": 3.19,
      "discountPrice": 3.19
    },
    "type": {
      "code": "Salad Dressing & Toppings",
      "desc": "Salad Dressing & Toppings"
    },
    "weight": "11.5 fl oz",
    "UpcCode": "",
    "tax": 0.0,
    "spiceLevel": "",
    "aiselNo": "2",
    "store": "Market Basket",
    "weightType": "11.5 fl oz",
    "imageName": "15477.jpg",
    "defaultImage": "15477.jpg",
    "updatedTimestamp": "Jan 23, 2021 8:02:30 PM",
    "createdTimestamp": "Jan 23, 2021 8:02:30 PM",
    "isNewlyAdded": false,
    "isActive": true,
    "isDealsEnabled": false,
    "quantity": 0
  },
  {
    "id": 8309,
    "code": "Joseph's Hommus Original",
    "desc": "Joseph's Hommus Original",
    "shortDesc": "Joseph's Hommus Original",
    "tags": [
      "Hommus"
    ],
    "categories": [
      {
        "code": "Condiments & Dressings",
        "desc": "Condiments & Dressings"
      }
    ],
    "subCategories": [
      {
        "code": "Fresh Dips & Tapenades",
        "desc": "Fresh Dips & Tapenades"
      }
    ],
    "brands": [
      {
        "code": "Joseph's",
        "desc": "Joseph's"
      }
    ],
    "price": {
      "basePrice": 2.49,
      "discountPrice": 2.49
    },
    "type": {
      "code": "Hommus",
      "desc": "Hommus"
    },
    "weight": "8 oz",
    "UpcCode": "",
    "tax": 0.0,
    "spiceLevel": "",
    "aiselNo": "1",
    "store": "Market Basket",
    "weightType": "8 oz",
    "imageName": "5521.jpg",
    "defaultImage": "5521.jpg",
    "updatedTimestamp": "Jan 23, 2021 8:02:30 PM",
    "createdTimestamp": "Jan 23, 2021 8:02:30 PM",
    "isNewlyAdded": false,
    "isActive": true,
    "isDealsEnabled": false,
    "quantity": 0
  },
  {
    "id": 590,
    "code": "Ultra Snuggle Fabric Conditioner with Fresh Release Blue Sparkle 120 loads",
    "desc": "Ultra Snuggle Fabric Conditioner with Fresh Release Blue Sparkle 120 loads",
    "shortDesc": "Ultra Snuggle Fabric Conditioner with Fresh Release Blue Sparkle 120 loads",
    "tags": [
      "Fabric Softener"
    ],
    "categories": [
      {
        "code": "Laundry & Paper Goods",
        "desc": "Laundry & Paper Goods"
      }
    ],
    "subCategories": [
      {
        "code": "Laundry",
        "desc": "Laundry"
      }
    ],
    "brands": [
      {
        "code": "Snuggle",
        "desc": "Snuggle"
      }
    ],
    "price": {
      "basePrice": 8.74,
      "discountPrice": 8.74
    },
    "type": {
      "code": "Fabric Softener",
      "desc": "Fabric Softener"
    },
    "weight": "96 fl oz",
    "UpcCode": "",
    "tax": 1.0,
    "spiceLevel": "",
    "aiselNo": "15",
    "store": "Market Basket",
    "weightType": "96 fl oz",
    "imageName": "No Image.jpg",
    "defaultImage": "No Image.jpg",
    "updatedTimestamp": "Jan 23, 2021 8:02:30 PM",
    "createdTimestamp": "Jan 23, 2021 8:02:30 PM",
    "isNewlyAdded": false,
    "isActive": true,
    "isDealsEnabled": false,
    "quantity": 0
  },
  {
    "id": 4642,
    "code": "Bumble Bee Snack On The Run! with Crackers Tuna Salad",
    "desc": "Bumble Bee Snack On The Run! with Crackers Tuna Salad",
    "shortDesc": "Bumble Bee Snack On The Run! with Crackers Tuna Salad",
    "tags": [
      "Canned Tuna"
    ],
    "categories": [
      {
        "code": "Meat & Seafood",
        "desc": "Meat & Seafood"
      }
    ],
    "subCategories": [
      {
        "code": "Canned Meat & Seafood",
        "desc": "Canned Meat & Seafood"
      }
    ],
    "brands": [
      {
        "code": "Bumble Bee",
        "desc": "Bumble Bee"
      }
    ],
    "price": {
      "basePrice": 1.59,
      "discountPrice": 1.59
    },
    "type": {
      "code": "Canned Tuna",
      "desc": "Canned Tuna"
    },
    "weight": "3.5 oz",
    "UpcCode": "",
    "tax": 0.0,
    "spiceLevel": "",
    "aiselNo": "2",
    "store": "Market Basket",
    "weightType": "3.5 oz",
    "imageName": "5196.jpg",
    "defaultImage": "5196.jpg",
    "updatedTimestamp": "Jan 23, 2021 8:02:30 PM",
    "createdTimestamp": "Jan 23, 2021 8:02:30 PM",
    "isNewlyAdded": false,
    "isActive": true,
    "isDealsEnabled": false,
    "quantity": 0
  },
  {
    "id": 6435,
    "code": "Market Basket Club Soda",
    "desc": "Market Basket Club Soda",
    "shortDesc": "Market Basket Club Soda",
    "tags": [
      "Soft Drinks"
    ],
    "categories": [
      {
        "code": "Beverages & Juices",
        "desc": "Beverages & Juices"
      }
    ],
    "subCategories": [
      {
        "code": "Soft Drinks & Seltzers",
        "desc": "Soft Drinks & Seltzers"
      }
    ],
    "brands": [
      {
        "code": "Market Basket",
        "desc": "Market Basket"
      }
    ],
    "price": {
      "basePrice": 2.24,
      "discountPrice": 2.24
    },
    "type": {
      "code": "Soft Drinks",
      "desc": "Soft Drinks"
    },
    "weight": "6 x 8 fl oz",
    "UpcCode": "",
    "tax": 0.0,
    "spiceLevel": "",
    "aiselNo": "17",
    "store": "Market Basket",
    "weightType": "6 x 8 fl oz",
    "imageName": "Market Basket.jpg",
    "defaultImage": "Market Basket.jpg",
    "updatedTimestamp": "Jan 23, 2021 8:02:30 PM",
    "createdTimestamp": "Jan 23, 2021 8:02:30 PM",
    "isNewlyAdded": false,
    "isActive": true,
    "isDealsEnabled": false,
    "quantity": 0
  },
  {
    "id": 9842,
    "code": "Market Basket Chopped Onions",
    "desc": "Market Basket Chopped Onions",
    "shortDesc": "Market Basket Chopped Onions",
    "tags": [
      "Frozen Produce"
    ],
    "categories": [
      {
        "code": "Frozen Food",
        "desc": "Frozen Food"
      }
    ],
    "subCategories": [
      {
        "code": "Frozen Produce",
        "desc": "Frozen Produce"
      }
    ],
    "brands": [
      {
        "code": "Market Basket",
        "desc": "Market Basket"
      }
    ],
    "price": {
      "basePrice": 0.89,
      "discountPrice": 0.89
    },
    "type": {
      "code": "Frozen Produce",
      "desc": "Frozen Produce"
    },
    "weight": "10 oz",
    "UpcCode": "",
    "tax": 0.0,
    "spiceLevel": "",
    "aiselNo": "19",
    "store": "Market Basket",
    "weightType": "10 oz",
    "imageName": "Market Basket.jpg",
    "defaultImage": "Market Basket.jpg",
    "updatedTimestamp": "Jan 23, 2021 8:02:30 PM",
    "createdTimestamp": "Jan 23, 2021 8:02:30 PM",
    "isNewlyAdded": false,
    "isActive": true,
    "isDealsEnabled": false,
    "quantity": 0
  },
  {
    "id": 120,
    "code": "Weiman Wipes, Granite",
    "desc": "Weiman Wipes, Granite",
    "shortDesc": "Weiman Wipes, Granite",
    "tags": [
      "Cleaning Wipes"
    ],
    "categories": [
      {
        "code": "Kitchen & Cleaning",
        "desc": "Kitchen & Cleaning"
      }
    ],
    "subCategories": [
      {
        "code": "Cleaning Products",
        "desc": "Cleaning Products"
      }
    ],
    "brands": [
      {
        "code": "Weiman",
        "desc": "Weiman"
      }
    ],
    "price": {
      "basePrice": 3.69,
      "discountPrice": 3.69
    },
    "type": {
      "code": "Cleaning Wipes",
      "desc": "Cleaning Wipes"
    },
    "weight": "30 count",
    "UpcCode": "",
    "tax": 1.0,
    "spiceLevel": "",
    "aiselNo": "15",
    "store": "Market Basket",
    "weightType": "30 count",
    "imageName": "4313.jpg",
    "defaultImage": "4313.jpg",
    "updatedTimestamp": "Jan 23, 2021 8:02:30 PM",
    "createdTimestamp": "Jan 23, 2021 8:02:30 PM",
    "isNewlyAdded": false,
    "isActive": true,
    "isDealsEnabled": false,
    "quantity": 0
  },
  {
    "id": 6132,
    "code": "Market Basket Diet Cola",
    "desc": "Market Basket Diet Cola",
    "shortDesc": "Market Basket Diet Cola",
    "tags": [
      "Soft Drinks"
    ],
    "categories": [
      {
        "code": "Beverages & Juices",
        "desc": "Beverages & Juices"
      }
    ],
    "subCategories": [
      {
        "code": "Soft Drinks & Seltzers",
        "desc": "Soft Drinks & Seltzers"
      }
    ],
    "brands": [
      {
        "code": "Market Basket",
        "desc": "Market Basket"
      }
    ],
    "price": {
      "basePrice": 1.1,
      "discountPrice": 1.1
    },
    "type": {
      "code": "Soft Drinks",
      "desc": "Soft Drinks"
    },
    "weight": "2 L",
    "UpcCode": "",
    "tax": 0.0,
    "spiceLevel": "",
    "aiselNo": "17",
    "store": "Market Basket",
    "weightType": "2 L",
    "imageName": "Market Basket.jpg",
    "defaultImage": "Market Basket.jpg",
    "updatedTimestamp": "Jan 23, 2021 8:02:30 PM",
    "createdTimestamp": "Jan 23, 2021 8:02:30 PM",
    "isNewlyAdded": false,
    "isActive": true,
    "isDealsEnabled": false,
    "quantity": 0
  },
  {
    "id": 4065,
    "code": "Bottom Round Beef Roast",
    "desc": "Bottom Round Beef Roast",
    "shortDesc": "Bottom Round Beef Roast",
    "tags": [
      "Beef"
    ],
    "categories": [
      {
        "code": "Meat & Seafood",
        "desc": "Meat & Seafood"
      }
    ],
    "subCategories": [
      {
        "code": "Meat & Seafood Counter",
        "desc": "Meat & Seafood Counter"
      }
    ],
    "brands": [
      {
        "code": "Market Basket",
        "desc": "Market Basket"
      }
    ],
    "price": {
      "basePrice": 5.49,
      "discountPrice": 5.49
    },
    "type": {
      "code": "Beef",
      "desc": "Beef"
    },
    "weight": "1 lb",
    "UpcCode": "",
    "tax": 0.0,
    "spiceLevel": "",
    "aiselNo": "22",
    "store": "Market Basket",
    "weightType": "1 lb",
    "imageName": "Market Basket.jpg",
    "defaultImage": "Market Basket.jpg",
    "updatedTimestamp": "Jan 23, 2021 8:02:30 PM",
    "createdTimestamp": "Jan 23, 2021 8:02:30 PM",
    "isNewlyAdded": false,
    "isActive": true,
    "isDealsEnabled": false,
    "quantity": 0
  },
  {
    "id": 14538,
    "code": "Bigelow Plantation Mint Classic Tea Bags",
    "desc": "Bigelow Plantation Mint Classic Tea Bags",
    "shortDesc": "Bigelow Plantation Mint Classic Tea Bags",
    "tags": [
      "Tea"
    ],
    "categories": [
      {
        "code": "Breakfast & Dairy",
        "desc": "Breakfast & Dairy"
      }
    ],
    "subCategories": [
      {
        "code": "Tea & Coffee",
        "desc": "Tea & Coffee"
      }
    ],
    "brands": [
      {
        "code": "Bigelow ",
        "desc": "Bigelow "
      }
    ],
    "price": {
      "basePrice": 3.09,
      "discountPrice": 3.09
    },
    "type": {
      "code": "Tea",
      "desc": "Tea"
    },
    "weight": "20 count",
    "UpcCode": "",
    "tax": 0.0,
    "spiceLevel": "",
    "aiselNo": "8",
    "store": "Market Basket",
    "weightType": "20 count",
    "imageName": "3423.jpg",
    "defaultImage": "3423.jpg",
    "updatedTimestamp": "Jan 23, 2021 8:02:30 PM",
    "createdTimestamp": "Jan 23, 2021 8:02:30 PM",
    "isNewlyAdded": false,
    "isActive": true,
    "isDealsEnabled": false,
    "quantity": 0
  },
  {
    "id": 14795,
    "code": "Suave Sun-Ripened Strawberry Conditioner",
    "desc": "Suave Sun-Ripened Strawberry Conditioner",
    "shortDesc": "Suave Sun-Ripened Strawberry Conditioner",
    "tags": [
      "Hair Care"
    ],
    "categories": [
      {
        "code": "Personal Care",
        "desc": "Personal Care"
      }
    ],
    "subCategories": [
      {
        "code": "Body Wash, Soap & Hair Care",
        "desc": "Body Wash, Soap & Hair Care"
      }
    ],
    "brands": [
      {
        "code": "Suave",
        "desc": "Suave"
      }
    ],
    "price": {
      "basePrice": 2.17,
      "discountPrice": 2.17
    },
    "type": {
      "code": "Hair Care",
      "desc": "Hair Care"
    },
    "weight": "22.5 oz",
    "UpcCode": "",
    "tax": 1.0,
    "spiceLevel": "",
    "aiselNo": "13",
    "store": "Market Basket",
    "weightType": "22.5 oz",
    "imageName": "6566.jpg",
    "defaultImage": "6566.jpg",
    "updatedTimestamp": "Jan 23, 2021 8:02:30 PM",
    "createdTimestamp": "Jan 23, 2021 8:02:30 PM",
    "isNewlyAdded": false,
    "isActive": true,
    "isDealsEnabled": false,
    "quantity": 0
  },
  {
    "id": 9819,
    "code": "Green Giant No Sauce Sweet Peas",
    "desc": "Green Giant No Sauce Sweet Peas",
    "shortDesc": "Green Giant No Sauce Sweet Peas",
    "tags": [
      "Frozen Produce"
    ],
    "categories": [
      {
        "code": "Frozen Food",
        "desc": "Frozen Food"
      }
    ],
    "subCategories": [
      {
        "code": "Frozen Produce",
        "desc": "Frozen Produce"
      }
    ],
    "brands": [
      {
        "code": "Green Giant",
        "desc": "Green Giant"
      }
    ],
    "price": {
      "basePrice": 2.09,
      "discountPrice": 2.09
    },
    "type": {
      "code": "Frozen Produce",
      "desc": "Frozen Produce"
    },
    "weight": "9 oz",
    "UpcCode": "",
    "tax": 0.0,
    "spiceLevel": "",
    "aiselNo": "19",
    "store": "Market Basket",
    "weightType": "9 oz",
    "imageName": "2449.jpg",
    "defaultImage": "2449.jpg",
    "updatedTimestamp": "Jan 23, 2021 8:02:30 PM",
    "createdTimestamp": "Jan 23, 2021 8:02:30 PM",
    "isNewlyAdded": false,
    "isActive": true,
    "isDealsEnabled": false,
    "quantity": 0
  },
  {
    "id": 3889,
    "code": "Shiitake Mushroom",
    "desc": "Shiitake Mushroom",
    "shortDesc": "Shiitake Mushroom",
    "tags": [
      "Mushroom"
    ],
    "categories": [
      {
        "code": "Fresh Produce",
        "desc": "Fresh Produce"
      }
    ],
    "subCategories": [
      {
        "code": "Fresh Vegetables",
        "desc": "Fresh Vegetables"
      }
    ],
    "brands": [
      {
        "code": "Market Basket",
        "desc": "Market Basket"
      }
    ],
    "price": {
      "basePrice": 4.24,
      "discountPrice": 4.24
    },
    "type": {
      "code": "Mushroom",
      "desc": "Mushroom"
    },
    "weight": "1 each",
    "UpcCode": "",
    "tax": 0.0,
    "spiceLevel": "",
    "aiselNo": "20",
    "store": "Market Basket",
    "weightType": "1 each",
    "imageName": "14419.jpg",
    "defaultImage": "14419.jpg",
    "updatedTimestamp": "Jan 23, 2021 8:02:30 PM",
    "createdTimestamp": "Jan 23, 2021 8:02:30 PM",
    "isNewlyAdded": false,
    "isActive": true,
    "isDealsEnabled": false,
    "quantity": 0
  },
  {
    "id": 9070,
    "code": "Teddie Organic All Natural Peanut Butter Chunky",
    "desc": "Teddie Organic All Natural Peanut Butter Chunky",
    "shortDesc": "Teddie Organic All Natural Peanut Butter Chunky",
    "tags": [
      "Spreads"
    ],
    "categories": [
      {
        "code": "Condiments & Dressings",
        "desc": "Condiments & Dressings"
      }
    ],
    "subCategories": [
      {
        "code": "Preserved Dips & Spreads",
        "desc": "Preserved Dips & Spreads"
      }
    ],
    "brands": [
      {
        "code": "Teddie",
        "desc": "Teddie"
      }
    ],
    "price": {
      "basePrice": 6.09,
      "discountPrice": 6.09
    },
    "type": {
      "code": "Spreads",
      "desc": "Spreads"
    },
    "weight": "16 oz",
    "UpcCode": "",
    "tax": 0.0,
    "spiceLevel": "",
    "aiselNo": "3",
    "store": "Market Basket",
    "weightType": "16 oz",
    "imageName": "No Image.jpg",
    "defaultImage": "No Image.jpg",
    "updatedTimestamp": "Jan 23, 2021 8:02:30 PM",
    "createdTimestamp": "Jan 23, 2021 8:02:30 PM",
    "isNewlyAdded": false,
    "isActive": true,
    "isDealsEnabled": false,
    "quantity": 0
  },
  {
    "id": 9909,
    "code": "Boca Original Veggie Crumble",
    "desc": "Boca Original Veggie Crumble",
    "shortDesc": "Boca Original Veggie Crumble",
    "tags": [
      "Frozen Vegan & Vegetarian"
    ],
    "categories": [
      {
        "code": "Frozen Food",
        "desc": "Frozen Food"
      }
    ],
    "subCategories": [
      {
        "code": "Frozen Dinners & Entrees",
        "desc": "Frozen Dinners & Entrees"
      }
    ],
    "brands": [
      {
        "code": "Boca",
        "desc": "Boca"
      }
    ],
    "price": {
      "basePrice": 3.89,
      "discountPrice": 3.89
    },
    "type": {
      "code": "Frozen Vegan & Vegetarian",
      "desc": "Frozen Vegan & Vegetarian"
    },
    "weight": "12 oz",
    "UpcCode": "",
    "tax": 0.0,
    "spiceLevel": "",
    "aiselNo": "1",
    "store": "Market Basket",
    "weightType": "12 oz",
    "imageName": "2940.jpg",
    "defaultImage": "2940.jpg",
    "updatedTimestamp": "Jan 23, 2021 8:02:30 PM",
    "createdTimestamp": "Jan 23, 2021 8:02:30 PM",
    "isNewlyAdded": false,
    "isActive": true,
    "isDealsEnabled": false,
    "quantity": 0
  },
  {
    "id": 13644,
    "code": "Cabot Creamery Extra Sharp Cheddar Cheese",
    "desc": "Cabot Creamery Extra Sharp Cheddar Cheese",
    "shortDesc": "Cabot Creamery Extra Sharp Cheddar Cheese",
    "tags": [
      "Packaged Cheese"
    ],
    "categories": [
      {
        "code": "Breakfast & Dairy",
        "desc": "Breakfast & Dairy"
      }
    ],
    "subCategories": [
      {
        "code": "Dairy & Eggs",
        "desc": "Dairy & Eggs"
      }
    ],
    "brands": [
      {
        "code": "Cabot Creamery",
        "desc": "Cabot Creamery"
      }
    ],
    "price": {
      "basePrice": 10.99,
      "discountPrice": 10.99
    },
    "type": {
      "code": "Packaged Cheese",
      "desc": "Packaged Cheese"
    },
    "weight": "2 lb",
    "UpcCode": "",
    "tax": 0.0,
    "spiceLevel": "",
    "aiselNo": "1",
    "store": "Market Basket",
    "weightType": "2 lb",
    "imageName": "147.jpg",
    "defaultImage": "147.jpg",
    "updatedTimestamp": "Jan 23, 2021 8:02:30 PM",
    "createdTimestamp": "Jan 23, 2021 8:02:30 PM",
    "isNewlyAdded": false,
    "isActive": true,
    "isDealsEnabled": false,
    "quantity": 0
  },
  {
    "id": 8778,
    "code": "Tostitos Habanero Salsa",
    "desc": "Tostitos Habanero Salsa",
    "shortDesc": "Tostitos Habanero Salsa",
    "tags": [
      "Preserved Dips & Salsa"
    ],
    "categories": [
      {
        "code": "Condiments & Dressings",
        "desc": "Condiments & Dressings"
      }
    ],
    "subCategories": [
      {
        "code": "Preserved Dips & Spreads",
        "desc": "Preserved Dips & Spreads"
      }
    ],
    "brands": [
      {
        "code": "Tostitos",
        "desc": "Tostitos"
      }
    ],
    "price": {
      "basePrice": 3.69,
      "discountPrice": 3.69
    },
    "type": {
      "code": "Preserved Dips & Salsa",
      "desc": "Preserved Dips & Salsa"
    },
    "weight": "15 oz",
    "UpcCode": "",
    "tax": 0.0,
    "spiceLevel": "",
    "aiselNo": "0",
    "store": "Market Basket",
    "weightType": "15 oz",
    "imageName": "1997.jpg",
    "defaultImage": "1997.jpg",
    "updatedTimestamp": "Jan 23, 2021 8:02:30 PM",
    "createdTimestamp": "Jan 23, 2021 8:02:30 PM",
    "isNewlyAdded": false,
    "isActive": true,
    "isDealsEnabled": false,
    "quantity": 0
  },
  {
    "id": 14786,
    "code": "Scunci U got this No Slip Grip Head Bands",
    "desc": "Scunci U got this No Slip Grip Head Bands",
    "shortDesc": "Scunci U got this No Slip Grip Head Bands",
    "tags": [
      "Hair Care"
    ],
    "categories": [
      {
        "code": "Personal Care",
        "desc": "Personal Care"
      }
    ],
    "subCategories": [
      {
        "code": "Body Wash, Soap & Hair Care",
        "desc": "Body Wash, Soap & Hair Care"
      }
    ],
    "brands": [
      {
        "code": "Scunci",
        "desc": "Scunci"
      }
    ],
    "price": {
      "basePrice": 5.62,
      "discountPrice": 5.62
    },
    "type": {
      "code": "Hair Care",
      "desc": "Hair Care"
    },
    "weight": "4 count",
    "UpcCode": "",
    "tax": 1.0,
    "spiceLevel": "",
    "aiselNo": "13",
    "store": "Market Basket",
    "weightType": "4 count",
    "imageName": "6612.jpg",
    "defaultImage": "6612.jpg",
    "updatedTimestamp": "Jan 23, 2021 8:02:30 PM",
    "createdTimestamp": "Jan 23, 2021 8:02:30 PM",
    "isNewlyAdded": false,
    "isActive": true,
    "isDealsEnabled": false,
    "quantity": 0
  },
  {
    "id": 5304,
    "code": "Nonni's Limone Biscotti",
    "desc": "Nonni's Limone Biscotti",
    "shortDesc": "Nonni's Limone Biscotti",
    "tags": [
      "Crackers"
    ],
    "categories": [
      {
        "code": "Chips, Cookies & Snacks",
        "desc": "Chips, Cookies & Snacks"
      }
    ],
    "subCategories": [
      {
        "code": "Cookies & Crackers",
        "desc": "Cookies & Crackers"
      }
    ],
    "brands": [
      {
        "code": "Nonni's",
        "desc": "Nonni's"
      }
    ],
    "price": {
      "basePrice": 4.36,
      "discountPrice": 4.36
    },
    "type": {
      "code": "Crackers",
      "desc": "Crackers"
    },
    "weight": "6.88 oz",
    "UpcCode": "",
    "tax": 0.0,
    "spiceLevel": "",
    "aiselNo": "6",
    "store": "Market Basket",
    "weightType": "6.88 oz",
    "imageName": "No Image.jpg",
    "defaultImage": "No Image.jpg",
    "updatedTimestamp": "Jan 23, 2021 8:02:30 PM",
    "createdTimestamp": "Jan 23, 2021 8:02:30 PM",
    "isNewlyAdded": false,
    "isActive": true,
    "isDealsEnabled": false,
    "quantity": 0
  },
  {
    "id": 587,
    "code": "Snuggle Scent Shakes Scent Booster Original",
    "desc": "Snuggle Scent Shakes Scent Booster Original",
    "shortDesc": "Snuggle Scent Shakes Scent Booster Original",
    "tags": [
      "Scent Booster"
    ],
    "categories": [
      {
        "code": "Laundry & Paper Goods",
        "desc": "Laundry & Paper Goods"
      }
    ],
    "subCategories": [
      {
        "code": "Laundry",
        "desc": "Laundry"
      }
    ],
    "brands": [
      {
        "code": "Snuggle",
        "desc": "Snuggle"
      }
    ],
    "price": {
      "basePrice": 5.61,
      "discountPrice": 5.61
    },
    "type": {
      "code": "Scent Booster",
      "desc": "Scent Booster"
    },
    "weight": "255 g",
    "UpcCode": "",
    "tax": 1.0,
    "spiceLevel": "",
    "aiselNo": "15",
    "store": "Market Basket",
    "weightType": "255 g",
    "imageName": "No Image.jpg",
    "defaultImage": "No Image.jpg",
    "updatedTimestamp": "Jan 23, 2021 8:02:30 PM",
    "createdTimestamp": "Jan 23, 2021 8:02:30 PM",
    "isNewlyAdded": false,
    "isActive": true,
    "isDealsEnabled": false,
    "quantity": 0
  },
  {
    "id": 180,
    "code": "Spot Shot Carpet Stain Remover, Instant",
    "desc": "Spot Shot Carpet Stain Remover, Instant",
    "shortDesc": "Spot Shot Carpet Stain Remover, Instant",
    "tags": [
      "Other Cleaning Products"
    ],
    "categories": [
      {
        "code": "Kitchen & Cleaning",
        "desc": "Kitchen & Cleaning"
      }
    ],
    "subCategories": [
      {
        "code": "Cleaning Products",
        "desc": "Cleaning Products"
      }
    ],
    "brands": [
      {
        "code": "Spot Shot",
        "desc": "Spot Shot"
      }
    ],
    "price": {
      "basePrice": 5.39,
      "discountPrice": 5.39
    },
    "type": {
      "code": "Other Cleaning Products",
      "desc": "Other Cleaning Products"
    },
    "weight": "14 fl oz",
    "UpcCode": "",
    "tax": 1.0,
    "spiceLevel": "",
    "aiselNo": "15",
    "store": "Market Basket",
    "weightType": "14 fl oz",
    "imageName": "16826.jpg",
    "defaultImage": "16826.jpg",
    "updatedTimestamp": "Jan 23, 2021 8:02:30 PM",
    "createdTimestamp": "Jan 23, 2021 8:02:30 PM",
    "isNewlyAdded": false,
    "isActive": true,
    "isDealsEnabled": false,
    "quantity": 0
  },
  {
    "id": 6371,
    "code": "Polar Zero Sugar Tonic Water Traditional",
    "desc": "Polar Zero Sugar Tonic Water Traditional",
    "shortDesc": "Polar Zero Sugar Tonic Water Traditional",
    "tags": [
      "Tonic Water"
    ],
    "categories": [
      {
        "code": "Beverages & Juices",
        "desc": "Beverages & Juices"
      }
    ],
    "subCategories": [
      {
        "code": "Water",
        "desc": "Water"
      }
    ],
    "brands": [
      {
        "code": "Polar",
        "desc": "Polar"
      }
    ],
    "price": {
      "basePrice": 1.49,
      "discountPrice": 1.49
    },
    "type": {
      "code": "Tonic Water",
      "desc": "Tonic Water"
    },
    "weight": "1 L",
    "UpcCode": "",
    "tax": 0.0,
    "spiceLevel": "",
    "aiselNo": "11",
    "store": "Market Basket",
    "weightType": "1 L",
    "imageName": "No Image.jpg",
    "defaultImage": "No Image.jpg",
    "updatedTimestamp": "Jan 23, 2021 8:02:30 PM",
    "createdTimestamp": "Jan 23, 2021 8:02:30 PM",
    "isNewlyAdded": false,
    "isActive": true,
    "isDealsEnabled": false,
    "quantity": 0
  },
  {
    "id": 8079,
    "code": "Nongshim Bowl Noodle Savory Soup Chicken",
    "desc": "Nongshim Bowl Noodle Savory Soup Chicken",
    "shortDesc": "Nongshim Bowl Noodle Savory Soup Chicken",
    "tags": [
      "Soup, Broth & Bouillon"
    ],
    "categories": [
      {
        "code": "Cooking Needs",
        "desc": "Cooking Needs"
      }
    ],
    "subCategories": [
      {
        "code": "Canned Food",
        "desc": "Canned Food"
      }
    ],
    "brands": [
      {
        "code": "Nongshim",
        "desc": "Nongshim"
      }
    ],
    "price": {
      "basePrice": 1.29,
      "discountPrice": 1.29
    },
    "type": {
      "code": "Soup, Broth & Bouillon",
      "desc": "Soup, Broth & Bouillon"
    },
    "weight": "3.03 oz",
    "UpcCode": "",
    "tax": 0.0,
    "spiceLevel": "",
    "aiselNo": "2",
    "store": "Market Basket",
    "weightType": "3.03 oz",
    "imageName": "17209.jpg",
    "defaultImage": "17209.jpg",
    "updatedTimestamp": "Jan 23, 2021 8:02:30 PM",
    "createdTimestamp": "Jan 23, 2021 8:02:30 PM",
    "isNewlyAdded": false,
    "isActive": true,
    "isDealsEnabled": false,
    "quantity": 0
  },
  {
    "id": 5223,
    "code": "Nabisco Wheat Thins Crackers, Multigrain",
    "desc": "Nabisco Wheat Thins Crackers, Multigrain",
    "shortDesc": "Nabisco Wheat Thins Crackers, Multigrain",
    "tags": [
      "Crackers"
    ],
    "categories": [
      {
        "code": "Chips, Cookies & Snacks",
        "desc": "Chips, Cookies & Snacks"
      }
    ],
    "subCategories": [
      {
        "code": "Cookies & Crackers",
        "desc": "Cookies & Crackers"
      }
    ],
    "brands": [
      {
        "code": "Nabisco",
        "desc": "Nabisco"
      }
    ],
    "price": {
      "basePrice": 3.91,
      "discountPrice": 3.91
    },
    "type": {
      "code": "Crackers",
      "desc": "Crackers"
    },
    "weight": "8.5 oz",
    "UpcCode": "",
    "tax": 0.0,
    "spiceLevel": "",
    "aiselNo": "6",
    "store": "Market Basket",
    "weightType": "8.5 oz",
    "imageName": "No Image.jpg",
    "defaultImage": "No Image.jpg",
    "updatedTimestamp": "Jan 23, 2021 8:02:30 PM",
    "createdTimestamp": "Jan 23, 2021 8:02:30 PM",
    "isNewlyAdded": false,
    "isActive": true,
    "isDealsEnabled": false,
    "quantity": 0
  },
  {
    "id": 15239,
    "code": "Orajel Sesame Street Berry Fun Training Toothpaste",
    "desc": "Orajel Sesame Street Berry Fun Training Toothpaste",
    "shortDesc": "Orajel Sesame Street Berry Fun Training Toothpaste",
    "tags": [
      "Oral Hygiene"
    ],
    "categories": [
      {
        "code": "Personal Care",
        "desc": "Personal Care"
      }
    ],
    "subCategories": [
      {
        "code": "Personal Needs",
        "desc": "Personal Needs"
      }
    ],
    "brands": [
      {
        "code": "Orajel",
        "desc": "Orajel"
      }
    ],
    "price": {
      "basePrice": 4.93,
      "discountPrice": 4.93
    },
    "type": {
      "code": "Oral Hygiene",
      "desc": "Oral Hygiene"
    },
    "weight": "1.5 oz",
    "UpcCode": "",
    "tax": 1.0,
    "spiceLevel": "",
    "aiselNo": "13",
    "store": "Market Basket",
    "weightType": "1.5 oz",
    "imageName": "17779.jpg",
    "defaultImage": "17779.jpg",
    "updatedTimestamp": "Jan 23, 2021 8:02:30 PM",
    "createdTimestamp": "Jan 23, 2021 8:02:30 PM",
    "isNewlyAdded": false,
    "isActive": true,
    "isDealsEnabled": false,
    "quantity": 0
  },
  {
    "id": 9077,
    "code": "Trappist Jam Blackberry Seedless",
    "desc": "Trappist Jam Blackberry Seedless",
    "shortDesc": "Trappist Jam Blackberry Seedless",
    "tags": [
      "Spreads"
    ],
    "categories": [
      {
        "code": "Condiments & Dressings",
        "desc": "Condiments & Dressings"
      }
    ],
    "subCategories": [
      {
        "code": "Preserved Dips & Spreads",
        "desc": "Preserved Dips & Spreads"
      }
    ],
    "brands": [
      {
        "code": "Trappist",
        "desc": "Trappist"
      }
    ],
    "price": {
      "basePrice": 3.69,
      "discountPrice": 3.69
    },
    "type": {
      "code": "Spreads",
      "desc": "Spreads"
    },
    "weight": "12 oz",
    "UpcCode": "",
    "tax": 0.0,
    "spiceLevel": "",
    "aiselNo": "3",
    "store": "Market Basket",
    "weightType": "12 oz",
    "imageName": "1659.jpg",
    "defaultImage": "1659.jpg",
    "updatedTimestamp": "Jan 23, 2021 8:02:30 PM",
    "createdTimestamp": "Jan 23, 2021 8:02:30 PM",
    "isNewlyAdded": false,
    "isActive": true,
    "isDealsEnabled": false,
    "quantity": 0
  },
  {
    "id": 9027,
    "code": "Polaner All Fruit Spreadable Fruit Seedless Blackberry",
    "desc": "Polaner All Fruit Spreadable Fruit Seedless Blackberry",
    "shortDesc": "Polaner All Fruit Spreadable Fruit Seedless Blackberry",
    "tags": [
      "Spreads"
    ],
    "categories": [
      {
        "code": "Condiments & Dressings",
        "desc": "Condiments & Dressings"
      }
    ],
    "subCategories": [
      {
        "code": "Preserved Dips & Spreads",
        "desc": "Preserved Dips & Spreads"
      }
    ],
    "brands": [
      {
        "code": "Polaner",
        "desc": "Polaner"
      }
    ],
    "price": {
      "basePrice": 2.49,
      "discountPrice": 2.49
    },
    "type": {
      "code": "Spreads",
      "desc": "Spreads"
    },
    "weight": "10 oz",
    "UpcCode": "",
    "tax": 0.0,
    "spiceLevel": "",
    "aiselNo": "3",
    "store": "Market Basket",
    "weightType": "10 oz",
    "imageName": "1675.jpg",
    "defaultImage": "1675.jpg",
    "updatedTimestamp": "Jan 23, 2021 8:02:30 PM",
    "createdTimestamp": "Jan 23, 2021 8:02:30 PM",
    "isNewlyAdded": false,
    "isActive": true,
    "isDealsEnabled": false,
    "quantity": 0
  },
  {
    "id": 15329,
    "code": "Nature Made Calcium, 600 mg, Liquid Softgels",
    "desc": "Nature Made Calcium, 600 mg, Liquid Softgels",
    "shortDesc": "Nature Made Calcium, 600 mg, Liquid Softgels",
    "tags": [
      "Vitamins & Supplements"
    ],
    "categories": [
      {
        "code": "Personal Care",
        "desc": "Personal Care"
      }
    ],
    "subCategories": [
      {
        "code": "Vitamins & Proteins",
        "desc": "Vitamins & Proteins"
      }
    ],
    "brands": [
      {
        "code": "Nature Made",
        "desc": "Nature Made"
      }
    ],
    "price": {
      "basePrice": 16.55,
      "discountPrice": 16.55
    },
    "type": {
      "code": "Vitamins & Supplements",
      "desc": "Vitamins & Supplements"
    },
    "weight": "100 count",
    "UpcCode": "",
    "tax": 1.0,
    "spiceLevel": "",
    "aiselNo": "13",
    "store": "Market Basket",
    "weightType": "100 count",
    "imageName": "18183.jpg",
    "defaultImage": "18183.jpg",
    "updatedTimestamp": "Jan 23, 2021 8:02:30 PM",
    "createdTimestamp": "Jan 23, 2021 8:02:30 PM",
    "isNewlyAdded": false,
    "isActive": true,
    "isDealsEnabled": false,
    "quantity": 0
  },
  {
    "id": 6020,
    "code": "Red Bull Energy Drink The Yellow Edition Tropical",
    "desc": "Red Bull Energy Drink The Yellow Edition Tropical",
    "shortDesc": "Red Bull Energy Drink The Yellow Edition Tropical",
    "tags": [
      "Energy & Sports Drinks"
    ],
    "categories": [
      {
        "code": "Beverages & Juices",
        "desc": "Beverages & Juices"
      }
    ],
    "subCategories": [
      {
        "code": "Energy & Sports Drinks",
        "desc": "Energy & Sports Drinks"
      }
    ],
    "brands": [
      {
        "code": "Red Bull",
        "desc": "Red Bull"
      }
    ],
    "price": {
      "basePrice": 3.13,
      "discountPrice": 3.13
    },
    "type": {
      "code": "Energy & Sports Drinks",
      "desc": "Energy & Sports Drinks"
    },
    "weight": "12 fl oz",
    "UpcCode": "",
    "tax": 0.0,
    "spiceLevel": "",
    "aiselNo": "17",
    "store": "Market Basket",
    "weightType": "12 fl oz",
    "imageName": "3734.jpg",
    "defaultImage": "3734.jpg",
    "updatedTimestamp": "Jan 23, 2021 8:02:29 PM",
    "createdTimestamp": "Jan 23, 2021 8:02:29 PM",
    "isNewlyAdded": false,
    "isActive": true,
    "isDealsEnabled": false,
    "quantity": 0
  },
  {
    "id": 14440,
    "code": "New England Coffee Coffee, Freshly Ground, Medium Roast, Breakfast Blend, Bag",
    "desc": "New England Coffee Coffee, Freshly Ground, Medium Roast, Breakfast Blend, Bag",
    "shortDesc": "New England Coffee Coffee, Freshly Ground, Medium Roast, Breakfast Blend, Bag",
    "tags": [
      "Coffee"
    ],
    "categories": [
      {
        "code": "Breakfast & Dairy",
        "desc": "Breakfast & Dairy"
      }
    ],
    "subCategories": [
      {
        "code": "Tea & Coffee",
        "desc": "Tea & Coffee"
      }
    ],
    "brands": [
      {
        "code": "New England Coffee",
        "desc": "New England Coffee"
      }
    ],
    "price": {
      "basePrice": 7.39,
      "discountPrice": 7.39
    },
    "type": {
      "code": "Coffee",
      "desc": "Coffee"
    },
    "weight": "11 oz",
    "UpcCode": "",
    "tax": 0.0,
    "spiceLevel": "",
    "aiselNo": "8",
    "store": "Market Basket",
    "weightType": "11 oz",
    "imageName": "3365.jpg",
    "defaultImage": "3365.jpg",
    "updatedTimestamp": "Jan 23, 2021 8:02:30 PM",
    "createdTimestamp": "Jan 23, 2021 8:02:30 PM",
    "isNewlyAdded": false,
    "isActive": true,
    "isDealsEnabled": false,
    "quantity": 0
  },
  {
    "id": 7240,
    "code": "Litehouse Italian Herb Blend",
    "desc": "Litehouse Italian Herb Blend",
    "shortDesc": "Litehouse Italian Herb Blend",
    "tags": [
      "Spices & Seasonings"
    ],
    "categories": [
      {
        "code": "Cooking Needs",
        "desc": "Cooking Needs"
      }
    ],
    "subCategories": [
      {
        "code": "Spices & Seasonings",
        "desc": "Spices & Seasonings"
      }
    ],
    "brands": [
      {
        "code": "Litehouse",
        "desc": "Litehouse"
      }
    ],
    "price": {
      "basePrice": 4.09,
      "discountPrice": 4.09
    },
    "type": {
      "code": "Spices & Seasonings",
      "desc": "Spices & Seasonings"
    },
    "weight": "0.49 oz",
    "UpcCode": "",
    "tax": 0.0,
    "spiceLevel": "",
    "aiselNo": "9",
    "store": "Market Basket",
    "weightType": "0.49 oz",
    "imageName": "2284.jpg",
    "defaultImage": "2284.jpg",
    "updatedTimestamp": "Jan 23, 2021 8:02:30 PM",
    "createdTimestamp": "Jan 23, 2021 8:02:30 PM",
    "isNewlyAdded": false,
    "isActive": true,
    "isDealsEnabled": false,
    "quantity": 0
  },
  {
    "id": 7876,
    "code": "Roland Escargots Very Large Snails",
    "desc": "Roland Escargots Very Large Snails",
    "shortDesc": "Roland Escargots Very Large Snails",
    "tags": [
      "Canned Meat & Seafood"
    ],
    "categories": [
      {
        "code": "Cooking Needs",
        "desc": "Cooking Needs"
      }
    ],
    "subCategories": [
      {
        "code": "Canned Food",
        "desc": "Canned Food"
      }
    ],
    "brands": [
      {
        "code": "Roland",
        "desc": "Roland"
      }
    ],
    "price": {
      "basePrice": 4.89,
      "discountPrice": 4.89
    },
    "type": {
      "code": "Canned Meat & Seafood",
      "desc": "Canned Meat & Seafood"
    },
    "weight": "7.75 oz",
    "UpcCode": "",
    "tax": 0.0,
    "spiceLevel": "",
    "aiselNo": "2",
    "store": "Market Basket",
    "weightType": "7.75 oz",
    "imageName": "5245.jpg",
    "defaultImage": "5245.jpg",
    "updatedTimestamp": "Jan 23, 2021 8:02:30 PM",
    "createdTimestamp": "Jan 23, 2021 8:02:30 PM",
    "isNewlyAdded": false,
    "isActive": true,
    "isDealsEnabled": false,
    "quantity": 0
  },
  {
    "id": 3778,
    "code": "Organic Grapefruit",
    "desc": "Organic Grapefruit",
    "shortDesc": "Organic Grapefruit",
    "tags": [
      "Grapefruit"
    ],
    "categories": [
      {
        "code": "Fresh Produce",
        "desc": "Fresh Produce"
      }
    ],
    "subCategories": [
      {
        "code": "Fresh Organic Fruits",
        "desc": "Fresh Organic Fruits"
      }
    ],
    "brands": [
      {
        "code": "Market Basket",
        "desc": "Market Basket"
      }
    ],
    "price": {
      "basePrice": 2.75,
      "discountPrice": 2.75
    },
    "type": {
      "code": "Grapefruit",
      "desc": "Grapefruit"
    },
    "weight": "1 count",
    "UpcCode": "",
    "tax": 0.0,
    "spiceLevel": "",
    "aiselNo": "20",
    "store": "Market Basket",
    "weightType": "1 count",
    "imageName": "14269.jpg",
    "defaultImage": "14269.jpg",
    "updatedTimestamp": "Jan 23, 2021 8:02:30 PM",
    "createdTimestamp": "Jan 23, 2021 8:02:30 PM",
    "isNewlyAdded": false,
    "isActive": true,
    "isDealsEnabled": false,
    "quantity": 0
  },
  {
    "id": 524,
    "code": "Arm & Hammer Sensitive Skin plus Fresh Scent 100 Loads Laundry Detergent",
    "desc": "Arm & Hammer Sensitive Skin plus Fresh Scent 100 Loads Laundry Detergent",
    "shortDesc": "Arm & Hammer Sensitive Skin plus Fresh Scent 100 Loads Laundry Detergent",
    "tags": [
      "Laundry Detergent"
    ],
    "categories": [
      {
        "code": "Laundry & Paper Goods",
        "desc": "Laundry & Paper Goods"
      }
    ],
    "subCategories": [
      {
        "code": "Laundry",
        "desc": "Laundry"
      }
    ],
    "brands": [
      {
        "code": "Arm & Hammer",
        "desc": "Arm & Hammer"
      }
    ],
    "price": {
      "basePrice": 9.99,
      "discountPrice": 9.99
    },
    "type": {
      "code": "Laundry Detergent",
      "desc": "Laundry Detergent"
    },
    "weight": "150 fl oz",
    "UpcCode": "",
    "tax": 1.0,
    "spiceLevel": "",
    "aiselNo": "15",
    "store": "Market Basket",
    "weightType": "150 fl oz",
    "imageName": "No Image.jpg",
    "defaultImage": "No Image.jpg",
    "updatedTimestamp": "Jan 23, 2021 8:02:30 PM",
    "createdTimestamp": "Jan 23, 2021 8:02:30 PM",
    "isNewlyAdded": false,
    "isActive": true,
    "isDealsEnabled": false,
    "quantity": 0
  },
  {
    "id": 199,
    "code": "Brillo Heavy Duty Steel Wool Soap Pads - 10 CT",
    "desc": "Brillo Heavy Duty Steel Wool Soap Pads - 10 CT",
    "shortDesc": "Brillo Heavy Duty Steel Wool Soap Pads - 10 CT",
    "tags": [
      "Scrub Sponge"
    ],
    "categories": [
      {
        "code": "Kitchen & Cleaning",
        "desc": "Kitchen & Cleaning"
      }
    ],
    "subCategories": [
      {
        "code": "Cleaning Products",
        "desc": "Cleaning Products"
      }
    ],
    "brands": [
      {
        "code": "Brillo",
        "desc": "Brillo"
      }
    ],
    "price": {
      "basePrice": 3.09,
      "discountPrice": 3.09
    },
    "type": {
      "code": "Scrub Sponge",
      "desc": "Scrub Sponge"
    },
    "weight": "10 count",
    "UpcCode": "",
    "tax": 1.0,
    "spiceLevel": "",
    "aiselNo": "15",
    "store": "Market Basket",
    "weightType": "10 count",
    "imageName": "16957.jpg",
    "defaultImage": "16957.jpg",
    "updatedTimestamp": "Jan 23, 2021 8:02:30 PM",
    "createdTimestamp": "Jan 23, 2021 8:02:30 PM",
    "isNewlyAdded": false,
    "isActive": true,
    "isDealsEnabled": false,
    "quantity": 0
  },
  {
    "id": 7837,
    "code": "Chicken of the Sea Premium Crab Meat Claw",
    "desc": "Chicken of the Sea Premium Crab Meat Claw",
    "shortDesc": "Chicken of the Sea Premium Crab Meat Claw",
    "tags": [
      "Canned Meat & Seafood"
    ],
    "categories": [
      {
        "code": "Cooking Needs",
        "desc": "Cooking Needs"
      }
    ],
    "subCategories": [
      {
        "code": "Canned Food",
        "desc": "Canned Food"
      }
    ],
    "brands": [
      {
        "code": "Chicken of the Sea",
        "desc": "Chicken of the Sea"
      }
    ],
    "price": {
      "basePrice": 10.99,
      "discountPrice": 10.99
    },
    "type": {
      "code": "Canned Meat & Seafood",
      "desc": "Canned Meat & Seafood"
    },
    "weight": "16 oz",
    "UpcCode": "",
    "tax": 0.0,
    "spiceLevel": "",
    "aiselNo": "2",
    "store": "Market Basket",
    "weightType": "16 oz",
    "imageName": "5213.jpg",
    "defaultImage": "5213.jpg",
    "updatedTimestamp": "Jan 23, 2021 8:02:30 PM",
    "createdTimestamp": "Jan 23, 2021 8:02:30 PM",
    "isNewlyAdded": false,
    "isActive": true,
    "isDealsEnabled": false,
    "quantity": 0
  },
  {
    "id": 7403,
    "code": "Chi Chi's Diced Fiesta Green Chilis",
    "desc": "Chi Chi's Diced Fiesta Green Chilis",
    "shortDesc": "Chi Chi's Diced Fiesta Green Chilis",
    "tags": [
      "Canned & Jarred Vegetables"
    ],
    "categories": [
      {
        "code": "Cooking Needs",
        "desc": "Cooking Needs"
      }
    ],
    "subCategories": [
      {
        "code": "Canned Food",
        "desc": "Canned Food"
      }
    ],
    "brands": [
      {
        "code": "CHI-CHI'S",
        "desc": "CHI-CHI'S"
      }
    ],
    "price": {
      "basePrice": 1.29,
      "discountPrice": 1.29
    },
    "type": {
      "code": "Canned & Jarred Vegetables",
      "desc": "Canned & Jarred Vegetables"
    },
    "weight": "4 oz",
    "UpcCode": "",
    "tax": 0.0,
    "spiceLevel": "",
    "aiselNo": "9",
    "store": "Market Basket",
    "weightType": "4 oz",
    "imageName": "No Image.jpg",
    "defaultImage": "No Image.jpg",
    "updatedTimestamp": "Jan 23, 2021 8:02:30 PM",
    "createdTimestamp": "Jan 23, 2021 8:02:30 PM",
    "isNewlyAdded": false,
    "isActive": true,
    "isDealsEnabled": false,
    "quantity": 0
  },
  {
    "id": 14900,
    "code": "Market Basket Sensitive Pantiliners Unscented Long",
    "desc": "Market Basket Sensitive Pantiliners Unscented Long",
    "shortDesc": "Market Basket Sensitive Pantiliners Unscented Long",
    "tags": [
      "Pantiliner"
    ],
    "categories": [
      {
        "code": "Personal Care",
        "desc": "Personal Care"
      }
    ],
    "subCategories": [
      {
        "code": "Feminine Care",
        "desc": "Feminine Care"
      }
    ],
    "brands": [
      {
        "code": "Market Basket",
        "desc": "Market Basket"
      }
    ],
    "price": {
      "basePrice": 1.48,
      "discountPrice": 1.48
    },
    "type": {
      "code": "Pantiliner",
      "desc": "Pantiliner"
    },
    "weight": "18 count",
    "UpcCode": "",
    "tax": 1.0,
    "spiceLevel": "",
    "aiselNo": "13",
    "store": "Market Basket",
    "weightType": "18 count",
    "imageName": "Market Basket.jpg",
    "defaultImage": "Market Basket.jpg",
    "updatedTimestamp": "Jan 23, 2021 8:02:30 PM",
    "createdTimestamp": "Jan 23, 2021 8:02:30 PM",
    "isNewlyAdded": false,
    "isActive": true,
    "isDealsEnabled": false,
    "quantity": 0
  },
  {
    "id": 5593,
    "code": "Sun Maid Chocolate Yogurt Covered Raisins",
    "desc": "Sun Maid Chocolate Yogurt Covered Raisins",
    "shortDesc": "Sun Maid Chocolate Yogurt Covered Raisins",
    "tags": [
      "Candy & Chocolate"
    ],
    "categories": [
      {
        "code": "Chips, Cookies & Snacks",
        "desc": "Chips, Cookies & Snacks"
      }
    ],
    "subCategories": [
      {
        "code": "Candy & Chocolates",
        "desc": "Candy & Chocolates"
      }
    ],
    "brands": [
      {
        "code": "Sun-Maid",
        "desc": "Sun-Maid"
      }
    ],
    "price": {
      "basePrice": 3.09,
      "discountPrice": 3.09
    },
    "type": {
      "code": "Candy & Chocolate",
      "desc": "Candy & Chocolate"
    },
    "weight": "6 each",
    "UpcCode": "",
    "tax": 0.0,
    "spiceLevel": "",
    "aiselNo": "3",
    "store": "Market Basket",
    "weightType": "6 each",
    "imageName": "14915.jpg",
    "defaultImage": "14915.jpg",
    "updatedTimestamp": "Jan 23, 2021 8:02:30 PM",
    "createdTimestamp": "Jan 23, 2021 8:02:30 PM",
    "isNewlyAdded": false,
    "isActive": true,
    "isDealsEnabled": false,
    "quantity": 0
  },
  {
    "id": 7954,
    "code": "Campbell's Condensed Campbell's Condensed Double Noodle Soup",
    "desc": "Campbell's Condensed Campbell's Condensed Double Noodle Soup",
    "shortDesc": "Campbell's Condensed Campbell's Condensed Double Noodle Soup",
    "tags": [
      "Soup, Broth & Bouillon"
    ],
    "categories": [
      {
        "code": "Cooking Needs",
        "desc": "Cooking Needs"
      }
    ],
    "subCategories": [
      {
        "code": "Canned Food",
        "desc": "Canned Food"
      }
    ],
    "brands": [
      {
        "code": "Campbell's",
        "desc": "Campbell's"
      }
    ],
    "price": {
      "basePrice": 2.09,
      "discountPrice": 2.09
    },
    "type": {
      "code": "Soup, Broth & Bouillon",
      "desc": "Soup, Broth & Bouillon"
    },
    "weight": "10.5 oz",
    "UpcCode": "",
    "tax": 0.0,
    "spiceLevel": "",
    "aiselNo": "2",
    "store": "Market Basket",
    "weightType": "10.5 oz",
    "imageName": "5308.jpg",
    "defaultImage": "5308.jpg",
    "updatedTimestamp": "Jan 23, 2021 8:02:30 PM",
    "createdTimestamp": "Jan 23, 2021 8:02:30 PM",
    "isNewlyAdded": false,
    "isActive": true,
    "isDealsEnabled": false,
    "quantity": 0
  },
  {
    "id": 7509,
    "code": "Market Basket Italian Style Diced Tomatoes In Tomato Juice",
    "desc": "Market Basket Italian Style Diced Tomatoes In Tomato Juice",
    "shortDesc": "Market Basket Italian Style Diced Tomatoes In Tomato Juice",
    "tags": [
      "Canned & Jarred Vegetables"
    ],
    "categories": [
      {
        "code": "Cooking Needs",
        "desc": "Cooking Needs"
      }
    ],
    "subCategories": [
      {
        "code": "Canned Food",
        "desc": "Canned Food"
      }
    ],
    "brands": [
      {
        "code": "Market Basket",
        "desc": "Market Basket"
      }
    ],
    "price": {
      "basePrice": 1.29,
      "discountPrice": 1.29
    },
    "type": {
      "code": "Canned & Jarred Vegetables",
      "desc": "Canned & Jarred Vegetables"
    },
    "weight": "28 oz",
    "UpcCode": "",
    "tax": 0.0,
    "spiceLevel": "",
    "aiselNo": "9",
    "store": "Market Basket",
    "weightType": "28 oz",
    "imageName": "Market Basket.jpg",
    "defaultImage": "Market Basket.jpg",
    "updatedTimestamp": "Jan 23, 2021 8:02:30 PM",
    "createdTimestamp": "Jan 23, 2021 8:02:30 PM",
    "isNewlyAdded": false,
    "isActive": true,
    "isDealsEnabled": false,
    "quantity": 0
  },
  {
    "id": 7641,
    "code": "Del Monte Fresh Cored Pineapple",
    "desc": "Del Monte Fresh Cored Pineapple",
    "shortDesc": "Del Monte Fresh Cored Pineapple",
    "tags": [
      "Canned Fruit & Applesauce"
    ],
    "categories": [
      {
        "code": "Cooking Needs",
        "desc": "Cooking Needs"
      }
    ],
    "subCategories": [
      {
        "code": "Canned Food",
        "desc": "Canned Food"
      }
    ],
    "brands": [
      {
        "code": "Del Monte",
        "desc": "Del Monte"
      }
    ],
    "price": {
      "basePrice": 6.09,
      "discountPrice": 6.09
    },
    "type": {
      "code": "Canned Fruit & Applesauce",
      "desc": "Canned Fruit & Applesauce"
    },
    "weight": "20 oz",
    "UpcCode": "",
    "tax": 0.0,
    "spiceLevel": "",
    "aiselNo": "3",
    "store": "Market Basket",
    "weightType": "20 oz",
    "imageName": "4917.jpg",
    "defaultImage": "4917.jpg",
    "updatedTimestamp": "Jan 23, 2021 8:02:30 PM",
    "createdTimestamp": "Jan 23, 2021 8:02:30 PM",
    "isNewlyAdded": false,
    "isActive": true,
    "isDealsEnabled": false,
    "quantity": 0
  },
  {
    "id": 7254,
    "code": "McCormick Black Food Color",
    "desc": "McCormick Black Food Color",
    "shortDesc": "McCormick Black Food Color",
    "tags": [
      "Spices & Seasonings"
    ],
    "categories": [
      {
        "code": "Cooking Needs",
        "desc": "Cooking Needs"
      }
    ],
    "subCategories": [
      {
        "code": "Spices & Seasonings",
        "desc": "Spices & Seasonings"
      }
    ],
    "brands": [
      {
        "code": "McCormick",
        "desc": "McCormick"
      }
    ],
    "price": {
      "basePrice": 3.69,
      "discountPrice": 3.69
    },
    "type": {
      "code": "Spices & Seasonings",
      "desc": "Spices & Seasonings"
    },
    "weight": "1 fl oz",
    "UpcCode": "",
    "tax": 0.0,
    "spiceLevel": "",
    "aiselNo": "9",
    "store": "Market Basket",
    "weightType": "1 fl oz",
    "imageName": "2120.jpg",
    "defaultImage": "2120.jpg",
    "updatedTimestamp": "Jan 23, 2021 8:02:30 PM",
    "createdTimestamp": "Jan 23, 2021 8:02:30 PM",
    "isNewlyAdded": false,
    "isActive": true,
    "isDealsEnabled": false,
    "quantity": 0
  },
  {
    "id": 14723,
    "code": "Conair Styling Essentials Large Shower Cap",
    "desc": "Conair Styling Essentials Large Shower Cap",
    "shortDesc": "Conair Styling Essentials Large Shower Cap",
    "tags": [
      "Hair Care"
    ],
    "categories": [
      {
        "code": "Personal Care",
        "desc": "Personal Care"
      }
    ],
    "subCategories": [
      {
        "code": "Body Wash, Soap & Hair Care",
        "desc": "Body Wash, Soap & Hair Care"
      }
    ],
    "brands": [
      {
        "code": "Conair",
        "desc": "Conair"
      }
    ],
    "price": {
      "basePrice": 2.17,
      "discountPrice": 2.17
    },
    "type": {
      "code": "Hair Care",
      "desc": "Hair Care"
    },
    "weight": "1 count",
    "UpcCode": "",
    "tax": 1.0,
    "spiceLevel": "",
    "aiselNo": "13",
    "store": "Market Basket",
    "weightType": "1 count",
    "imageName": "17824.jpg",
    "defaultImage": "17824.jpg",
    "updatedTimestamp": "Jan 23, 2021 8:02:30 PM",
    "createdTimestamp": "Jan 23, 2021 8:02:30 PM",
    "isNewlyAdded": false,
    "isActive": true,
    "isDealsEnabled": false,
    "quantity": 0
  },
  {
    "id": 6204,
    "code": "7 Up Lemon Lime Box of Cans",
    "desc": "7 Up Lemon Lime Box of Cans",
    "shortDesc": "7 Up Lemon Lime Box of Cans",
    "tags": [
      "Soft Drinks"
    ],
    "categories": [
      {
        "code": "Beverages & Juices",
        "desc": "Beverages & Juices"
      }
    ],
    "subCategories": [
      {
        "code": "Soft Drinks & Seltzers",
        "desc": "Soft Drinks & Seltzers"
      }
    ],
    "brands": [
      {
        "code": "7 up",
        "desc": "7 up"
      }
    ],
    "price": {
      "basePrice": 5.63,
      "discountPrice": 5.63
    },
    "type": {
      "code": "Soft Drinks",
      "desc": "Soft Drinks"
    },
    "weight": "10 x 7.5 fl oz",
    "UpcCode": "",
    "tax": 0.0,
    "spiceLevel": "",
    "aiselNo": "17",
    "store": "Market Basket",
    "weightType": "10 x 7.5 fl oz",
    "imageName": "No Image.jpg",
    "defaultImage": "No Image.jpg",
    "updatedTimestamp": "Jan 23, 2021 8:02:30 PM",
    "createdTimestamp": "Jan 23, 2021 8:02:30 PM",
    "isNewlyAdded": false,
    "isActive": true,
    "isDealsEnabled": false,
    "quantity": 0
  },
  {
    "id": 10196,
    "code": "Outshine Tangerine Fruit Bars",
    "desc": "Outshine Tangerine Fruit Bars",
    "shortDesc": "Outshine Tangerine Fruit Bars",
    "tags": [
      "Ice Cream & Ice"
    ],
    "categories": [
      {
        "code": "Frozen Food",
        "desc": "Frozen Food"
      }
    ],
    "subCategories": [
      {
        "code": "Ice Cream & Ice",
        "desc": "Ice Cream & Ice"
      }
    ],
    "brands": [
      {
        "code": "Outshine",
        "desc": "Outshine"
      }
    ],
    "price": {
      "basePrice": 4.29,
      "discountPrice": 4.29
    },
    "type": {
      "code": "Ice Cream & Ice",
      "desc": "Ice Cream & Ice"
    },
    "weight": "6 count",
    "UpcCode": "",
    "tax": 0.0,
    "spiceLevel": "",
    "aiselNo": "21",
    "store": "Market Basket",
    "weightType": "6 count",
    "imageName": "3168.jpg",
    "defaultImage": "3168.jpg",
    "updatedTimestamp": "Jan 23, 2021 8:02:30 PM",
    "createdTimestamp": "Jan 23, 2021 8:02:30 PM",
    "isNewlyAdded": false,
    "isActive": true,
    "isDealsEnabled": false,
    "quantity": 0
  },
  {
    "id": 5405,
    "code": "Back to Nature Organic Roasted Garlic & Herb Stoneground Wheat Cracker",
    "desc": "Back to Nature Organic Roasted Garlic & Herb Stoneground Wheat Cracker",
    "shortDesc": "Back to Nature Organic Roasted Garlic & Herb Stoneground Wheat Cracker",
    "tags": [
      "Crackers"
    ],
    "categories": [
      {
        "code": "Chips, Cookies & Snacks",
        "desc": "Chips, Cookies & Snacks"
      }
    ],
    "subCategories": [
      {
        "code": "Cookies & Crackers",
        "desc": "Cookies & Crackers"
      }
    ],
    "brands": [
      {
        "code": "Back to Nature",
        "desc": "Back to Nature"
      }
    ],
    "price": {
      "basePrice": 6.23,
      "discountPrice": 6.23
    },
    "type": {
      "code": "Crackers",
      "desc": "Crackers"
    },
    "weight": "6 oz",
    "UpcCode": "",
    "tax": 0.0,
    "spiceLevel": "",
    "aiselNo": "6",
    "store": "Market Basket",
    "weightType": "6 oz",
    "imageName": "No Image.jpg",
    "defaultImage": "No Image.jpg",
    "updatedTimestamp": "Jan 23, 2021 8:02:30 PM",
    "createdTimestamp": "Jan 23, 2021 8:02:30 PM",
    "isNewlyAdded": false,
    "isActive": true,
    "isDealsEnabled": false,
    "quantity": 0
  },
  {
    "id": 14380,
    "code": "French Market & Chicory Medium Dark Roast Ground Coffee",
    "desc": "French Market & Chicory Medium Dark Roast Ground Coffee",
    "shortDesc": "French Market & Chicory Medium Dark Roast Ground Coffee",
    "tags": [
      "Coffee"
    ],
    "categories": [
      {
        "code": "Breakfast & Dairy",
        "desc": "Breakfast & Dairy"
      }
    ],
    "subCategories": [
      {
        "code": "Tea & Coffee",
        "desc": "Tea & Coffee"
      }
    ],
    "brands": [
      {
        "code": "French Market & Chicory",
        "desc": "French Market & Chicory"
      }
    ],
    "price": {
      "basePrice": 6.09,
      "discountPrice": 6.09
    },
    "type": {
      "code": "Coffee",
      "desc": "Coffee"
    },
    "weight": "12 oz",
    "UpcCode": "",
    "tax": 0.0,
    "spiceLevel": "",
    "aiselNo": "8",
    "store": "Market Basket",
    "weightType": "12 oz",
    "imageName": "16296.jpg",
    "defaultImage": "16296.jpg",
    "updatedTimestamp": "Jan 23, 2021 8:02:30 PM",
    "createdTimestamp": "Jan 23, 2021 8:02:30 PM",
    "isNewlyAdded": false,
    "isActive": true,
    "isDealsEnabled": false,
    "quantity": 0
  },
  {
    "id": 4669,
    "code": "King Oscar Anchovies, Flat Fillets in Olive Oil",
    "desc": "King Oscar Anchovies, Flat Fillets in Olive Oil",
    "shortDesc": "King Oscar Anchovies, Flat Fillets in Olive Oil",
    "tags": [
      "Canned Anchovies"
    ],
    "categories": [
      {
        "code": "Meat & Seafood",
        "desc": "Meat & Seafood"
      }
    ],
    "subCategories": [
      {
        "code": "Canned Meat & Seafood",
        "desc": "Canned Meat & Seafood"
      }
    ],
    "brands": [
      {
        "code": "King Oscar",
        "desc": "King Oscar"
      }
    ],
    "price": {
      "basePrice": 2.19,
      "discountPrice": 2.19
    },
    "type": {
      "code": "Canned Anchovies",
      "desc": "Canned Anchovies"
    },
    "weight": "2 oz",
    "UpcCode": "",
    "tax": 0.0,
    "spiceLevel": "",
    "aiselNo": "2",
    "store": "Market Basket",
    "weightType": "2 oz",
    "imageName": "5231.jpg",
    "defaultImage": "5231.jpg",
    "updatedTimestamp": "Jan 23, 2021 8:02:30 PM",
    "createdTimestamp": "Jan 23, 2021 8:02:30 PM",
    "isNewlyAdded": false,
    "isActive": true,
    "isDealsEnabled": false,
    "quantity": 0
  },
  {
    "id": 13859,
    "code": "Swiss Miss Pudding Cups",
    "desc": "Swiss Miss Pudding Cups",
    "shortDesc": "Swiss Miss Pudding Cups",
    "tags": [
      "Refrigerated Pudding & Desserts"
    ],
    "categories": [
      {
        "code": "Breakfast & Dairy",
        "desc": "Breakfast & Dairy"
      }
    ],
    "subCategories": [
      {
        "code": "Dairy & Eggs",
        "desc": "Dairy & Eggs"
      }
    ],
    "brands": [
      {
        "code": "Swiss Miss",
        "desc": "Swiss Miss"
      }
    ],
    "price": {
      "basePrice": 3.09,
      "discountPrice": 3.09
    },
    "type": {
      "code": "Refrigerated Pudding & Desserts",
      "desc": "Refrigerated Pudding & Desserts"
    },
    "weight": "6 x 3.5 oz",
    "UpcCode": "",
    "tax": 0.0,
    "spiceLevel": "",
    "aiselNo": "19",
    "store": "Market Basket",
    "weightType": "6 x 3.5 oz",
    "imageName": "Market Basket.jpg",
    "defaultImage": "Market Basket.jpg",
    "updatedTimestamp": "Jan 23, 2021 8:02:30 PM",
    "createdTimestamp": "Jan 23, 2021 8:02:30 PM",
    "isNewlyAdded": false,
    "isActive": true,
    "isDealsEnabled": false,
    "quantity": 0
  },
  {
    "id": 5888,
    "code": "Dunkin' Donuts Iced Mocha",
    "desc": "Dunkin' Donuts Iced Mocha",
    "shortDesc": "Dunkin' Donuts Iced Mocha",
    "tags": [
      "Single To-Go Coffee"
    ],
    "categories": [
      {
        "code": "Beverages & Juices",
        "desc": "Beverages & Juices"
      }
    ],
    "subCategories": [
      {
        "code": "Tea, Coffee, Milk & Coconut Water",
        "desc": "Tea, Coffee, Milk & Coconut Water"
      }
    ],
    "brands": [
      {
        "code": "Dunkin' Donuts",
        "desc": "Dunkin' Donuts"
      }
    ],
    "price": {
      "basePrice": 3.13,
      "discountPrice": 3.13
    },
    "type": {
      "code": "Single To-Go Coffee",
      "desc": "Single To-Go Coffee"
    },
    "weight": "13.7 fl oz",
    "UpcCode": "",
    "tax": 0.0,
    "spiceLevel": "",
    "aiselNo": "17",
    "store": "Market Basket",
    "weightType": "13.7 fl oz",
    "imageName": "No Image.jpg",
    "defaultImage": "No Image.jpg",
    "updatedTimestamp": "Jan 23, 2021 8:02:30 PM",
    "createdTimestamp": "Jan 23, 2021 8:02:30 PM",
    "isNewlyAdded": false,
    "isActive": true,
    "isDealsEnabled": false,
    "quantity": 0
  },
  {
    "id": 8137,
    "code": "Swanson Natural Goodness Swanson Natural Goodness Chicken Broth",
    "desc": "Swanson Natural Goodness Swanson Natural Goodness Chicken Broth",
    "shortDesc": "Swanson Natural Goodness Swanson Natural Goodness Chicken Broth",
    "tags": [
      "Soup, Broth & Bouillon"
    ],
    "categories": [
      {
        "code": "Cooking Needs",
        "desc": "Cooking Needs"
      }
    ],
    "subCategories": [
      {
        "code": "Canned Food",
        "desc": "Canned Food"
      }
    ],
    "brands": [
      {
        "code": "Swanson",
        "desc": "Swanson"
      }
    ],
    "price": {
      "basePrice": 3.09,
      "discountPrice": 3.09
    },
    "type": {
      "code": "Soup, Broth & Bouillon",
      "desc": "Soup, Broth & Bouillon"
    },
    "weight": "32 fl oz",
    "UpcCode": "",
    "tax": 0.0,
    "spiceLevel": "",
    "aiselNo": "2",
    "store": "Market Basket",
    "weightType": "32 fl oz",
    "imageName": "17197.jpg",
    "defaultImage": "17197.jpg",
    "updatedTimestamp": "Jan 23, 2021 8:02:30 PM",
    "createdTimestamp": "Jan 23, 2021 8:02:30 PM",
    "isNewlyAdded": false,
    "isActive": true,
    "isDealsEnabled": false,
    "quantity": 0
  },
  {
    "id": 3607,
    "code": "Eddos",
    "desc": "Eddos",
    "shortDesc": "Eddos",
    "tags": [
      "Eddos"
    ],
    "categories": [
      {
        "code": "Fresh Produce",
        "desc": "Fresh Produce"
      }
    ],
    "subCategories": [
      {
        "code": "Fresh Vegetables",
        "desc": "Fresh Vegetables"
      }
    ],
    "brands": [
      {
        "code": "Market Basket",
        "desc": "Market Basket"
      }
    ],
    "price": {
      "basePrice": 1.97,
      "discountPrice": 1.97
    },
    "type": {
      "code": "Eddos",
      "desc": "Eddos"
    },
    "weight": "1 lb",
    "UpcCode": "",
    "tax": 0.0,
    "spiceLevel": "",
    "aiselNo": "20",
    "store": "Market Basket",
    "weightType": "1 lb",
    "imageName": "f189.jpg",
    "defaultImage": "f189.jpg",
    "updatedTimestamp": "Jan 23, 2021 8:02:30 PM",
    "createdTimestamp": "Jan 23, 2021 8:02:30 PM",
    "isNewlyAdded": false,
    "isActive": true,
    "isDealsEnabled": false,
    "quantity": 0
  },
  {
    "id": 15119,
    "code": "Olivella Facial Cleansing Tissues",
    "desc": "Olivella Facial Cleansing Tissues",
    "shortDesc": "Olivella Facial Cleansing Tissues",
    "tags": [
      "Facial Care"
    ],
    "categories": [
      {
        "code": "Personal Care",
        "desc": "Personal Care"
      }
    ],
    "subCategories": [
      {
        "code": "Personal Needs",
        "desc": "Personal Needs"
      }
    ],
    "brands": [
      {
        "code": "Olivella",
        "desc": "Olivella"
      }
    ],
    "price": {
      "basePrice": 10.57,
      "discountPrice": 10.57
    },
    "type": {
      "code": "Facial Care",
      "desc": "Facial Care"
    },
    "weight": "30 count",
    "UpcCode": "",
    "tax": 1.0,
    "spiceLevel": "",
    "aiselNo": "13",
    "store": "Market Basket",
    "weightType": "30 count",
    "imageName": "No Image.jpg",
    "defaultImage": "No Image.jpg",
    "updatedTimestamp": "Jan 23, 2021 8:02:30 PM",
    "createdTimestamp": "Jan 23, 2021 8:02:30 PM",
    "isNewlyAdded": false,
    "isActive": true,
    "isDealsEnabled": false,
    "quantity": 0
  },
  {
    "id": 14814,
    "code": "VS Pro Series Moisture Lock Conditioner",
    "desc": "VS Pro Series Moisture Lock Conditioner",
    "shortDesc": "VS Pro Series Moisture Lock Conditioner",
    "tags": [
      "Hair Care"
    ],
    "categories": [
      {
        "code": "Personal Care",
        "desc": "Personal Care"
      }
    ],
    "subCategories": [
      {
        "code": "Body Wash, Soap & Hair Care",
        "desc": "Body Wash, Soap & Hair Care"
      }
    ],
    "brands": [
      {
        "code": "VS",
        "desc": "VS"
      }
    ],
    "price": {
      "basePrice": 3.55,
      "discountPrice": 3.55
    },
    "type": {
      "code": "Hair Care",
      "desc": "Hair Care"
    },
    "weight": "12 fl oz",
    "UpcCode": "",
    "tax": 1.0,
    "spiceLevel": "",
    "aiselNo": "13",
    "store": "Market Basket",
    "weightType": "12 fl oz",
    "imageName": "17844.jpg",
    "defaultImage": "17844.jpg",
    "updatedTimestamp": "Jan 23, 2021 8:02:30 PM",
    "createdTimestamp": "Jan 23, 2021 8:02:30 PM",
    "isNewlyAdded": false,
    "isActive": true,
    "isDealsEnabled": false,
    "quantity": 0
  },
  {
    "id": 10021,
    "code": "Edy's/dreyer's Spumoni Ice Cream",
    "desc": "Edy's/dreyer's Spumoni Ice Cream",
    "shortDesc": "Edy's/dreyer's Spumoni Ice Cream",
    "tags": [
      "Ice Cream & Ice"
    ],
    "categories": [
      {
        "code": "Frozen Food",
        "desc": "Frozen Food"
      }
    ],
    "subCategories": [
      {
        "code": "Ice Cream & Ice",
        "desc": "Ice Cream & Ice"
      }
    ],
    "brands": [
      {
        "code": "Edy's/dreyer's",
        "desc": "Edy's/dreyer's"
      }
    ],
    "price": {
      "basePrice": 3.69,
      "discountPrice": 3.69
    },
    "type": {
      "code": "Ice Cream & Ice",
      "desc": "Ice Cream & Ice"
    },
    "weight": "1.5 quart",
    "UpcCode": "",
    "tax": 0.0,
    "spiceLevel": "",
    "aiselNo": "21",
    "store": "Market Basket",
    "weightType": "1.5 quart",
    "imageName": "3020.jpg",
    "defaultImage": "3020.jpg",
    "updatedTimestamp": "Jan 23, 2021 8:02:30 PM",
    "createdTimestamp": "Jan 23, 2021 8:02:30 PM",
    "isNewlyAdded": false,
    "isActive": true,
    "isDealsEnabled": false,
    "quantity": 0
  },
  {
    "id": 13959,
    "code": "Market Basket Mozzarella",
    "desc": "Market Basket Mozzarella",
    "shortDesc": "Market Basket Mozzarella",
    "tags": [
      "Specialty Cheeses"
    ],
    "categories": [
      {
        "code": "Breakfast & Dairy",
        "desc": "Breakfast & Dairy"
      }
    ],
    "subCategories": [
      {
        "code": "Dairy & Eggs",
        "desc": "Dairy & Eggs"
      }
    ],
    "brands": [
      {
        "code": "Market Basket",
        "desc": "Market Basket"
      }
    ],
    "price": {
      "basePrice": 3.69,
      "discountPrice": 3.69
    },
    "type": {
      "code": "Specialty Cheeses",
      "desc": "Specialty Cheeses"
    },
    "weight": "10 oz",
    "UpcCode": "",
    "tax": 0.0,
    "spiceLevel": "",
    "aiselNo": "1",
    "store": "Market Basket",
    "weightType": "10 oz",
    "imageName": "Market Basket.jpg",
    "defaultImage": "Market Basket.jpg",
    "updatedTimestamp": "Jan 23, 2021 8:02:30 PM",
    "createdTimestamp": "Jan 23, 2021 8:02:30 PM",
    "isNewlyAdded": false,
    "isActive": true,
    "isDealsEnabled": false,
    "quantity": 0
  },
  {
    "id": 3885,
    "code": "Indian Bitter Melon Pack",
    "desc": "Indian Bitter Melon Pack",
    "shortDesc": "Indian Bitter Melon Pack",
    "tags": [
      "Melon"
    ],
    "categories": [
      {
        "code": "Fresh Produce",
        "desc": "Fresh Produce"
      }
    ],
    "subCategories": [
      {
        "code": "Fresh Vegetables",
        "desc": "Fresh Vegetables"
      }
    ],
    "brands": [
      {
        "code": "Market Basket",
        "desc": "Market Basket"
      }
    ],
    "price": {
      "basePrice": 2.89,
      "discountPrice": 2.89
    },
    "type": {
      "code": "Melon",
      "desc": "Melon"
    },
    "weight": "Approx. 0.80 lb per 12.8 oz",
    "UpcCode": "",
    "tax": 0.0,
    "spiceLevel": "",
    "aiselNo": "20",
    "store": "Market Basket",
    "weightType": "Approx. 0.80 lb per 12.8 oz",
    "imageName": "f231.jpg",
    "defaultImage": "f231.jpg",
    "updatedTimestamp": "Jan 23, 2021 8:02:30 PM",
    "createdTimestamp": "Jan 23, 2021 8:02:30 PM",
    "isNewlyAdded": false,
    "isActive": true,
    "isDealsEnabled": false,
    "quantity": 0
  },
  {
    "id": 7029,
    "code": "Royal Gelatin",
    "desc": "Royal Gelatin",
    "shortDesc": "Royal Gelatin",
    "tags": [
      "Doughs, Gelatins & Bake Mixes"
    ],
    "categories": [
      {
        "code": "Cooking Needs",
        "desc": "Cooking Needs"
      }
    ],
    "subCategories": [
      {
        "code": "Baking & Cooking",
        "desc": "Baking & Cooking"
      }
    ],
    "brands": [
      {
        "code": "Royal",
        "desc": "Royal"
      }
    ],
    "price": {
      "basePrice": 0.89,
      "discountPrice": 0.89
    },
    "type": {
      "code": "Doughs, Gelatins & Bake Mixes",
      "desc": "Doughs, Gelatins & Bake Mixes"
    },
    "weight": "1.4 oz",
    "UpcCode": "",
    "tax": 0.0,
    "spiceLevel": "",
    "aiselNo": "8",
    "store": "Market Basket",
    "weightType": "1.4 oz",
    "imageName": "2101.jpg",
    "defaultImage": "2101.jpg",
    "updatedTimestamp": "Jan 23, 2021 8:02:30 PM",
    "createdTimestamp": "Jan 23, 2021 8:02:30 PM",
    "isNewlyAdded": false,
    "isActive": true,
    "isDealsEnabled": false,
    "quantity": 0
  },
  {
    "id": 8030,
    "code": "Knorr Recipe Mix Vegetable",
    "desc": "Knorr Recipe Mix Vegetable",
    "shortDesc": "Knorr Recipe Mix Vegetable",
    "tags": [
      "Soup, Broth & Bouillon"
    ],
    "categories": [
      {
        "code": "Cooking Needs",
        "desc": "Cooking Needs"
      }
    ],
    "subCategories": [
      {
        "code": "Canned Food",
        "desc": "Canned Food"
      }
    ],
    "brands": [
      {
        "code": "Knorr",
        "desc": "Knorr"
      }
    ],
    "price": {
      "basePrice": 2.49,
      "discountPrice": 2.49
    },
    "type": {
      "code": "Soup, Broth & Bouillon",
      "desc": "Soup, Broth & Bouillon"
    },
    "weight": "1.4 oz",
    "UpcCode": "",
    "tax": 0.0,
    "spiceLevel": "",
    "aiselNo": "2",
    "store": "Market Basket",
    "weightType": "1.4 oz",
    "imageName": "18094.jpg",
    "defaultImage": "18094.jpg",
    "updatedTimestamp": "Jan 23, 2021 8:02:30 PM",
    "createdTimestamp": "Jan 23, 2021 8:02:30 PM",
    "isNewlyAdded": false,
    "isActive": true,
    "isDealsEnabled": false,
    "quantity": 0
  },
  {
    "id": 3786,
    "code": "Jonathan's Sprouts Organic Pea Shoots",
    "desc": "Jonathan's Sprouts Organic Pea Shoots",
    "shortDesc": "Jonathan's Sprouts Organic Pea Shoots",
    "tags": [
      "Pea"
    ],
    "categories": [
      {
        "code": "Fresh Produce",
        "desc": "Fresh Produce"
      }
    ],
    "subCategories": [
      {
        "code": "Fresh Organic Fruits",
        "desc": "Fresh Organic Fruits"
      }
    ],
    "brands": [
      {
        "code": "Jonathan's Sprouts",
        "desc": "Jonathan's Sprouts"
      }
    ],
    "price": {
      "basePrice": 5.28,
      "discountPrice": 5.28
    },
    "type": {
      "code": "Pea",
      "desc": "Pea"
    },
    "weight": "6 oz",
    "UpcCode": "",
    "tax": 0.0,
    "spiceLevel": "",
    "aiselNo": "20",
    "store": "Market Basket",
    "weightType": "6 oz",
    "imageName": "14264.jpg",
    "defaultImage": "14264.jpg",
    "updatedTimestamp": "Jan 23, 2021 8:02:30 PM",
    "createdTimestamp": "Jan 23, 2021 8:02:30 PM",
    "isNewlyAdded": false,
    "isActive": true,
    "isDealsEnabled": false,
    "quantity": 0
  },
  {
    "id": 10172,
    "code": "Market Basket Sparkling Ice",
    "desc": "Market Basket Sparkling Ice",
    "shortDesc": "Market Basket Sparkling Ice",
    "tags": [
      "Ice Cream & Ice"
    ],
    "categories": [
      {
        "code": "Frozen Food",
        "desc": "Frozen Food"
      }
    ],
    "subCategories": [
      {
        "code": "Ice Cream & Ice",
        "desc": "Ice Cream & Ice"
      }
    ],
    "brands": [
      {
        "code": "Market Basket",
        "desc": "Market Basket"
      }
    ],
    "price": {
      "basePrice": 3.09,
      "discountPrice": 3.09
    },
    "type": {
      "code": "Ice Cream & Ice",
      "desc": "Ice Cream & Ice"
    },
    "weight": "15 lb",
    "UpcCode": "",
    "tax": 0.0,
    "spiceLevel": "",
    "aiselNo": "21",
    "store": "Market Basket",
    "weightType": "15 lb",
    "imageName": "Market Basket.jpg",
    "defaultImage": "Market Basket.jpg",
    "updatedTimestamp": "Jan 23, 2021 8:02:30 PM",
    "createdTimestamp": "Jan 23, 2021 8:02:30 PM",
    "isNewlyAdded": false,
    "isActive": true,
    "isDealsEnabled": false,
    "quantity": 0
  },
  {
    "id": 4229,
    "code": "Market Basket Imitation Crab Meat Chunks",
    "desc": "Market Basket Imitation Crab Meat Chunks",
    "shortDesc": "Market Basket Imitation Crab Meat Chunks",
    "tags": [
      "Crab"
    ],
    "categories": [
      {
        "code": "Meat & Seafood",
        "desc": "Meat & Seafood"
      }
    ],
    "subCategories": [
      {
        "code": "Packaged Meat & Seafood",
        "desc": "Packaged Meat & Seafood"
      }
    ],
    "brands": [
      {
        "code": "Market Basket",
        "desc": "Market Basket"
      }
    ],
    "price": {
      "basePrice": 3.69,
      "discountPrice": 3.69
    },
    "type": {
      "code": "Crab",
      "desc": "Crab"
    },
    "weight": "16 oz",
    "UpcCode": "",
    "tax": 0.0,
    "spiceLevel": "",
    "aiselNo": "22",
    "store": "Market Basket",
    "weightType": "16 oz",
    "imageName": "Market Basket.jpg",
    "defaultImage": "Market Basket.jpg",
    "updatedTimestamp": "Jan 23, 2021 8:02:30 PM",
    "createdTimestamp": "Jan 23, 2021 8:02:30 PM",
    "isNewlyAdded": false,
    "isActive": true,
    "isDealsEnabled": false,
    "quantity": 0
  },
  {
    "id": 6181,
    "code": "Pepsi Max Zero Sugar Cola",
    "desc": "Pepsi Max Zero Sugar Cola",
    "shortDesc": "Pepsi Max Zero Sugar Cola",
    "tags": [
      "Soft Drinks"
    ],
    "categories": [
      {
        "code": "Beverages & Juices",
        "desc": "Beverages & Juices"
      }
    ],
    "subCategories": [
      {
        "code": "Soft Drinks & Seltzers",
        "desc": "Soft Drinks & Seltzers"
      }
    ],
    "brands": [
      {
        "code": "Pepsi",
        "desc": "Pepsi"
      }
    ],
    "price": {
      "basePrice": 2.5,
      "discountPrice": 2.5
    },
    "type": {
      "code": "Soft Drinks",
      "desc": "Soft Drinks"
    },
    "weight": "2 L",
    "UpcCode": "",
    "tax": 0.0,
    "spiceLevel": "",
    "aiselNo": "17",
    "store": "Market Basket",
    "weightType": "2 L",
    "imageName": "3915.jpg",
    "defaultImage": "3915.jpg",
    "updatedTimestamp": "Jan 23, 2021 8:02:30 PM",
    "createdTimestamp": "Jan 23, 2021 8:02:30 PM",
    "isNewlyAdded": false,
    "isActive": true,
    "isDealsEnabled": false,
    "quantity": 0
  },
  {
    "id": 7448,
    "code": "Goya Pink Beans",
    "desc": "Goya Pink Beans",
    "shortDesc": "Goya Pink Beans",
    "tags": [
      "Canned & Jarred Vegetables"
    ],
    "categories": [
      {
        "code": "Cooking Needs",
        "desc": "Cooking Needs"
      }
    ],
    "subCategories": [
      {
        "code": "Canned Food",
        "desc": "Canned Food"
      }
    ],
    "brands": [
      {
        "code": "Goya",
        "desc": "Goya"
      }
    ],
    "price": {
      "basePrice": 1.49,
      "discountPrice": 1.49
    },
    "type": {
      "code": "Canned & Jarred Vegetables",
      "desc": "Canned & Jarred Vegetables"
    },
    "weight": "15 oz",
    "UpcCode": "",
    "tax": 0.0,
    "spiceLevel": "",
    "aiselNo": "9",
    "store": "Market Basket",
    "weightType": "15 oz",
    "imageName": "5047.jpg",
    "defaultImage": "5047.jpg",
    "updatedTimestamp": "Jan 23, 2021 8:02:30 PM",
    "createdTimestamp": "Jan 23, 2021 8:02:30 PM",
    "isNewlyAdded": false,
    "isActive": true,
    "isDealsEnabled": false,
    "quantity": 0
  },
  {
    "id": 6931,
    "code": "Truvia Naturally Sweet Sweetener",
    "desc": "Truvia Naturally Sweet Sweetener",
    "shortDesc": "Truvia Naturally Sweet Sweetener",
    "tags": [
      "Baking Ingredients"
    ],
    "categories": [
      {
        "code": "Cooking Needs",
        "desc": "Cooking Needs"
      }
    ],
    "subCategories": [
      {
        "code": "Baking & Cooking",
        "desc": "Baking & Cooking"
      }
    ],
    "brands": [
      {
        "code": "Truvia",
        "desc": "Truvia"
      }
    ],
    "price": {
      "basePrice": 13.49,
      "discountPrice": 13.49
    },
    "type": {
      "code": "Baking Ingredients",
      "desc": "Baking Ingredients"
    },
    "weight": "140 x 3 g",
    "UpcCode": "",
    "tax": 0.0,
    "spiceLevel": "",
    "aiselNo": "8",
    "store": "Market Basket",
    "weightType": "140 x 3 g",
    "imageName": "15672.jpg",
    "defaultImage": "15672.jpg",
    "updatedTimestamp": "Jan 23, 2021 8:02:30 PM",
    "createdTimestamp": "Jan 23, 2021 8:02:30 PM",
    "isNewlyAdded": false,
    "isActive": true,
    "isDealsEnabled": false,
    "quantity": 0
  },
  {
    "id": 4011,
    "code": "Oriental Yam",
    "desc": "Oriental Yam",
    "shortDesc": "Oriental Yam",
    "tags": [
      "Sweet Potato"
    ],
    "categories": [
      {
        "code": "Fresh Produce",
        "desc": "Fresh Produce"
      }
    ],
    "subCategories": [
      {
        "code": "Fresh Vegetables",
        "desc": "Fresh Vegetables"
      }
    ],
    "brands": [
      {
        "code": "Farm Pak Sweet Potatoes",
        "desc": "Farm Pak Sweet Potatoes"
      }
    ],
    "price": {
      "basePrice": 1.81,
      "discountPrice": 1.81
    },
    "type": {
      "code": "Sweet Potato",
      "desc": "Sweet Potato"
    },
    "weight": "1 lb",
    "UpcCode": "",
    "tax": 0.0,
    "spiceLevel": "",
    "aiselNo": "20",
    "store": "Market Basket",
    "weightType": "1 lb",
    "imageName": "f287.jpg",
    "defaultImage": "f287.jpg",
    "updatedTimestamp": "Jan 23, 2021 8:02:30 PM",
    "createdTimestamp": "Jan 23, 2021 8:02:30 PM",
    "isNewlyAdded": false,
    "isActive": true,
    "isDealsEnabled": false,
    "quantity": 0
  },
  {
    "id": 13764,
    "code": "Market Basket Shredded Orange Cheddar Cheese",
    "desc": "Market Basket Shredded Orange Cheddar Cheese",
    "shortDesc": "Market Basket Shredded Orange Cheddar Cheese",
    "tags": [
      "Packaged Cheese"
    ],
    "categories": [
      {
        "code": "Breakfast & Dairy",
        "desc": "Breakfast & Dairy"
      }
    ],
    "subCategories": [
      {
        "code": "Dairy & Eggs",
        "desc": "Dairy & Eggs"
      }
    ],
    "brands": [
      {
        "code": "Market Basket",
        "desc": "Market Basket"
      }
    ],
    "price": {
      "basePrice": 2.48,
      "discountPrice": 2.48
    },
    "type": {
      "code": "Packaged Cheese",
      "desc": "Packaged Cheese"
    },
    "weight": "8 oz",
    "UpcCode": "",
    "tax": 0.0,
    "spiceLevel": "",
    "aiselNo": "1",
    "store": "Market Basket",
    "weightType": "8 oz",
    "imageName": "Market Basket.jpg",
    "defaultImage": "Market Basket.jpg",
    "updatedTimestamp": "Jan 23, 2021 8:02:30 PM",
    "createdTimestamp": "Jan 23, 2021 8:02:30 PM",
    "isNewlyAdded": false,
    "isActive": true,
    "isDealsEnabled": false,
    "quantity": 0
  },
  {
    "id": 14845,
    "code": "Dr. Natural Pure Castile Multi-purpose Liquid Soap, Peppermint",
    "desc": "Dr. Natural Pure Castile Multi-purpose Liquid Soap, Peppermint",
    "shortDesc": "Dr. Natural Pure Castile Multi-purpose Liquid Soap, Peppermint",
    "tags": [
      "Soap"
    ],
    "categories": [
      {
        "code": "Personal Care",
        "desc": "Personal Care"
      }
    ],
    "subCategories": [
      {
        "code": "Body Wash, Soap & Hair Care",
        "desc": "Body Wash, Soap & Hair Care"
      }
    ],
    "brands": [
      {
        "code": "Dr. Natural",
        "desc": "Dr. Natural"
      }
    ],
    "price": {
      "basePrice": 9.88,
      "discountPrice": 9.88
    },
    "type": {
      "code": "Soap",
      "desc": "Soap"
    },
    "weight": "32 fl oz",
    "UpcCode": "",
    "tax": 1.0,
    "spiceLevel": "",
    "aiselNo": "13",
    "store": "Market Basket",
    "weightType": "32 fl oz",
    "imageName": "No Image.jpg",
    "defaultImage": "No Image.jpg",
    "updatedTimestamp": "Jan 23, 2021 8:02:30 PM",
    "createdTimestamp": "Jan 23, 2021 8:02:30 PM",
    "isNewlyAdded": false,
    "isActive": true,
    "isDealsEnabled": false,
    "quantity": 0
  },
  {
    "id": 4226,
    "code": "Cristobal Brand Salted Cod Chunks",
    "desc": "Cristobal Brand Salted Cod Chunks",
    "shortDesc": "Cristobal Brand Salted Cod Chunks",
    "tags": [
      "Codfish"
    ],
    "categories": [
      {
        "code": "Meat & Seafood",
        "desc": "Meat & Seafood"
      }
    ],
    "subCategories": [
      {
        "code": "Packaged Meat & Seafood",
        "desc": "Packaged Meat & Seafood"
      }
    ],
    "brands": [
      {
        "code": "Cristobal",
        "desc": "Cristobal"
      }
    ],
    "price": {
      "basePrice": 6.89,
      "discountPrice": 6.89
    },
    "type": {
      "code": "Codfish",
      "desc": "Codfish"
    },
    "weight": "16 oz",
    "UpcCode": "",
    "tax": 0.0,
    "spiceLevel": "",
    "aiselNo": "22",
    "store": "Market Basket",
    "weightType": "16 oz",
    "imageName": "4134.jpg",
    "defaultImage": "4134.jpg",
    "updatedTimestamp": "Jan 23, 2021 8:02:30 PM",
    "createdTimestamp": "Jan 23, 2021 8:02:30 PM",
    "isNewlyAdded": false,
    "isActive": true,
    "isDealsEnabled": false,
    "quantity": 0
  },
  {
    "id": 5195,
    "code": "Market Basket Saltinas Unsalted Top Crackers",
    "desc": "Market Basket Saltinas Unsalted Top Crackers",
    "shortDesc": "Market Basket Saltinas Unsalted Top Crackers",
    "tags": [
      "Crackers"
    ],
    "categories": [
      {
        "code": "Chips, Cookies & Snacks",
        "desc": "Chips, Cookies & Snacks"
      }
    ],
    "subCategories": [
      {
        "code": "Cookies & Crackers",
        "desc": "Cookies & Crackers"
      }
    ],
    "brands": [
      {
        "code": "Market Basket",
        "desc": "Market Basket"
      }
    ],
    "price": {
      "basePrice": 2.34,
      "discountPrice": 2.34
    },
    "type": {
      "code": "Crackers",
      "desc": "Crackers"
    },
    "weight": "16 oz",
    "UpcCode": "",
    "tax": 0.0,
    "spiceLevel": "",
    "aiselNo": "6",
    "store": "Market Basket",
    "weightType": "16 oz",
    "imageName": "Market Basket.jpg",
    "defaultImage": "Market Basket.jpg",
    "updatedTimestamp": "Jan 23, 2021 8:02:30 PM",
    "createdTimestamp": "Jan 23, 2021 8:02:30 PM",
    "isNewlyAdded": false,
    "isActive": true,
    "isDealsEnabled": false,
    "quantity": 0
  },
  {
    "id": 14881,
    "code": "Always Size 2 Super Pads With Wings",
    "desc": "Always Size 2 Super Pads With Wings",
    "shortDesc": "Always Size 2 Super Pads With Wings",
    "tags": [
      "Menstrual Pads"
    ],
    "categories": [
      {
        "code": "Personal Care",
        "desc": "Personal Care"
      }
    ],
    "subCategories": [
      {
        "code": "Feminine Care",
        "desc": "Feminine Care"
      }
    ],
    "brands": [
      {
        "code": "Always",
        "desc": "Always"
      }
    ],
    "price": {
      "basePrice": 4.93,
      "discountPrice": 4.93
    },
    "type": {
      "code": "Menstrual Pads",
      "desc": "Menstrual Pads"
    },
    "weight": "16 count",
    "UpcCode": "",
    "tax": 1.0,
    "spiceLevel": "",
    "aiselNo": "13",
    "store": "Market Basket",
    "weightType": "16 count",
    "imageName": "6499.jpg",
    "defaultImage": "6499.jpg",
    "updatedTimestamp": "Jan 23, 2021 8:02:30 PM",
    "createdTimestamp": "Jan 23, 2021 8:02:30 PM",
    "isNewlyAdded": false,
    "isActive": true,
    "isDealsEnabled": false,
    "quantity": 0
  },
  {
    "id": 7743,
    "code": "Goya Cannellini",
    "desc": "Goya Cannellini",
    "shortDesc": "Goya Cannellini",
    "tags": [
      "Canned Meals & Beans"
    ],
    "categories": [
      {
        "code": "Cooking Needs",
        "desc": "Cooking Needs"
      }
    ],
    "subCategories": [
      {
        "code": "Canned Food",
        "desc": "Canned Food"
      }
    ],
    "brands": [
      {
        "code": "Goya",
        "desc": "Goya"
      }
    ],
    "price": {
      "basePrice": 1.29,
      "discountPrice": 1.29
    },
    "type": {
      "code": "Canned Meals & Beans",
      "desc": "Canned Meals & Beans"
    },
    "weight": "15.5 oz",
    "UpcCode": "",
    "tax": 0.0,
    "spiceLevel": "",
    "aiselNo": "7",
    "store": "Market Basket",
    "weightType": "15.5 oz",
    "imageName": "5108.jpg",
    "defaultImage": "5108.jpg",
    "updatedTimestamp": "Jan 23, 2021 8:02:30 PM",
    "createdTimestamp": "Jan 23, 2021 8:02:30 PM",
    "isNewlyAdded": false,
    "isActive": true,
    "isDealsEnabled": false,
    "quantity": 0
  },
  {
    "id": 3564,
    "code": "Green Savoy Cabbage",
    "desc": "Green Savoy Cabbage",
    "shortDesc": "Green Savoy Cabbage",
    "tags": [
      "Cabbage"
    ],
    "categories": [
      {
        "code": "Fresh Produce",
        "desc": "Fresh Produce"
      }
    ],
    "subCategories": [
      {
        "code": "Fresh Vegetables",
        "desc": "Fresh Vegetables"
      }
    ],
    "brands": [
      {
        "code": "Market Basket",
        "desc": "Market Basket"
      }
    ],
    "price": {
      "basePrice": 2.39,
      "discountPrice": 2.39
    },
    "type": {
      "code": "Cabbage",
      "desc": "Cabbage"
    },
    "weight": "1 count",
    "UpcCode": "",
    "tax": 0.0,
    "spiceLevel": "",
    "aiselNo": "20",
    "store": "Market Basket",
    "weightType": "1 count",
    "imageName": "14375.jpg",
    "defaultImage": "14375.jpg",
    "updatedTimestamp": "Jan 23, 2021 8:02:30 PM",
    "createdTimestamp": "Jan 23, 2021 8:02:30 PM",
    "isNewlyAdded": false,
    "isActive": true,
    "isDealsEnabled": false,
    "quantity": 0
  },
  {
    "id": 7442,
    "code": "Goya Crushed Tomatillos",
    "desc": "Goya Crushed Tomatillos",
    "shortDesc": "Goya Crushed Tomatillos",
    "tags": [
      "Canned & Jarred Vegetables"
    ],
    "categories": [
      {
        "code": "Cooking Needs",
        "desc": "Cooking Needs"
      }
    ],
    "subCategories": [
      {
        "code": "Canned Food",
        "desc": "Canned Food"
      }
    ],
    "brands": [
      {
        "code": "Goya",
        "desc": "Goya"
      }
    ],
    "price": {
      "basePrice": 3.09,
      "discountPrice": 3.09
    },
    "type": {
      "code": "Canned & Jarred Vegetables",
      "desc": "Canned & Jarred Vegetables"
    },
    "weight": "26 oz",
    "UpcCode": "",
    "tax": 0.0,
    "spiceLevel": "",
    "aiselNo": "9",
    "store": "Market Basket",
    "weightType": "26 oz",
    "imageName": "No Image.jpg",
    "defaultImage": "No Image.jpg",
    "updatedTimestamp": "Jan 23, 2021 8:02:30 PM",
    "createdTimestamp": "Jan 23, 2021 8:02:30 PM",
    "isNewlyAdded": false,
    "isActive": true,
    "isDealsEnabled": false,
    "quantity": 0
  },
  {
    "id": 4274,
    "code": "Seaweed Wrap",
    "desc": "Seaweed Wrap",
    "shortDesc": "Seaweed Wrap",
    "tags": [
      "Seaweed"
    ],
    "categories": [
      {
        "code": "Meat & Seafood",
        "desc": "Meat & Seafood"
      }
    ],
    "subCategories": [
      {
        "code": "Packaged Meat & Seafood",
        "desc": "Packaged Meat & Seafood"
      }
    ],
    "brands": [
      {
        "code": "Market Basket",
        "desc": "Market Basket"
      }
    ],
    "price": {
      "basePrice": 1.99,
      "discountPrice": 1.99
    },
    "type": {
      "code": "Seaweed",
      "desc": "Seaweed"
    },
    "weight": "0.45 oz",
    "UpcCode": "",
    "tax": 0.0,
    "spiceLevel": "",
    "aiselNo": "22",
    "store": "Market Basket",
    "weightType": "0.45 oz",
    "imageName": "Market Basket.jpg",
    "defaultImage": "Market Basket.jpg",
    "updatedTimestamp": "Jan 23, 2021 8:02:30 PM",
    "createdTimestamp": "Jan 23, 2021 8:02:30 PM",
    "isNewlyAdded": false,
    "isActive": true,
    "isDealsEnabled": false,
    "quantity": 0
  },
  {
    "id": 14800,
    "code": "TRESemme Conditioner 7 Day Keratin Smooth",
    "desc": "TRESemme Conditioner 7 Day Keratin Smooth",
    "shortDesc": "TRESemme Conditioner 7 Day Keratin Smooth",
    "tags": [
      "Hair Care"
    ],
    "categories": [
      {
        "code": "Personal Care",
        "desc": "Personal Care"
      }
    ],
    "subCategories": [
      {
        "code": "Body Wash, Soap & Hair Care",
        "desc": "Body Wash, Soap & Hair Care"
      }
    ],
    "brands": [
      {
        "code": "TRESemme",
        "desc": "TRESemme"
      }
    ],
    "price": {
      "basePrice": 8.5,
      "discountPrice": 8.5
    },
    "type": {
      "code": "Hair Care",
      "desc": "Hair Care"
    },
    "weight": "9 oz",
    "UpcCode": "",
    "tax": 1.0,
    "spiceLevel": "",
    "aiselNo": "13",
    "store": "Market Basket",
    "weightType": "9 oz",
    "imageName": "6557.jpg",
    "defaultImage": "6557.jpg",
    "updatedTimestamp": "Jan 23, 2021 8:02:30 PM",
    "createdTimestamp": "Jan 23, 2021 8:02:30 PM",
    "isNewlyAdded": false,
    "isActive": true,
    "isDealsEnabled": false,
    "quantity": 0
  },
  {
    "id": 554,
    "code": "Xtra Detergent 128 Loads Lavender & Sweet Vanilla",
    "desc": "Xtra Detergent 128 Loads Lavender & Sweet Vanilla",
    "shortDesc": "Xtra Detergent 128 Loads Lavender & Sweet Vanilla",
    "tags": [
      "Laundry Detergent"
    ],
    "categories": [
      {
        "code": "Laundry & Paper Goods",
        "desc": "Laundry & Paper Goods"
      }
    ],
    "subCategories": [
      {
        "code": "Laundry",
        "desc": "Laundry"
      }
    ],
    "brands": [
      {
        "code": "Xtra",
        "desc": "Xtra"
      }
    ],
    "price": {
      "basePrice": 7.49,
      "discountPrice": 7.49
    },
    "type": {
      "code": "Laundry Detergent",
      "desc": "Laundry Detergent"
    },
    "weight": "192 fl oz",
    "UpcCode": "",
    "tax": 1.0,
    "spiceLevel": "",
    "aiselNo": "15",
    "store": "Market Basket",
    "weightType": "192 fl oz",
    "imageName": "No Image.jpg",
    "defaultImage": "No Image.jpg",
    "updatedTimestamp": "Jan 23, 2021 8:02:30 PM",
    "createdTimestamp": "Jan 23, 2021 8:02:30 PM",
    "isNewlyAdded": false,
    "isActive": true,
    "isDealsEnabled": false,
    "quantity": 0
  },
  {
    "id": 5667,
    "code": "Orbit Wintermint Sugarfree Gum single",
    "desc": "Orbit Wintermint Sugarfree Gum single",
    "shortDesc": "Orbit Wintermint Sugarfree Gum single",
    "tags": [
      "Mint & Gum"
    ],
    "categories": [
      {
        "code": "Chips, Cookies & Snacks",
        "desc": "Chips, Cookies & Snacks"
      }
    ],
    "subCategories": [
      {
        "code": "Candy & Chocolates",
        "desc": "Candy & Chocolates"
      }
    ],
    "brands": [
      {
        "code": "Orbit",
        "desc": "Orbit"
      }
    ],
    "price": {
      "basePrice": 1.29,
      "discountPrice": 1.29
    },
    "type": {
      "code": "Mint & Gum",
      "desc": "Mint & Gum"
    },
    "weight": "14 ct",
    "UpcCode": "",
    "tax": 0.0,
    "spiceLevel": "",
    "aiselNo": "3",
    "store": "Market Basket",
    "weightType": "14 ct",
    "imageName": "1491.jpg",
    "defaultImage": "1491.jpg",
    "updatedTimestamp": "Jan 23, 2021 8:02:30 PM",
    "createdTimestamp": "Jan 23, 2021 8:02:30 PM",
    "isNewlyAdded": false,
    "isActive": true,
    "isDealsEnabled": false,
    "quantity": 0
  },
  {
    "id": 10269,
    "code": "Weight Watchers Snack Size Mocha LattÃÂ© Ice Cream Bars",
    "desc": "Weight Watchers Snack Size Mocha LattÃÂ© Ice Cream Bars",
    "shortDesc": "Weight Watchers Snack Size Mocha LattÃÂ© Ice Cream Bars",
    "tags": [
      "Ice Cream & Ice"
    ],
    "categories": [
      {
        "code": "Frozen Food",
        "desc": "Frozen Food"
      }
    ],
    "subCategories": [
      {
        "code": "Ice Cream & Ice",
        "desc": "Ice Cream & Ice"
      }
    ],
    "brands": [
      {
        "code": "Weight Watchers",
        "desc": "Weight Watchers"
      }
    ],
    "price": {
      "basePrice": 4.89,
      "discountPrice": 4.89
    },
    "type": {
      "code": "Ice Cream & Ice",
      "desc": "Ice Cream & Ice"
    },
    "weight": "12 x 1.8 fl oz",
    "UpcCode": "",
    "tax": 0.0,
    "spiceLevel": "",
    "aiselNo": "21",
    "store": "Market Basket",
    "weightType": "12 x 1.8 fl oz",
    "imageName": "16212.jpg",
    "defaultImage": "16212.jpg",
    "updatedTimestamp": "Jan 23, 2021 8:02:30 PM",
    "createdTimestamp": "Jan 23, 2021 8:02:30 PM",
    "isNewlyAdded": false,
    "isActive": true,
    "isDealsEnabled": false,
    "quantity": 0
  },
  {
    "id": 8148,
    "code": "Wolfgang Puck Soup, Organic, Free Range Chicken Noodle",
    "desc": "Wolfgang Puck Soup, Organic, Free Range Chicken Noodle",
    "shortDesc": "Wolfgang Puck Soup, Organic, Free Range Chicken Noodle",
    "tags": [
      "Soup, Broth & Bouillon"
    ],
    "categories": [
      {
        "code": "Cooking Needs",
        "desc": "Cooking Needs"
      }
    ],
    "subCategories": [
      {
        "code": "Canned Food",
        "desc": "Canned Food"
      }
    ],
    "brands": [
      {
        "code": "Wolfgang Puck",
        "desc": "Wolfgang Puck"
      }
    ],
    "price": {
      "basePrice": 3.49,
      "discountPrice": 3.49
    },
    "type": {
      "code": "Soup, Broth & Bouillon",
      "desc": "Soup, Broth & Bouillon"
    },
    "weight": "14.5 oz",
    "UpcCode": "",
    "tax": 0.0,
    "spiceLevel": "",
    "aiselNo": "2",
    "store": "Market Basket",
    "weightType": "14.5 oz",
    "imageName": "17203.jpg",
    "defaultImage": "17203.jpg",
    "updatedTimestamp": "Jan 23, 2021 8:02:30 PM",
    "createdTimestamp": "Jan 23, 2021 8:02:30 PM",
    "isNewlyAdded": false,
    "isActive": true,
    "isDealsEnabled": false,
    "quantity": 0
  },
  {
    "id": 6165,
    "code": "Pepsi Wild Cherry",
    "desc": "Pepsi Wild Cherry",
    "shortDesc": "Pepsi Wild Cherry",
    "tags": [
      "Soft Drinks"
    ],
    "categories": [
      {
        "code": "Beverages & Juices",
        "desc": "Beverages & Juices"
      }
    ],
    "subCategories": [
      {
        "code": "Soft Drinks & Seltzers",
        "desc": "Soft Drinks & Seltzers"
      }
    ],
    "brands": [
      {
        "code": "Pepsi",
        "desc": "Pepsi"
      }
    ],
    "price": {
      "basePrice": 2.5,
      "discountPrice": 2.5
    },
    "type": {
      "code": "Soft Drinks",
      "desc": "Soft Drinks"
    },
    "weight": "2 L",
    "UpcCode": "",
    "tax": 0.0,
    "spiceLevel": "",
    "aiselNo": "17",
    "store": "Market Basket",
    "weightType": "2 L",
    "imageName": "No Image.jpg",
    "defaultImage": "No Image.jpg",
    "updatedTimestamp": "Jan 23, 2021 8:02:30 PM",
    "createdTimestamp": "Jan 23, 2021 8:02:30 PM",
    "isNewlyAdded": false,
    "isActive": true,
    "isDealsEnabled": false,
    "quantity": 0
  },
  {
    "id": 9971,
    "code": "Breyer's Gelato Indulgences Raspberry Cheesecake",
    "desc": "Breyer's Gelato Indulgences Raspberry Cheesecake",
    "shortDesc": "Breyer's Gelato Indulgences Raspberry Cheesecake",
    "tags": [
      "Ice Cream & Ice"
    ],
    "categories": [
      {
        "code": "Frozen Food",
        "desc": "Frozen Food"
      }
    ],
    "subCategories": [
      {
        "code": "Ice Cream & Ice",
        "desc": "Ice Cream & Ice"
      }
    ],
    "brands": [
      {
        "code": "Breyer's",
        "desc": "Breyer's"
      }
    ],
    "price": {
      "basePrice": 5.39,
      "discountPrice": 5.39
    },
    "type": {
      "code": "Ice Cream & Ice",
      "desc": "Ice Cream & Ice"
    },
    "weight": "28.5 oz",
    "UpcCode": "",
    "tax": 0.0,
    "spiceLevel": "",
    "aiselNo": "21",
    "store": "Market Basket",
    "weightType": "28.5 oz",
    "imageName": "18034.jpg",
    "defaultImage": "18034.jpg",
    "updatedTimestamp": "Jan 23, 2021 8:02:30 PM",
    "createdTimestamp": "Jan 23, 2021 8:02:30 PM",
    "isNewlyAdded": false,
    "isActive": true,
    "isDealsEnabled": false,
    "quantity": 0
  },
  {
    "id": 13844,
    "code": "Snack Pack Bakery Shop Chocolate Cupcake Pudding",
    "desc": "Snack Pack Bakery Shop Chocolate Cupcake Pudding",
    "shortDesc": "Snack Pack Bakery Shop Chocolate Cupcake Pudding",
    "tags": [
      "Refrigerated Pudding & Desserts"
    ],
    "categories": [
      {
        "code": "Breakfast & Dairy",
        "desc": "Breakfast & Dairy"
      }
    ],
    "subCategories": [
      {
        "code": "Dairy & Eggs",
        "desc": "Dairy & Eggs"
      }
    ],
    "brands": [
      {
        "code": "Snack Pack",
        "desc": "Snack Pack"
      }
    ],
    "price": {
      "basePrice": 1.49,
      "discountPrice": 1.49
    },
    "type": {
      "code": "Refrigerated Pudding & Desserts",
      "desc": "Refrigerated Pudding & Desserts"
    },
    "weight": "4 x 3.25 oz",
    "UpcCode": "",
    "tax": 0.0,
    "spiceLevel": "",
    "aiselNo": "19",
    "store": "Market Basket",
    "weightType": "4 x 3.25 oz",
    "imageName": "812.jpg",
    "defaultImage": "812.jpg",
    "updatedTimestamp": "Jan 23, 2021 8:02:30 PM",
    "createdTimestamp": "Jan 23, 2021 8:02:30 PM",
    "isNewlyAdded": false,
    "isActive": true,
    "isDealsEnabled": false,
    "quantity": 0
  },
  {
    "id": 5402,
    "code": "Back to Nature Cheese Flavored Crackers",
    "desc": "Back to Nature Cheese Flavored Crackers",
    "shortDesc": "Back to Nature Cheese Flavored Crackers",
    "tags": [
      "Crackers"
    ],
    "categories": [
      {
        "code": "Chips, Cookies & Snacks",
        "desc": "Chips, Cookies & Snacks"
      }
    ],
    "subCategories": [
      {
        "code": "Cookies & Crackers",
        "desc": "Cookies & Crackers"
      }
    ],
    "brands": [
      {
        "code": "Back to Nature",
        "desc": "Back to Nature"
      }
    ],
    "price": {
      "basePrice": 6.23,
      "discountPrice": 6.23
    },
    "type": {
      "code": "Crackers",
      "desc": "Crackers"
    },
    "weight": "6 oz",
    "UpcCode": "",
    "tax": 0.0,
    "spiceLevel": "",
    "aiselNo": "6",
    "store": "Market Basket",
    "weightType": "6 oz",
    "imageName": "No Image.jpg",
    "defaultImage": "No Image.jpg",
    "updatedTimestamp": "Jan 23, 2021 8:02:30 PM",
    "createdTimestamp": "Jan 23, 2021 8:02:30 PM",
    "isNewlyAdded": false,
    "isActive": true,
    "isDealsEnabled": false,
    "quantity": 0
  },
  {
    "id": 10173,
    "code": "Market Basket Strawberry Ice Cream",
    "desc": "Market Basket Strawberry Ice Cream",
    "shortDesc": "Market Basket Strawberry Ice Cream",
    "tags": [
      "Ice Cream & Ice"
    ],
    "categories": [
      {
        "code": "Frozen Food",
        "desc": "Frozen Food"
      }
    ],
    "subCategories": [
      {
        "code": "Ice Cream & Ice",
        "desc": "Ice Cream & Ice"
      }
    ],
    "brands": [
      {
        "code": "Market Basket",
        "desc": "Market Basket"
      }
    ],
    "price": {
      "basePrice": 2.49,
      "discountPrice": 2.49
    },
    "type": {
      "code": "Ice Cream & Ice",
      "desc": "Ice Cream & Ice"
    },
    "weight": "1.75 quart",
    "UpcCode": "",
    "tax": 0.0,
    "spiceLevel": "",
    "aiselNo": "21",
    "store": "Market Basket",
    "weightType": "1.75 quart",
    "imageName": "Market Basket.jpg",
    "defaultImage": "Market Basket.jpg",
    "updatedTimestamp": "Jan 23, 2021 8:02:30 PM",
    "createdTimestamp": "Jan 23, 2021 8:02:30 PM",
    "isNewlyAdded": false,
    "isActive": true,
    "isDealsEnabled": false,
    "quantity": 0
  },
  {
    "id": 13532,
    "code": "Simply Orange CALCIUM VITAMIN D PULP FREE NOT FROM CONCENTRATE 100% ORANGE JUICE",
    "desc": "Simply Orange CALCIUM VITAMIN D PULP FREE NOT FROM CONCENTRATE 100% ORANGE JUICE",
    "shortDesc": "Simply Orange CALCIUM VITAMIN D PULP FREE NOT FROM CONCENTRATE 100% ORANGE JUICE",
    "tags": [
      "Refrigerated Drinks"
    ],
    "categories": [
      {
        "code": "Beverages & Juices",
        "desc": "Beverages & Juices"
      }
    ],
    "subCategories": [
      {
        "code": "Juices & Refrigerated Drinks",
        "desc": "Juices & Refrigerated Drinks"
      }
    ],
    "brands": [
      {
        "code": "Simply",
        "desc": "Simply"
      }
    ],
    "price": {
      "basePrice": 3.74,
      "discountPrice": 3.74
    },
    "type": {
      "code": "Refrigerated Drinks",
      "desc": "Refrigerated Drinks"
    },
    "weight": "52 fl oz",
    "UpcCode": "",
    "tax": 0.0,
    "spiceLevel": "",
    "aiselNo": "1",
    "store": "Market Basket",
    "weightType": "52 fl oz",
    "imageName": "X771.jpg",
    "defaultImage": "X771.jpg",
    "updatedTimestamp": "Jan 23, 2021 8:02:29 PM",
    "createdTimestamp": "Jan 23, 2021 8:02:29 PM",
    "isNewlyAdded": false,
    "isActive": true,
    "isDealsEnabled": false,
    "quantity": 0
  },
  {
    "id": 5396,
    "code": "Back to Nature Mini Chocolate Chunk Cookies",
    "desc": "Back to Nature Mini Chocolate Chunk Cookies",
    "shortDesc": "Back to Nature Mini Chocolate Chunk Cookies",
    "tags": [
      "Crackers"
    ],
    "categories": [
      {
        "code": "Chips, Cookies & Snacks",
        "desc": "Chips, Cookies & Snacks"
      }
    ],
    "subCategories": [
      {
        "code": "Cookies & Crackers",
        "desc": "Cookies & Crackers"
      }
    ],
    "brands": [
      {
        "code": "Back to Nature",
        "desc": "Back to Nature"
      }
    ],
    "price": {
      "basePrice": 5.47,
      "discountPrice": 5.47
    },
    "type": {
      "code": "Crackers",
      "desc": "Crackers"
    },
    "weight": "7.5 oz",
    "UpcCode": "",
    "tax": 0.0,
    "spiceLevel": "",
    "aiselNo": "6",
    "store": "Market Basket",
    "weightType": "7.5 oz",
    "imageName": "No Image.jpg",
    "defaultImage": "No Image.jpg",
    "updatedTimestamp": "Jan 23, 2021 8:02:30 PM",
    "createdTimestamp": "Jan 23, 2021 8:02:30 PM",
    "isNewlyAdded": false,
    "isActive": true,
    "isDealsEnabled": false,
    "quantity": 0
  },
  {
    "id": 15114,
    "code": "Olay Exfoliating Scrub, Deep Pore Clean, Out of This Swirled!",
    "desc": "Olay Exfoliating Scrub, Deep Pore Clean, Out of This Swirled!",
    "shortDesc": "Olay Exfoliating Scrub, Deep Pore Clean, Out of This Swirled!",
    "tags": [
      "Facial Care"
    ],
    "categories": [
      {
        "code": "Personal Care",
        "desc": "Personal Care"
      }
    ],
    "subCategories": [
      {
        "code": "Personal Needs",
        "desc": "Personal Needs"
      }
    ],
    "brands": [
      {
        "code": "Olay",
        "desc": "Olay"
      }
    ],
    "price": {
      "basePrice": 9.19,
      "discountPrice": 9.19
    },
    "type": {
      "code": "Facial Care",
      "desc": "Facial Care"
    },
    "weight": "5 oz",
    "UpcCode": "",
    "tax": 1.0,
    "spiceLevel": "",
    "aiselNo": "13",
    "store": "Market Basket",
    "weightType": "5 oz",
    "imageName": "No Image.jpg",
    "defaultImage": "No Image.jpg",
    "updatedTimestamp": "Jan 23, 2021 8:02:30 PM",
    "createdTimestamp": "Jan 23, 2021 8:02:30 PM",
    "isNewlyAdded": false,
    "isActive": true,
    "isDealsEnabled": false,
    "quantity": 0
  },
  {
    "id": 12847,
    "code": "Market Basket Raspberry Cheese Sweet Rolls (4 Raspberry 4 Cheese )",
    "desc": "Market Basket Raspberry Cheese Sweet Rolls (4 Raspberry 4 Cheese )",
    "shortDesc": "Market Basket Raspberry Cheese Sweet Rolls (4 Raspberry 4 Cheese )",
    "tags": [
      "Rolls"
    ],
    "categories": [
      {
        "code": "Breakfast & Dairy",
        "desc": "Breakfast & Dairy"
      }
    ],
    "subCategories": [
      {
        "code": "Breads & Rolls",
        "desc": "Breads & Rolls"
      }
    ],
    "brands": [
      {
        "code": "Market Basket",
        "desc": "Market Basket"
      }
    ],
    "price": {
      "basePrice": 3.69,
      "discountPrice": 3.69
    },
    "type": {
      "code": "Rolls",
      "desc": "Rolls"
    },
    "weight": "22 oz",
    "UpcCode": "",
    "tax": 0.0,
    "spiceLevel": "",
    "aiselNo": "0",
    "store": "Market Basket",
    "weightType": "22 oz",
    "imageName": "Market Basket.jpg",
    "defaultImage": "Market Basket.jpg",
    "updatedTimestamp": "Jan 23, 2021 8:02:30 PM",
    "createdTimestamp": "Jan 23, 2021 8:02:30 PM",
    "isNewlyAdded": false,
    "isActive": true,
    "isDealsEnabled": false,
    "quantity": 0
  },
  {
    "id": 4461,
    "code": "DiLuigi Sweet Italian Chicken Sausage",
    "desc": "DiLuigi Sweet Italian Chicken Sausage",
    "shortDesc": "DiLuigi Sweet Italian Chicken Sausage",
    "tags": [
      "Sausage"
    ],
    "categories": [
      {
        "code": "Meat & Seafood",
        "desc": "Meat & Seafood"
      }
    ],
    "subCategories": [
      {
        "code": "Hot Dogs, Bacon & Sausage",
        "desc": "Hot Dogs, Bacon & Sausage"
      }
    ],
    "brands": [
      {
        "code": "DiLuigi",
        "desc": "DiLuigi"
      }
    ],
    "price": {
      "basePrice": 4.89,
      "discountPrice": 4.89
    },
    "type": {
      "code": "Sausage",
      "desc": "Sausage"
    },
    "weight": "1 lb",
    "UpcCode": "",
    "tax": 0.0,
    "spiceLevel": "",
    "aiselNo": "1",
    "store": "Market Basket",
    "weightType": "1 lb",
    "imageName": "No Image.jpg",
    "defaultImage": "No Image.jpg",
    "updatedTimestamp": "Jan 23, 2021 8:02:30 PM",
    "createdTimestamp": "Jan 23, 2021 8:02:30 PM",
    "isNewlyAdded": false,
    "isActive": true,
    "isDealsEnabled": false,
    "quantity": 0
  },
  {
    "id": 13555,
    "code": "Galbani Mascarpone Fresca",
    "desc": "Galbani Mascarpone Fresca",
    "shortDesc": "Galbani Mascarpone Fresca",
    "tags": [
      "Other Creams & Cheeses"
    ],
    "categories": [
      {
        "code": "Breakfast & Dairy",
        "desc": "Breakfast & Dairy"
      }
    ],
    "subCategories": [
      {
        "code": "Dairy & Eggs",
        "desc": "Dairy & Eggs"
      }
    ],
    "brands": [
      {
        "code": "Galbani",
        "desc": "Galbani"
      }
    ],
    "price": {
      "basePrice": 4.89,
      "discountPrice": 4.89
    },
    "type": {
      "code": "Other Creams & Cheeses",
      "desc": "Other Creams & Cheeses"
    },
    "weight": "8 oz",
    "UpcCode": "",
    "tax": 0.0,
    "spiceLevel": "",
    "aiselNo": "1",
    "store": "Market Basket",
    "weightType": "8 oz",
    "imageName": "708.jpg",
    "defaultImage": "708.jpg",
    "updatedTimestamp": "Jan 23, 2021 8:02:30 PM",
    "createdTimestamp": "Jan 23, 2021 8:02:30 PM",
    "isNewlyAdded": false,
    "isActive": true,
    "isDealsEnabled": false,
    "quantity": 0
  },
  {
    "id": 14515,
    "code": "Bigelow Black Tea Early Grey",
    "desc": "Bigelow Black Tea Early Grey",
    "shortDesc": "Bigelow Black Tea Early Grey",
    "tags": [
      "Tea"
    ],
    "categories": [
      {
        "code": "Breakfast & Dairy",
        "desc": "Breakfast & Dairy"
      }
    ],
    "subCategories": [
      {
        "code": "Tea & Coffee",
        "desc": "Tea & Coffee"
      }
    ],
    "brands": [
      {
        "code": "Bigelow ",
        "desc": "Bigelow "
      }
    ],
    "price": {
      "basePrice": 4.89,
      "discountPrice": 4.89
    },
    "type": {
      "code": "Tea",
      "desc": "Tea"
    },
    "weight": "40 count",
    "UpcCode": "",
    "tax": 0.0,
    "spiceLevel": "",
    "aiselNo": "8",
    "store": "Market Basket",
    "weightType": "40 count",
    "imageName": "3424.jpg",
    "defaultImage": "3424.jpg",
    "updatedTimestamp": "Jan 23, 2021 8:02:30 PM",
    "createdTimestamp": "Jan 23, 2021 8:02:30 PM",
    "isNewlyAdded": false,
    "isActive": true,
    "isDealsEnabled": false,
    "quantity": 0
  },
  {
    "id": 6920,
    "code": "Sweet'N Low Zero Calorie Sweetener",
    "desc": "Sweet'N Low Zero Calorie Sweetener",
    "shortDesc": "Sweet'N Low Zero Calorie Sweetener",
    "tags": [
      "Baking Ingredients"
    ],
    "categories": [
      {
        "code": "Cooking Needs",
        "desc": "Cooking Needs"
      }
    ],
    "subCategories": [
      {
        "code": "Baking & Cooking",
        "desc": "Baking & Cooking"
      }
    ],
    "brands": [
      {
        "code": "Sweet 'N Low",
        "desc": "Sweet 'N Low"
      }
    ],
    "price": {
      "basePrice": 1.89,
      "discountPrice": 1.89
    },
    "type": {
      "code": "Baking Ingredients",
      "desc": "Baking Ingredients"
    },
    "weight": "100 count",
    "UpcCode": "",
    "tax": 0.0,
    "spiceLevel": "",
    "aiselNo": "8",
    "store": "Market Basket",
    "weightType": "100 count",
    "imageName": "15688.jpg",
    "defaultImage": "15688.jpg",
    "updatedTimestamp": "Jan 23, 2021 8:02:30 PM",
    "createdTimestamp": "Jan 23, 2021 8:02:30 PM",
    "isNewlyAdded": false,
    "isActive": true,
    "isDealsEnabled": false,
    "quantity": 0
  },
  {
    "id": 6343,
    "code": "Polar Premium Ginger Ale Cans",
    "desc": "Polar Premium Ginger Ale Cans",
    "shortDesc": "Polar Premium Ginger Ale Cans",
    "tags": [
      "Ginger Ale"
    ],
    "categories": [
      {
        "code": "Beverages & Juices",
        "desc": "Beverages & Juices"
      }
    ],
    "subCategories": [
      {
        "code": "Ginger Ale & Ginger Beer",
        "desc": "Ginger Ale & Ginger Beer"
      }
    ],
    "brands": [
      {
        "code": "Polar",
        "desc": "Polar"
      }
    ],
    "price": {
      "basePrice": 4.99,
      "discountPrice": 4.99
    },
    "type": {
      "code": "Ginger Ale",
      "desc": "Ginger Ale"
    },
    "weight": "12 x 12 fl oz",
    "UpcCode": "",
    "tax": 0.0,
    "spiceLevel": "",
    "aiselNo": "11",
    "store": "Market Basket",
    "weightType": "12 x 12 fl oz",
    "imageName": "No Image.jpg",
    "defaultImage": "No Image.jpg",
    "updatedTimestamp": "Jan 23, 2021 8:02:29 PM",
    "createdTimestamp": "Jan 23, 2021 8:02:29 PM",
    "isNewlyAdded": false,
    "isActive": true,
    "isDealsEnabled": false,
    "quantity": 0
  },
  {
    "id": 5692,
    "code": "Market Basket Triple Mix Nut Cashew Almond & Pistachio",
    "desc": "Market Basket Triple Mix Nut Cashew Almond & Pistachio",
    "shortDesc": "Market Basket Triple Mix Nut Cashew Almond & Pistachio",
    "tags": [
      "Trail Mix & Snack Mix"
    ],
    "categories": [
      {
        "code": "Chips, Cookies & Snacks",
        "desc": "Chips, Cookies & Snacks"
      }
    ],
    "subCategories": [
      {
        "code": "Nuts, Seeds & Dried Fruit",
        "desc": "Nuts, Seeds & Dried Fruit"
      }
    ],
    "brands": [
      {
        "code": "Market Basket",
        "desc": "Market Basket"
      }
    ],
    "price": {
      "basePrice": 6.69,
      "discountPrice": 6.69
    },
    "type": {
      "code": "Trail Mix & Snack Mix",
      "desc": "Trail Mix & Snack Mix"
    },
    "weight": "1 ct",
    "UpcCode": "",
    "tax": 0.0,
    "spiceLevel": "",
    "aiselNo": "21",
    "store": "Market Basket",
    "weightType": "1 ct",
    "imageName": "Market Basket.jpg",
    "defaultImage": "Market Basket.jpg",
    "updatedTimestamp": "Jan 23, 2021 8:02:30 PM",
    "createdTimestamp": "Jan 23, 2021 8:02:30 PM",
    "isNewlyAdded": false,
    "isActive": true,
    "isDealsEnabled": false,
    "quantity": 0
  },
  {
    "id": 6582,
    "code": "Dole 100% JUICE Orange Peach Mango",
    "desc": "Dole 100% JUICE Orange Peach Mango",
    "shortDesc": "Dole 100% JUICE Orange Peach Mango",
    "tags": [
      "Refrigerated Drinks"
    ],
    "categories": [
      {
        "code": "Beverages & Juices",
        "desc": "Beverages & Juices"
      }
    ],
    "subCategories": [
      {
        "code": "Juices & Refrigerated Drinks",
        "desc": "Juices & Refrigerated Drinks"
      }
    ],
    "brands": [
      {
        "code": "Dole",
        "desc": "Dole"
      }
    ],
    "price": {
      "basePrice": 3.13,
      "discountPrice": 3.13
    },
    "type": {
      "code": "Refrigerated Drinks",
      "desc": "Refrigerated Drinks"
    },
    "weight": "59 fl oz",
    "UpcCode": "",
    "tax": 0.0,
    "spiceLevel": "",
    "aiselNo": "1",
    "store": "Market Basket",
    "weightType": "59 fl oz",
    "imageName": "X228.jpg",
    "defaultImage": "X228.jpg",
    "updatedTimestamp": "Jan 23, 2021 8:02:29 PM",
    "createdTimestamp": "Jan 23, 2021 8:02:29 PM",
    "isNewlyAdded": false,
    "isActive": true,
    "isDealsEnabled": false,
    "quantity": 0
  },
  {
    "id": 14971,
    "code": "Zicam RapidMelts Cherry Flavor Cold Remedy",
    "desc": "Zicam RapidMelts Cherry Flavor Cold Remedy",
    "shortDesc": "Zicam RapidMelts Cherry Flavor Cold Remedy",
    "tags": [
      "First Aid"
    ],
    "categories": [
      {
        "code": "Personal Care",
        "desc": "Personal Care"
      }
    ],
    "subCategories": [
      {
        "code": "First Aid & Healthcare",
        "desc": "First Aid & Healthcare"
      }
    ],
    "brands": [
      {
        "code": "Zicam",
        "desc": "Zicam"
      }
    ],
    "price": {
      "basePrice": 15.51,
      "discountPrice": 15.51
    },
    "type": {
      "code": "First Aid",
      "desc": "First Aid"
    },
    "weight": "25 count",
    "UpcCode": "",
    "tax": 1.0,
    "spiceLevel": "",
    "aiselNo": "13",
    "store": "Market Basket",
    "weightType": "25 count",
    "imageName": "17811.jpg",
    "defaultImage": "17811.jpg",
    "updatedTimestamp": "Jan 23, 2021 8:02:30 PM",
    "createdTimestamp": "Jan 23, 2021 8:02:30 PM",
    "isNewlyAdded": false,
    "isActive": true,
    "isDealsEnabled": false,
    "quantity": 0
  },
  {
    "id": 13733,
    "code": "Market Basket Extra Sharp New York Cheddar Block",
    "desc": "Market Basket Extra Sharp New York Cheddar Block",
    "shortDesc": "Market Basket Extra Sharp New York Cheddar Block",
    "tags": [
      "Packaged Cheese"
    ],
    "categories": [
      {
        "code": "Breakfast & Dairy",
        "desc": "Breakfast & Dairy"
      }
    ],
    "subCategories": [
      {
        "code": "Dairy & Eggs",
        "desc": "Dairy & Eggs"
      }
    ],
    "brands": [
      {
        "code": "Market Basket",
        "desc": "Market Basket"
      }
    ],
    "price": {
      "basePrice": 2.49,
      "discountPrice": 2.49
    },
    "type": {
      "code": "Packaged Cheese",
      "desc": "Packaged Cheese"
    },
    "weight": "8 oz",
    "UpcCode": "",
    "tax": 0.0,
    "spiceLevel": "",
    "aiselNo": "1",
    "store": "Market Basket",
    "weightType": "8 oz",
    "imageName": "Market Basket.jpg",
    "defaultImage": "Market Basket.jpg",
    "updatedTimestamp": "Jan 23, 2021 8:02:30 PM",
    "createdTimestamp": "Jan 23, 2021 8:02:30 PM",
    "isNewlyAdded": false,
    "isActive": true,
    "isDealsEnabled": false,
    "quantity": 0
  },
  {
    "id": 557,
    "code": "Xtra Detergent Mountain Rain 50 Loads",
    "desc": "Xtra Detergent Mountain Rain 50 Loads",
    "shortDesc": "Xtra Detergent Mountain Rain 50 Loads",
    "tags": [
      "Laundry Detergent"
    ],
    "categories": [
      {
        "code": "Laundry & Paper Goods",
        "desc": "Laundry & Paper Goods"
      }
    ],
    "subCategories": [
      {
        "code": "Laundry",
        "desc": "Laundry"
      }
    ],
    "brands": [
      {
        "code": "Xtra",
        "desc": "Xtra"
      }
    ],
    "price": {
      "basePrice": 3.74,
      "discountPrice": 3.74
    },
    "type": {
      "code": "Laundry Detergent",
      "desc": "Laundry Detergent"
    },
    "weight": "75 fl oz",
    "UpcCode": "",
    "tax": 1.0,
    "spiceLevel": "",
    "aiselNo": "15",
    "store": "Market Basket",
    "weightType": "75 fl oz",
    "imageName": "No Image.jpg",
    "defaultImage": "No Image.jpg",
    "updatedTimestamp": "Jan 23, 2021 8:02:30 PM",
    "createdTimestamp": "Jan 23, 2021 8:02:30 PM",
    "isNewlyAdded": false,
    "isActive": true,
    "isDealsEnabled": false,
    "quantity": 0
  },
  {
    "id": 7257,
    "code": "McCormick Butter Extract With Other Natural Flavors",
    "desc": "McCormick Butter Extract With Other Natural Flavors",
    "shortDesc": "McCormick Butter Extract With Other Natural Flavors",
    "tags": [
      "Spices & Seasonings"
    ],
    "categories": [
      {
        "code": "Cooking Needs",
        "desc": "Cooking Needs"
      }
    ],
    "subCategories": [
      {
        "code": "Spices & Seasonings",
        "desc": "Spices & Seasonings"
      }
    ],
    "brands": [
      {
        "code": "McCormick",
        "desc": "McCormick"
      }
    ],
    "price": {
      "basePrice": 3.69,
      "discountPrice": 3.69
    },
    "type": {
      "code": "Spices & Seasonings",
      "desc": "Spices & Seasonings"
    },
    "weight": "1 fl oz",
    "UpcCode": "",
    "tax": 0.0,
    "spiceLevel": "",
    "aiselNo": "9",
    "store": "Market Basket",
    "weightType": "1 fl oz",
    "imageName": "2175.jpg",
    "defaultImage": "2175.jpg",
    "updatedTimestamp": "Jan 23, 2021 8:02:30 PM",
    "createdTimestamp": "Jan 23, 2021 8:02:30 PM",
    "isNewlyAdded": false,
    "isActive": true,
    "isDealsEnabled": false,
    "quantity": 0
  },
  {
    "id": 3784,
    "code": "Organic Oranges, Bag",
    "desc": "Organic Oranges, Bag",
    "shortDesc": "Organic Oranges, Bag",
    "tags": [
      "Orange"
    ],
    "categories": [
      {
        "code": "Fresh Produce",
        "desc": "Fresh Produce"
      }
    ],
    "subCategories": [
      {
        "code": "Fresh Organic Fruits",
        "desc": "Fresh Organic Fruits"
      }
    ],
    "brands": [
      {
        "code": "Market Basket",
        "desc": "Market Basket"
      }
    ],
    "price": {
      "basePrice": 6.99,
      "discountPrice": 6.99
    },
    "type": {
      "code": "Orange",
      "desc": "Orange"
    },
    "weight": "3 lb",
    "UpcCode": "",
    "tax": 0.0,
    "spiceLevel": "",
    "aiselNo": "20",
    "store": "Market Basket",
    "weightType": "3 lb",
    "imageName": "FP29.jpg",
    "defaultImage": "FP29.jpg",
    "updatedTimestamp": "Jan 23, 2021 8:02:30 PM",
    "createdTimestamp": "Jan 23, 2021 8:02:30 PM",
    "isNewlyAdded": false,
    "isActive": true,
    "isDealsEnabled": false,
    "quantity": 0
  },
  {
    "id": 14351,
    "code": "Chock Full O' Nuts French Roast Ground Coffee",
    "desc": "Chock Full O' Nuts French Roast Ground Coffee",
    "shortDesc": "Chock Full O' Nuts French Roast Ground Coffee",
    "tags": [
      "Coffee"
    ],
    "categories": [
      {
        "code": "Breakfast & Dairy",
        "desc": "Breakfast & Dairy"
      }
    ],
    "subCategories": [
      {
        "code": "Tea & Coffee",
        "desc": "Tea & Coffee"
      }
    ],
    "brands": [
      {
        "code": "Chock Full O' Nuts",
        "desc": "Chock Full O' Nuts"
      }
    ],
    "price": {
      "basePrice": 8.59,
      "discountPrice": 8.59
    },
    "type": {
      "code": "Coffee",
      "desc": "Coffee"
    },
    "weight": "26 oz",
    "UpcCode": "",
    "tax": 0.0,
    "spiceLevel": "",
    "aiselNo": "8",
    "store": "Market Basket",
    "weightType": "26 oz",
    "imageName": "16291.jpg",
    "defaultImage": "16291.jpg",
    "updatedTimestamp": "Jan 23, 2021 8:02:30 PM",
    "createdTimestamp": "Jan 23, 2021 8:02:30 PM",
    "isNewlyAdded": false,
    "isActive": true,
    "isDealsEnabled": false,
    "quantity": 0
  },
  {
    "id": 8013,
    "code": "Herb Ox Chicken Flavor Granulated Bouillon",
    "desc": "Herb Ox Chicken Flavor Granulated Bouillon",
    "shortDesc": "Herb Ox Chicken Flavor Granulated Bouillon",
    "tags": [
      "Soup, Broth & Bouillon"
    ],
    "categories": [
      {
        "code": "Cooking Needs",
        "desc": "Cooking Needs"
      }
    ],
    "subCategories": [
      {
        "code": "Canned Food",
        "desc": "Canned Food"
      }
    ],
    "brands": [
      {
        "code": "Herb-Ox",
        "desc": "Herb-Ox"
      }
    ],
    "price": {
      "basePrice": 2.99,
      "discountPrice": 2.99
    },
    "type": {
      "code": "Soup, Broth & Bouillon",
      "desc": "Soup, Broth & Bouillon"
    },
    "weight": "4 oz",
    "UpcCode": "",
    "tax": 0.0,
    "spiceLevel": "",
    "aiselNo": "2",
    "store": "Market Basket",
    "weightType": "4 oz",
    "imageName": "16714.jpg",
    "defaultImage": "16714.jpg",
    "updatedTimestamp": "Jan 23, 2021 8:02:30 PM",
    "createdTimestamp": "Jan 23, 2021 8:02:30 PM",
    "isNewlyAdded": false,
    "isActive": true,
    "isDealsEnabled": false,
    "quantity": 0
  },
  {
    "id": 7560,
    "code": "Pastene Artichoke Hearts Quartered",
    "desc": "Pastene Artichoke Hearts Quartered",
    "shortDesc": "Pastene Artichoke Hearts Quartered",
    "tags": [
      "Canned & Jarred Vegetables"
    ],
    "categories": [
      {
        "code": "Cooking Needs",
        "desc": "Cooking Needs"
      }
    ],
    "subCategories": [
      {
        "code": "Canned Food",
        "desc": "Canned Food"
      }
    ],
    "brands": [
      {
        "code": "Pastene",
        "desc": "Pastene"
      }
    ],
    "price": {
      "basePrice": 3.09,
      "discountPrice": 3.09
    },
    "type": {
      "code": "Canned & Jarred Vegetables",
      "desc": "Canned & Jarred Vegetables"
    },
    "weight": "14 oz",
    "UpcCode": "",
    "tax": 0.0,
    "spiceLevel": "",
    "aiselNo": "9",
    "store": "Market Basket",
    "weightType": "14 oz",
    "imageName": "4967.jpg",
    "defaultImage": "4967.jpg",
    "updatedTimestamp": "Jan 23, 2021 8:02:30 PM",
    "createdTimestamp": "Jan 23, 2021 8:02:30 PM",
    "isNewlyAdded": false,
    "isActive": true,
    "isDealsEnabled": false,
    "quantity": 0
  },
  {
    "id": 7951,
    "code": "Campbell's Condensed Campbell's Condensed Disney Princess Soup",
    "desc": "Campbell's Condensed Campbell's Condensed Disney Princess Soup",
    "shortDesc": "Campbell's Condensed Campbell's Condensed Disney Princess Soup",
    "tags": [
      "Soup, Broth & Bouillon"
    ],
    "categories": [
      {
        "code": "Cooking Needs",
        "desc": "Cooking Needs"
      }
    ],
    "subCategories": [
      {
        "code": "Canned Food",
        "desc": "Canned Food"
      }
    ],
    "brands": [
      {
        "code": "Campbell's",
        "desc": "Campbell's"
      }
    ],
    "price": {
      "basePrice": 2.09,
      "discountPrice": 2.09
    },
    "type": {
      "code": "Soup, Broth & Bouillon",
      "desc": "Soup, Broth & Bouillon"
    },
    "weight": "10.5 oz",
    "UpcCode": "",
    "tax": 0.0,
    "spiceLevel": "",
    "aiselNo": "2",
    "store": "Market Basket",
    "weightType": "10.5 oz",
    "imageName": "5302.jpg",
    "defaultImage": "5302.jpg",
    "updatedTimestamp": "Jan 23, 2021 8:02:30 PM",
    "createdTimestamp": "Jan 23, 2021 8:02:30 PM",
    "isNewlyAdded": false,
    "isActive": true,
    "isDealsEnabled": false,
    "quantity": 0
  },
  {
    "id": 7834,
    "code": "Chicken of the Sea Chunk White in Water To Go Tuna Cups",
    "desc": "Chicken of the Sea Chunk White in Water To Go Tuna Cups",
    "shortDesc": "Chicken of the Sea Chunk White in Water To Go Tuna Cups",
    "tags": [
      "Canned Meat & Seafood"
    ],
    "categories": [
      {
        "code": "Cooking Needs",
        "desc": "Cooking Needs"
      }
    ],
    "subCategories": [
      {
        "code": "Canned Food",
        "desc": "Canned Food"
      }
    ],
    "brands": [
      {
        "code": "Chicken of the Sea",
        "desc": "Chicken of the Sea"
      }
    ],
    "price": {
      "basePrice": 3.69,
      "discountPrice": 3.69
    },
    "type": {
      "code": "Canned Meat & Seafood",
      "desc": "Canned Meat & Seafood"
    },
    "weight": "2 x 2.8 oz",
    "UpcCode": "",
    "tax": 0.0,
    "spiceLevel": "",
    "aiselNo": "2",
    "store": "Market Basket",
    "weightType": "2 x 2.8 oz",
    "imageName": "5214.jpg",
    "defaultImage": "5214.jpg",
    "updatedTimestamp": "Jan 23, 2021 8:02:30 PM",
    "createdTimestamp": "Jan 23, 2021 8:02:30 PM",
    "isNewlyAdded": false,
    "isActive": true,
    "isDealsEnabled": false,
    "quantity": 0
  },
  {
    "id": 14844,
    "code": "Dr. Bronner's Magic Soaps All-One Hemp Lavender Pure-Castile Bar Soap",
    "desc": "Dr. Bronner's Magic Soaps All-One Hemp Lavender Pure-Castile Bar Soap",
    "shortDesc": "Dr. Bronner's Magic Soaps All-One Hemp Lavender Pure-Castile Bar Soap",
    "tags": [
      "Soap"
    ],
    "categories": [
      {
        "code": "Personal Care",
        "desc": "Personal Care"
      }
    ],
    "subCategories": [
      {
        "code": "Body Wash, Soap & Hair Care",
        "desc": "Body Wash, Soap & Hair Care"
      }
    ],
    "brands": [
      {
        "code": "Dr. Bronner's",
        "desc": "Dr. Bronner's"
      }
    ],
    "price": {
      "basePrice": 4.24,
      "discountPrice": 4.24
    },
    "type": {
      "code": "Soap",
      "desc": "Soap"
    },
    "weight": "5 oz",
    "UpcCode": "",
    "tax": 1.0,
    "spiceLevel": "",
    "aiselNo": "13",
    "store": "Market Basket",
    "weightType": "5 oz",
    "imageName": "17715.jpg",
    "defaultImage": "17715.jpg",
    "updatedTimestamp": "Jan 23, 2021 8:02:30 PM",
    "createdTimestamp": "Jan 23, 2021 8:02:30 PM",
    "isNewlyAdded": false,
    "isActive": true,
    "isDealsEnabled": false,
    "quantity": 0
  },
  {
    "id": 7348,
    "code": "McCormick Red Food Color",
    "desc": "McCormick Red Food Color",
    "shortDesc": "McCormick Red Food Color",
    "tags": [
      "Spices & Seasonings"
    ],
    "categories": [
      {
        "code": "Cooking Needs",
        "desc": "Cooking Needs"
      }
    ],
    "subCategories": [
      {
        "code": "Spices & Seasonings",
        "desc": "Spices & Seasonings"
      }
    ],
    "brands": [
      {
        "code": "McCormick",
        "desc": "McCormick"
      }
    ],
    "price": {
      "basePrice": 3.69,
      "discountPrice": 3.69
    },
    "type": {
      "code": "Spices & Seasonings",
      "desc": "Spices & Seasonings"
    },
    "weight": "1 fl oz",
    "UpcCode": "",
    "tax": 0.0,
    "spiceLevel": "",
    "aiselNo": "9",
    "store": "Market Basket",
    "weightType": "1 fl oz",
    "imageName": "2184.jpg",
    "defaultImage": "2184.jpg",
    "updatedTimestamp": "Jan 23, 2021 8:02:30 PM",
    "createdTimestamp": "Jan 23, 2021 8:02:30 PM",
    "isNewlyAdded": false,
    "isActive": true,
    "isDealsEnabled": false,
    "quantity": 0
  },
  {
    "id": 6912,
    "code": "Splenda Granulated No Calorie Sweetener",
    "desc": "Splenda Granulated No Calorie Sweetener",
    "shortDesc": "Splenda Granulated No Calorie Sweetener",
    "tags": [
      "Baking Ingredients"
    ],
    "categories": [
      {
        "code": "Cooking Needs",
        "desc": "Cooking Needs"
      }
    ],
    "subCategories": [
      {
        "code": "Baking & Cooking",
        "desc": "Baking & Cooking"
      }
    ],
    "brands": [
      {
        "code": "Splenda",
        "desc": "Splenda"
      }
    ],
    "price": {
      "basePrice": 8.29,
      "discountPrice": 8.29
    },
    "type": {
      "code": "Baking Ingredients",
      "desc": "Baking Ingredients"
    },
    "weight": "9.7 oz",
    "UpcCode": "",
    "tax": 0.0,
    "spiceLevel": "",
    "aiselNo": "8",
    "store": "Market Basket",
    "weightType": "9.7 oz",
    "imageName": "15671.jpg",
    "defaultImage": "15671.jpg",
    "updatedTimestamp": "Jan 23, 2021 8:02:30 PM",
    "createdTimestamp": "Jan 23, 2021 8:02:30 PM",
    "isNewlyAdded": false,
    "isActive": true,
    "isDealsEnabled": false,
    "quantity": 0
  },
  {
    "id": 8615,
    "code": "Goya Manzanilla Spanish Olives with Pimientos",
    "desc": "Goya Manzanilla Spanish Olives with Pimientos",
    "shortDesc": "Goya Manzanilla Spanish Olives with Pimientos",
    "tags": [
      "Pickled Goods & Olives"
    ],
    "categories": [
      {
        "code": "Condiments & Dressings",
        "desc": "Condiments & Dressings"
      }
    ],
    "subCategories": [
      {
        "code": "Pickled Goods & Olives",
        "desc": "Pickled Goods & Olives"
      }
    ],
    "brands": [
      {
        "code": "Goya",
        "desc": "Goya"
      }
    ],
    "price": {
      "basePrice": 2.49,
      "discountPrice": 2.49
    },
    "type": {
      "code": "Pickled Goods & Olives",
      "desc": "Pickled Goods & Olives"
    },
    "weight": "6.75 oz",
    "UpcCode": "",
    "tax": 0.0,
    "spiceLevel": "",
    "aiselNo": "7",
    "store": "Market Basket",
    "weightType": "6.75 oz",
    "imageName": "1874.jpg",
    "defaultImage": "1874.jpg",
    "updatedTimestamp": "Jan 23, 2021 8:02:30 PM",
    "createdTimestamp": "Jan 23, 2021 8:02:30 PM",
    "isNewlyAdded": false,
    "isActive": true,
    "isDealsEnabled": false,
    "quantity": 0
  },
  {
    "id": 9347,
    "code": "Marie Callender's Key Lime Pie",
    "desc": "Marie Callender's Key Lime Pie",
    "shortDesc": "Marie Callender's Key Lime Pie",
    "tags": [
      "Frozen Dessert"
    ],
    "categories": [
      {
        "code": "Frozen Food",
        "desc": "Frozen Food"
      }
    ],
    "subCategories": [
      {
        "code": "Frozen Dessert",
        "desc": "Frozen Dessert"
      }
    ],
    "brands": [
      {
        "code": "Marie Callender's",
        "desc": "Marie Callender's"
      }
    ],
    "price": {
      "basePrice": 3.09,
      "discountPrice": 3.09
    },
    "type": {
      "code": "Frozen Dessert",
      "desc": "Frozen Dessert"
    },
    "weight": "2 count",
    "UpcCode": "",
    "tax": 0.0,
    "spiceLevel": "",
    "aiselNo": "19",
    "store": "Market Basket",
    "weightType": "2 count",
    "imageName": "2965.jpg",
    "defaultImage": "2965.jpg",
    "updatedTimestamp": "Jan 23, 2021 8:02:30 PM",
    "createdTimestamp": "Jan 23, 2021 8:02:30 PM",
    "isNewlyAdded": false,
    "isActive": true,
    "isDealsEnabled": false,
    "quantity": 0
  },
  {
    "id": 9963,
    "code": "Ben & Jerry's Non dairy Frozen Dessert Cherry Garcia",
    "desc": "Ben & Jerry's Non dairy Frozen Dessert Cherry Garcia",
    "shortDesc": "Ben & Jerry's Non dairy Frozen Dessert Cherry Garcia",
    "tags": [
      "Ice Cream & Ice"
    ],
    "categories": [
      {
        "code": "Frozen Food",
        "desc": "Frozen Food"
      }
    ],
    "subCategories": [
      {
        "code": "Ice Cream & Ice",
        "desc": "Ice Cream & Ice"
      }
    ],
    "brands": [
      {
        "code": "Ben & Jerry's",
        "desc": "Ben & Jerry's"
      }
    ],
    "price": {
      "basePrice": 5.39,
      "discountPrice": 5.39
    },
    "type": {
      "code": "Ice Cream & Ice",
      "desc": "Ice Cream & Ice"
    },
    "weight": "16 oz",
    "UpcCode": "",
    "tax": 0.0,
    "spiceLevel": "",
    "aiselNo": "21",
    "store": "Market Basket",
    "weightType": "16 oz",
    "imageName": "18031.jpg",
    "defaultImage": "18031.jpg",
    "updatedTimestamp": "Jan 23, 2021 8:02:30 PM",
    "createdTimestamp": "Jan 23, 2021 8:02:30 PM",
    "isNewlyAdded": false,
    "isActive": true,
    "isDealsEnabled": false,
    "quantity": 0
  },
  {
    "id": 14485,
    "code": "Starbucks House Blend Medium Roast Ground Coffee",
    "desc": "Starbucks House Blend Medium Roast Ground Coffee",
    "shortDesc": "Starbucks House Blend Medium Roast Ground Coffee",
    "tags": [
      "Coffee"
    ],
    "categories": [
      {
        "code": "Breakfast & Dairy",
        "desc": "Breakfast & Dairy"
      }
    ],
    "subCategories": [
      {
        "code": "Tea & Coffee",
        "desc": "Tea & Coffee"
      }
    ],
    "brands": [
      {
        "code": "StarBucks",
        "desc": "StarBucks"
      }
    ],
    "price": {
      "basePrice": 9.79,
      "discountPrice": 9.79
    },
    "type": {
      "code": "Coffee",
      "desc": "Coffee"
    },
    "weight": "12 oz",
    "UpcCode": "",
    "tax": 0.0,
    "spiceLevel": "",
    "aiselNo": "8",
    "store": "Market Basket",
    "weightType": "12 oz",
    "imageName": "3312.jpg",
    "defaultImage": "3312.jpg",
    "updatedTimestamp": "Jan 23, 2021 8:02:30 PM",
    "createdTimestamp": "Jan 23, 2021 8:02:30 PM",
    "isNewlyAdded": false,
    "isActive": true,
    "isDealsEnabled": false,
    "quantity": 0
  },
  {
    "id": 4053,
    "code": "Excel Beef Feet",
    "desc": "Excel Beef Feet",
    "shortDesc": "Excel Beef Feet",
    "tags": [
      "Beef"
    ],
    "categories": [
      {
        "code": "Meat & Seafood",
        "desc": "Meat & Seafood"
      }
    ],
    "subCategories": [
      {
        "code": "Meat & Seafood Counter",
        "desc": "Meat & Seafood Counter"
      }
    ],
    "brands": [
      {
        "code": "Excel",
        "desc": "Excel"
      }
    ],
    "price": {
      "basePrice": 3.19,
      "discountPrice": 3.19
    },
    "type": {
      "code": "Beef",
      "desc": "Beef"
    },
    "weight": "Approx: 1.00 lb at $3.19/lb",
    "UpcCode": "",
    "tax": 0.0,
    "spiceLevel": "",
    "aiselNo": "22",
    "store": "Market Basket",
    "weightType": "Approx: 1.00 lb at $3.19/lb",
    "imageName": "No Image.jpg",
    "defaultImage": "No Image.jpg",
    "updatedTimestamp": "Jan 23, 2021 8:02:30 PM",
    "createdTimestamp": "Jan 23, 2021 8:02:30 PM",
    "isNewlyAdded": false,
    "isActive": true,
    "isDealsEnabled": false,
    "quantity": 0
  },
  {
    "id": 9358,
    "code": "Pepperidge Farm Frozen Cherry Turnovers Pastries",
    "desc": "Pepperidge Farm Frozen Cherry Turnovers Pastries",
    "shortDesc": "Pepperidge Farm Frozen Cherry Turnovers Pastries",
    "tags": [
      "Frozen Dessert"
    ],
    "categories": [
      {
        "code": "Frozen Food",
        "desc": "Frozen Food"
      }
    ],
    "subCategories": [
      {
        "code": "Frozen Dessert",
        "desc": "Frozen Dessert"
      }
    ],
    "brands": [
      {
        "code": "Pepperidge Farm",
        "desc": "Pepperidge Farm"
      }
    ],
    "price": {
      "basePrice": 3.59,
      "discountPrice": 3.59
    },
    "type": {
      "code": "Frozen Dessert",
      "desc": "Frozen Dessert"
    },
    "weight": "12.5 oz",
    "UpcCode": "",
    "tax": 0.0,
    "spiceLevel": "",
    "aiselNo": "19",
    "store": "Market Basket",
    "weightType": "12.5 oz",
    "imageName": "2963.jpg",
    "defaultImage": "2963.jpg",
    "updatedTimestamp": "Jan 23, 2021 8:02:30 PM",
    "createdTimestamp": "Jan 23, 2021 8:02:30 PM",
    "isNewlyAdded": false,
    "isActive": true,
    "isDealsEnabled": false,
    "quantity": 0
  },
  {
    "id": 6643,
    "code": "Odwalla Strawberry Banana Juice Drink",
    "desc": "Odwalla Strawberry Banana Juice Drink",
    "shortDesc": "Odwalla Strawberry Banana Juice Drink",
    "tags": [
      "Refrigerated Drinks"
    ],
    "categories": [
      {
        "code": "Beverages & Juices",
        "desc": "Beverages & Juices"
      }
    ],
    "subCategories": [
      {
        "code": "Juices & Refrigerated Drinks",
        "desc": "Juices & Refrigerated Drinks"
      }
    ],
    "brands": [
      {
        "code": "Odwalla",
        "desc": "Odwalla"
      }
    ],
    "price": {
      "basePrice": 3.09,
      "discountPrice": 3.09
    },
    "type": {
      "code": "Refrigerated Drinks",
      "desc": "Refrigerated Drinks"
    },
    "weight": "15.2 oz",
    "UpcCode": "",
    "tax": 0.0,
    "spiceLevel": "",
    "aiselNo": "20",
    "store": "Market Basket",
    "weightType": "15.2 oz",
    "imageName": "3796.jpg",
    "defaultImage": "3796.jpg",
    "updatedTimestamp": "Jan 23, 2021 8:02:30 PM",
    "createdTimestamp": "Jan 23, 2021 8:02:30 PM",
    "isNewlyAdded": false,
    "isActive": true,
    "isDealsEnabled": false,
    "quantity": 0
  },
  {
    "id": 14522,
    "code": "Bigelow Constant Comment Black Tea Decaffeinated",
    "desc": "Bigelow Constant Comment Black Tea Decaffeinated",
    "shortDesc": "Bigelow Constant Comment Black Tea Decaffeinated",
    "tags": [
      "Tea"
    ],
    "categories": [
      {
        "code": "Breakfast & Dairy",
        "desc": "Breakfast & Dairy"
      }
    ],
    "subCategories": [
      {
        "code": "Tea & Coffee",
        "desc": "Tea & Coffee"
      }
    ],
    "brands": [
      {
        "code": "Bigelow ",
        "desc": "Bigelow "
      }
    ],
    "price": {
      "basePrice": 2.49,
      "discountPrice": 2.49
    },
    "type": {
      "code": "Tea",
      "desc": "Tea"
    },
    "weight": "20 count",
    "UpcCode": "",
    "tax": 0.0,
    "spiceLevel": "",
    "aiselNo": "8",
    "store": "Market Basket",
    "weightType": "20 count",
    "imageName": "3404.jpg",
    "defaultImage": "3404.jpg",
    "updatedTimestamp": "Jan 23, 2021 8:02:30 PM",
    "createdTimestamp": "Jan 23, 2021 8:02:30 PM",
    "isNewlyAdded": false,
    "isActive": true,
    "isDealsEnabled": false,
    "quantity": 0
  },
  {
    "id": 8322,
    "code": "Lake View Farms Classic Veggie Dip",
    "desc": "Lake View Farms Classic Veggie Dip",
    "shortDesc": "Lake View Farms Classic Veggie Dip",
    "tags": [
      "Fresh Dips & Tapenades"
    ],
    "categories": [
      {
        "code": "Condiments & Dressings",
        "desc": "Condiments & Dressings"
      }
    ],
    "subCategories": [
      {
        "code": "Fresh Dips & Tapenades",
        "desc": "Fresh Dips & Tapenades"
      }
    ],
    "brands": [
      {
        "code": "Lake View Farms",
        "desc": "Lake View Farms"
      }
    ],
    "price": {
      "basePrice": 1.89,
      "discountPrice": 1.89
    },
    "type": {
      "code": "Fresh Dips & Tapenades",
      "desc": "Fresh Dips & Tapenades"
    },
    "weight": "12 oz",
    "UpcCode": "",
    "tax": 0.0,
    "spiceLevel": "",
    "aiselNo": "1",
    "store": "Market Basket",
    "weightType": "12 oz",
    "imageName": "17330.jpg",
    "defaultImage": "17330.jpg",
    "updatedTimestamp": "Jan 23, 2021 8:02:30 PM",
    "createdTimestamp": "Jan 23, 2021 8:02:30 PM",
    "isNewlyAdded": false,
    "isActive": true,
    "isDealsEnabled": false,
    "quantity": 0
  },
  {
    "id": 7241,
    "code": "Litehouse Poultry Herb Blend",
    "desc": "Litehouse Poultry Herb Blend",
    "shortDesc": "Litehouse Poultry Herb Blend",
    "tags": [
      "Spices & Seasonings"
    ],
    "categories": [
      {
        "code": "Cooking Needs",
        "desc": "Cooking Needs"
      }
    ],
    "subCategories": [
      {
        "code": "Spices & Seasonings",
        "desc": "Spices & Seasonings"
      }
    ],
    "brands": [
      {
        "code": "Litehouse",
        "desc": "Litehouse"
      }
    ],
    "price": {
      "basePrice": 4.09,
      "discountPrice": 4.09
    },
    "type": {
      "code": "Spices & Seasonings",
      "desc": "Spices & Seasonings"
    },
    "weight": "0.46 oz",
    "UpcCode": "",
    "tax": 0.0,
    "spiceLevel": "",
    "aiselNo": "9",
    "store": "Market Basket",
    "weightType": "0.46 oz",
    "imageName": "2278.jpg",
    "defaultImage": "2278.jpg",
    "updatedTimestamp": "Jan 23, 2021 8:02:30 PM",
    "createdTimestamp": "Jan 23, 2021 8:02:30 PM",
    "isNewlyAdded": false,
    "isActive": true,
    "isDealsEnabled": false,
    "quantity": 0
  },
  {
    "id": 6481,
    "code": "River Queen Unsalted Peanuts",
    "desc": "River Queen Unsalted Peanuts",
    "shortDesc": "River Queen Unsalted Peanuts",
    "tags": [
      "Nuts, Seeds & Dried Fruit"
    ],
    "categories": [
      {
        "code": "Chips, Cookies & Snacks",
        "desc": "Chips, Cookies & Snacks"
      }
    ],
    "subCategories": [
      {
        "code": "Nuts, Seeds & Dried Fruit",
        "desc": "Nuts, Seeds & Dried Fruit"
      }
    ],
    "brands": [
      {
        "code": "River Queen",
        "desc": "River Queen"
      }
    ],
    "price": {
      "basePrice": 2.5,
      "discountPrice": 2.5
    },
    "type": {
      "code": "Nuts, Seeds & Dried Fruit",
      "desc": "Nuts, Seeds & Dried Fruit"
    },
    "weight": "13 oz",
    "UpcCode": "",
    "tax": 0.0,
    "spiceLevel": "",
    "aiselNo": "6",
    "store": "Market Basket",
    "weightType": "13 oz",
    "imageName": "No Image.jpg",
    "defaultImage": "No Image.jpg",
    "updatedTimestamp": "Jan 23, 2021 8:02:30 PM",
    "createdTimestamp": "Jan 23, 2021 8:02:30 PM",
    "isNewlyAdded": false,
    "isActive": true,
    "isDealsEnabled": false,
    "quantity": 0
  },
  {
    "id": 3609,
    "code": "Japnese Eggplant",
    "desc": "Japnese Eggplant",
    "shortDesc": "Japnese Eggplant",
    "tags": [
      "Eggplant"
    ],
    "categories": [
      {
        "code": "Fresh Produce",
        "desc": "Fresh Produce"
      }
    ],
    "subCategories": [
      {
        "code": "Fresh Vegetables",
        "desc": "Fresh Vegetables"
      }
    ],
    "brands": [
      {
        "code": "Market Basket",
        "desc": "Market Basket"
      }
    ],
    "price": {
      "basePrice": 3.29,
      "discountPrice": 3.29
    },
    "type": {
      "code": "Eggplant",
      "desc": "Eggplant"
    },
    "weight": "1 lb",
    "UpcCode": "",
    "tax": 0.0,
    "spiceLevel": "",
    "aiselNo": "20",
    "store": "Market Basket",
    "weightType": "1 lb",
    "imageName": "f191.jpg",
    "defaultImage": "f191.jpg",
    "updatedTimestamp": "Jan 23, 2021 8:02:30 PM",
    "createdTimestamp": "Jan 23, 2021 8:02:30 PM",
    "isNewlyAdded": false,
    "isActive": true,
    "isDealsEnabled": false,
    "quantity": 0
  },
  {
    "id": 7214,
    "code": "Garden Pure Fresh Cut Pineapple",
    "desc": "Garden Pure Fresh Cut Pineapple",
    "shortDesc": "Garden Pure Fresh Cut Pineapple",
    "tags": [
      "Spices & Seasonings"
    ],
    "categories": [
      {
        "code": "Cooking Needs",
        "desc": "Cooking Needs"
      }
    ],
    "subCategories": [
      {
        "code": "Spices & Seasonings",
        "desc": "Spices & Seasonings"
      }
    ],
    "brands": [
      {
        "code": "Garden Pure Fresh",
        "desc": "Garden Pure Fresh"
      }
    ],
    "price": {
      "basePrice": 3.49,
      "discountPrice": 3.49
    },
    "type": {
      "code": "Spices & Seasonings",
      "desc": "Spices & Seasonings"
    },
    "weight": "10 oz",
    "UpcCode": "",
    "tax": 0.0,
    "spiceLevel": "",
    "aiselNo": "9",
    "store": "Market Basket",
    "weightType": "10 oz",
    "imageName": "No Image.jpg",
    "defaultImage": "No Image.jpg",
    "updatedTimestamp": "Jan 23, 2021 8:02:30 PM",
    "createdTimestamp": "Jan 23, 2021 8:02:30 PM",
    "isNewlyAdded": false,
    "isActive": true,
    "isDealsEnabled": false,
    "quantity": 0
  },
  {
    "id": 9967,
    "code": "Blue Bunny Vanilla Cones",
    "desc": "Blue Bunny Vanilla Cones",
    "shortDesc": "Blue Bunny Vanilla Cones",
    "tags": [
      "Ice Cream & Ice"
    ],
    "categories": [
      {
        "code": "Frozen Food",
        "desc": "Frozen Food"
      }
    ],
    "subCategories": [
      {
        "code": "Ice Cream & Ice",
        "desc": "Ice Cream & Ice"
      }
    ],
    "brands": [
      {
        "code": "Blue Bunny",
        "desc": "Blue Bunny"
      }
    ],
    "price": {
      "basePrice": 4.89,
      "discountPrice": 4.89
    },
    "type": {
      "code": "Ice Cream & Ice",
      "desc": "Ice Cream & Ice"
    },
    "weight": "8 x 2.25 oz",
    "UpcCode": "",
    "tax": 0.0,
    "spiceLevel": "",
    "aiselNo": "21",
    "store": "Market Basket",
    "weightType": "8 x 2.25 oz",
    "imageName": "16098.jpg",
    "defaultImage": "16098.jpg",
    "updatedTimestamp": "Jan 23, 2021 8:02:30 PM",
    "createdTimestamp": "Jan 23, 2021 8:02:30 PM",
    "isNewlyAdded": false,
    "isActive": true,
    "isDealsEnabled": false,
    "quantity": 0
  },
  {
    "id": 8085,
    "code": "Pacific Foods Organic Chicken Noodle Soup",
    "desc": "Pacific Foods Organic Chicken Noodle Soup",
    "shortDesc": "Pacific Foods Organic Chicken Noodle Soup",
    "tags": [
      "Soup, Broth & Bouillon"
    ],
    "categories": [
      {
        "code": "Cooking Needs",
        "desc": "Cooking Needs"
      }
    ],
    "subCategories": [
      {
        "code": "Canned Food",
        "desc": "Canned Food"
      }
    ],
    "brands": [
      {
        "code": "Pacific",
        "desc": "Pacific"
      }
    ],
    "price": {
      "basePrice": 3.69,
      "discountPrice": 3.69
    },
    "type": {
      "code": "Soup, Broth & Bouillon",
      "desc": "Soup, Broth & Bouillon"
    },
    "weight": "17.6 oz",
    "UpcCode": "",
    "tax": 0.0,
    "spiceLevel": "",
    "aiselNo": "2",
    "store": "Market Basket",
    "weightType": "17.6 oz",
    "imageName": "5359.jpg",
    "defaultImage": "5359.jpg",
    "updatedTimestamp": "Jan 23, 2021 8:02:30 PM",
    "createdTimestamp": "Jan 23, 2021 8:02:30 PM",
    "isNewlyAdded": false,
    "isActive": true,
    "isDealsEnabled": false,
    "quantity": 0
  },
  {
    "id": 3867,
    "code": "Jackfruit Packed",
    "desc": "Jackfruit Packed",
    "shortDesc": "Jackfruit Packed",
    "tags": [
      "Jackfruit"
    ],
    "categories": [
      {
        "code": "Fresh Produce",
        "desc": "Fresh Produce"
      }
    ],
    "subCategories": [
      {
        "code": "Fresh Vegetables",
        "desc": "Fresh Vegetables"
      }
    ],
    "brands": [
      {
        "code": "Market Basket",
        "desc": "Market Basket"
      }
    ],
    "price": {
      "basePrice": 3.4,
      "discountPrice": 3.4
    },
    "type": {
      "code": "Jackfruit",
      "desc": "Jackfruit"
    },
    "weight": "16 oz",
    "UpcCode": "",
    "tax": 0.0,
    "spiceLevel": "",
    "aiselNo": "20",
    "store": "Market Basket",
    "weightType": "16 oz",
    "imageName": "f208.jpg",
    "defaultImage": "f208.jpg",
    "updatedTimestamp": "Jan 23, 2021 8:02:30 PM",
    "createdTimestamp": "Jan 23, 2021 8:02:30 PM",
    "isNewlyAdded": false,
    "isActive": true,
    "isDealsEnabled": false,
    "quantity": 0
  },
  {
    "id": 13594,
    "code": "Market Basket Part Skim Ricotta",
    "desc": "Market Basket Part Skim Ricotta",
    "shortDesc": "Market Basket Part Skim Ricotta",
    "tags": [
      "Other Creams & Cheeses"
    ],
    "categories": [
      {
        "code": "Breakfast & Dairy",
        "desc": "Breakfast & Dairy"
      }
    ],
    "subCategories": [
      {
        "code": "Dairy & Eggs",
        "desc": "Dairy & Eggs"
      }
    ],
    "brands": [
      {
        "code": "Market Basket",
        "desc": "Market Basket"
      }
    ],
    "price": {
      "basePrice": 2.39,
      "discountPrice": 2.39
    },
    "type": {
      "code": "Other Creams & Cheeses",
      "desc": "Other Creams & Cheeses"
    },
    "weight": "15 oz",
    "UpcCode": "",
    "tax": 0.0,
    "spiceLevel": "",
    "aiselNo": "1",
    "store": "Market Basket",
    "weightType": "15 oz",
    "imageName": "Market Basket.jpg",
    "defaultImage": "Market Basket.jpg",
    "updatedTimestamp": "Jan 23, 2021 8:02:30 PM",
    "createdTimestamp": "Jan 23, 2021 8:02:30 PM",
    "isNewlyAdded": false,
    "isActive": true,
    "isDealsEnabled": false,
    "quantity": 0
  },
  {
    "id": 14140,
    "code": "Hood Frozen Yogurt Fat Free Vanilla Bean",
    "desc": "Hood Frozen Yogurt Fat Free Vanilla Bean",
    "shortDesc": "Hood Frozen Yogurt Fat Free Vanilla Bean",
    "tags": [
      "Yogurt"
    ],
    "categories": [
      {
        "code": "Breakfast & Dairy",
        "desc": "Breakfast & Dairy"
      }
    ],
    "subCategories": [
      {
        "code": "Dairy & Eggs",
        "desc": "Dairy & Eggs"
      }
    ],
    "brands": [
      {
        "code": "Hood",
        "desc": "Hood"
      }
    ],
    "price": {
      "basePrice": 3.69,
      "discountPrice": 3.69
    },
    "type": {
      "code": "Yogurt",
      "desc": "Yogurt"
    },
    "weight": "1.5 count",
    "UpcCode": "",
    "tax": 0.0,
    "spiceLevel": "",
    "aiselNo": "1",
    "store": "Market Basket",
    "weightType": "1.5 count",
    "imageName": "14704.jpg",
    "defaultImage": "14704.jpg",
    "updatedTimestamp": "Jan 23, 2021 8:02:30 PM",
    "createdTimestamp": "Jan 23, 2021 8:02:30 PM",
    "isNewlyAdded": false,
    "isActive": true,
    "isDealsEnabled": false,
    "quantity": 0
  },
  {
    "id": 5364,
    "code": "Pepperidge Farmhouse Thin & Crispy Toffee Milk Chocolate",
    "desc": "Pepperidge Farmhouse Thin & Crispy Toffee Milk Chocolate",
    "shortDesc": "Pepperidge Farmhouse Thin & Crispy Toffee Milk Chocolate",
    "tags": [
      "Cookies & Cakes"
    ],
    "categories": [
      {
        "code": "Chips, Cookies & Snacks",
        "desc": "Chips, Cookies & Snacks"
      }
    ],
    "subCategories": [
      {
        "code": "Cookies & Crackers",
        "desc": "Cookies & Crackers"
      }
    ],
    "brands": [
      {
        "code": "Pepperidge Farm",
        "desc": "Pepperidge Farm"
      }
    ],
    "price": {
      "basePrice": 4.69,
      "discountPrice": 4.69
    },
    "type": {
      "code": "Cookies & Cakes",
      "desc": "Cookies & Cakes"
    },
    "weight": "6.9 oz",
    "UpcCode": "",
    "tax": 0.0,
    "spiceLevel": "",
    "aiselNo": "6",
    "store": "Market Basket",
    "weightType": "6.9 oz",
    "imageName": "No Image.jpg",
    "defaultImage": "No Image.jpg",
    "updatedTimestamp": "Jan 23, 2021 8:02:30 PM",
    "createdTimestamp": "Jan 23, 2021 8:02:30 PM",
    "isNewlyAdded": false,
    "isActive": true,
    "isDealsEnabled": false,
    "quantity": 0
  },
  {
    "id": 6375,
    "code": "Polar Raspberry Lime Sparkling Water",
    "desc": "Polar Raspberry Lime Sparkling Water",
    "shortDesc": "Polar Raspberry Lime Sparkling Water",
    "tags": [
      "Sparkling Water"
    ],
    "categories": [
      {
        "code": "Beverages & Juices",
        "desc": "Beverages & Juices"
      }
    ],
    "subCategories": [
      {
        "code": "Water",
        "desc": "Water"
      }
    ],
    "brands": [
      {
        "code": "Polar",
        "desc": "Polar"
      }
    ],
    "price": {
      "basePrice": 1.24,
      "discountPrice": 1.24
    },
    "type": {
      "code": "Sparkling Water",
      "desc": "Sparkling Water"
    },
    "weight": "1 L",
    "UpcCode": "",
    "tax": 0.0,
    "spiceLevel": "",
    "aiselNo": "11",
    "store": "Market Basket",
    "weightType": "1 L",
    "imageName": "No Image.jpg",
    "defaultImage": "No Image.jpg",
    "updatedTimestamp": "Jan 23, 2021 8:02:30 PM",
    "createdTimestamp": "Jan 23, 2021 8:02:30 PM",
    "isNewlyAdded": false,
    "isActive": true,
    "isDealsEnabled": false,
    "quantity": 0
  },
  {
    "id": 7835,
    "code": "Chicken of the Sea Lump Crabmeat",
    "desc": "Chicken of the Sea Lump Crabmeat",
    "shortDesc": "Chicken of the Sea Lump Crabmeat",
    "tags": [
      "Canned Meat & Seafood"
    ],
    "categories": [
      {
        "code": "Cooking Needs",
        "desc": "Cooking Needs"
      }
    ],
    "subCategories": [
      {
        "code": "Canned Food",
        "desc": "Canned Food"
      }
    ],
    "brands": [
      {
        "code": "Chicken of the Sea",
        "desc": "Chicken of the Sea"
      }
    ],
    "price": {
      "basePrice": 4.89,
      "discountPrice": 4.89
    },
    "type": {
      "code": "Canned Meat & Seafood",
      "desc": "Canned Meat & Seafood"
    },
    "weight": "6 oz",
    "UpcCode": "",
    "tax": 0.0,
    "spiceLevel": "",
    "aiselNo": "2",
    "store": "Market Basket",
    "weightType": "6 oz",
    "imageName": "17156.jpg",
    "defaultImage": "17156.jpg",
    "updatedTimestamp": "Jan 23, 2021 8:02:30 PM",
    "createdTimestamp": "Jan 23, 2021 8:02:30 PM",
    "isNewlyAdded": false,
    "isActive": true,
    "isDealsEnabled": false,
    "quantity": 0
  },
  {
    "id": 5018,
    "code": "Wise BBQ Flavored Potato Chips",
    "desc": "Wise BBQ Flavored Potato Chips",
    "shortDesc": "Wise BBQ Flavored Potato Chips",
    "tags": [
      "Chips & Pretzels"
    ],
    "categories": [
      {
        "code": "Chips, Cookies & Snacks",
        "desc": "Chips, Cookies & Snacks"
      }
    ],
    "subCategories": [
      {
        "code": "Chips & Fruit Snacks",
        "desc": "Chips & Fruit Snacks"
      }
    ],
    "brands": [
      {
        "code": "Wise",
        "desc": "Wise"
      }
    ],
    "price": {
      "basePrice": 4.69,
      "discountPrice": 4.69
    },
    "type": {
      "code": "Chips & Pretzels",
      "desc": "Chips & Pretzels"
    },
    "weight": "8.75 oz",
    "UpcCode": "",
    "tax": 0.0,
    "spiceLevel": "",
    "aiselNo": "0",
    "store": "Market Basket",
    "weightType": "8.75 oz",
    "imageName": "948.jpg",
    "defaultImage": "948.jpg",
    "updatedTimestamp": "Jan 23, 2021 8:02:30 PM",
    "createdTimestamp": "Jan 23, 2021 8:02:30 PM",
    "isNewlyAdded": false,
    "isActive": true,
    "isDealsEnabled": false,
    "quantity": 0
  },
  {
    "id": 481,
    "code": "Purex Concentrated Detergent After the Rain 115 loads",
    "desc": "Purex Concentrated Detergent After the Rain 115 loads",
    "shortDesc": "Purex Concentrated Detergent After the Rain 115 loads",
    "tags": [
      "Laundry Detergent"
    ],
    "categories": [
      {
        "code": "Laundry & Paper Goods",
        "desc": "Laundry & Paper Goods"
      }
    ],
    "subCategories": [
      {
        "code": "Laundry",
        "desc": "Laundry"
      }
    ],
    "brands": [
      {
        "code": "Purex Liquid Detergents",
        "desc": "Purex Liquid Detergents"
      }
    ],
    "price": {
      "basePrice": 9.99,
      "discountPrice": 9.99
    },
    "type": {
      "code": "Laundry Detergent",
      "desc": "Laundry Detergent"
    },
    "weight": "150 fl oz",
    "UpcCode": "",
    "tax": 1.0,
    "spiceLevel": "",
    "aiselNo": "15",
    "store": "Market Basket",
    "weightType": "150 fl oz",
    "imageName": "No Image.jpg",
    "defaultImage": "No Image.jpg",
    "updatedTimestamp": "Jan 23, 2021 8:02:30 PM",
    "createdTimestamp": "Jan 23, 2021 8:02:30 PM",
    "isNewlyAdded": false,
    "isActive": true,
    "isDealsEnabled": false,
    "quantity": 0
  },
  {
    "id": 10415,
    "code": "Goya Medium Grain Rice",
    "desc": "Goya Medium Grain Rice",
    "shortDesc": "Goya Medium Grain Rice",
    "tags": [
      "Canned Food"
    ],
    "categories": [
      {
        "code": "Cooking Needs",
        "desc": "Cooking Needs"
      }
    ],
    "subCategories": [
      {
        "code": "Canned Food",
        "desc": "Canned Food"
      }
    ],
    "brands": [
      {
        "code": "Goya",
        "desc": "Goya"
      }
    ],
    "price": {
      "basePrice": 9.79,
      "discountPrice": 9.79
    },
    "type": {
      "code": "Canned Food",
      "desc": "Canned Food"
    },
    "weight": "10 lb",
    "UpcCode": "",
    "tax": 0.0,
    "spiceLevel": "",
    "aiselNo": "7",
    "store": "Market Basket",
    "weightType": "10 lb",
    "imageName": "5812.jpg",
    "defaultImage": "5812.jpg",
    "updatedTimestamp": "Jan 23, 2021 8:02:30 PM",
    "createdTimestamp": "Jan 23, 2021 8:02:30 PM",
    "isNewlyAdded": false,
    "isActive": true,
    "isDealsEnabled": false,
    "quantity": 0
  },
  {
    "id": 238,
    "code": "Dawn Ultra Dishwashing Liquid Original Scent",
    "desc": "Dawn Ultra Dishwashing Liquid Original Scent",
    "shortDesc": "Dawn Ultra Dishwashing Liquid Original Scent",
    "tags": [
      "Dish Liquid"
    ],
    "categories": [
      {
        "code": "Kitchen & Cleaning",
        "desc": "Kitchen & Cleaning"
      }
    ],
    "subCategories": [
      {
        "code": "Dish Detergents",
        "desc": "Dish Detergents"
      }
    ],
    "brands": [
      {
        "code": "Dawn",
        "desc": "Dawn"
      }
    ],
    "price": {
      "basePrice": 5.49,
      "discountPrice": 5.49
    },
    "type": {
      "code": "Dish Liquid",
      "desc": "Dish Liquid"
    },
    "weight": "38 fl oz",
    "UpcCode": "",
    "tax": 1.0,
    "spiceLevel": "",
    "aiselNo": "15",
    "store": "Market Basket",
    "weightType": "38 fl oz",
    "imageName": "4362.jpg",
    "defaultImage": "4362.jpg",
    "updatedTimestamp": "Jan 23, 2021 8:02:30 PM",
    "createdTimestamp": "Jan 23, 2021 8:02:30 PM",
    "isNewlyAdded": false,
    "isActive": true,
    "isDealsEnabled": false,
    "quantity": 0
  },
  {
    "id": 483,
    "code": "Purex Natural Elements Linen & Lilies 57 Loads Laundry Detergent",
    "desc": "Purex Natural Elements Linen & Lilies 57 Loads Laundry Detergent",
    "shortDesc": "Purex Natural Elements Linen & Lilies 57 Loads Laundry Detergent",
    "tags": [
      "Laundry Detergent"
    ],
    "categories": [
      {
        "code": "Laundry & Paper Goods",
        "desc": "Laundry & Paper Goods"
      }
    ],
    "subCategories": [
      {
        "code": "Laundry",
        "desc": "Laundry"
      }
    ],
    "brands": [
      {
        "code": "Purex Liquid Detergents",
        "desc": "Purex Liquid Detergents"
      }
    ],
    "price": {
      "basePrice": 3.74,
      "discountPrice": 3.74
    },
    "type": {
      "code": "Laundry Detergent",
      "desc": "Laundry Detergent"
    },
    "weight": "75 fl oz",
    "UpcCode": "",
    "tax": 1.0,
    "spiceLevel": "",
    "aiselNo": "15",
    "store": "Market Basket",
    "weightType": "75 fl oz",
    "imageName": "No Image.jpg",
    "defaultImage": "No Image.jpg",
    "updatedTimestamp": "Jan 23, 2021 8:02:30 PM",
    "createdTimestamp": "Jan 23, 2021 8:02:30 PM",
    "isNewlyAdded": false,
    "isActive": true,
    "isDealsEnabled": false,
    "quantity": 0
  },
  {
    "id": 12693,
    "code": "Grand Central Bakery Sliced Scali",
    "desc": "Grand Central Bakery Sliced Scali",
    "shortDesc": "Grand Central Bakery Sliced Scali",
    "tags": [
      "Bread"
    ],
    "categories": [
      {
        "code": "Breakfast & Dairy",
        "desc": "Breakfast & Dairy"
      }
    ],
    "subCategories": [
      {
        "code": "Breads & Rolls",
        "desc": "Breads & Rolls"
      }
    ],
    "brands": [
      {
        "code": "Grand Central Bakery",
        "desc": "Grand Central Bakery"
      }
    ],
    "price": {
      "basePrice": 3.49,
      "discountPrice": 3.49
    },
    "type": {
      "code": "Bread",
      "desc": "Bread"
    },
    "weight": "1 lb",
    "UpcCode": "",
    "tax": 0.0,
    "spiceLevel": "",
    "aiselNo": "18",
    "store": "Market Basket",
    "weightType": "1 lb",
    "imageName": "No Image.jpg",
    "defaultImage": "No Image.jpg",
    "updatedTimestamp": "Jan 23, 2021 8:02:30 PM",
    "createdTimestamp": "Jan 23, 2021 8:02:30 PM",
    "isNewlyAdded": false,
    "isActive": true,
    "isDealsEnabled": false,
    "quantity": 0
  },
  {
    "id": 4682,
    "code": "Roland Flat Fillets of Anchovies",
    "desc": "Roland Flat Fillets of Anchovies",
    "shortDesc": "Roland Flat Fillets of Anchovies",
    "tags": [
      "Canned Anchovies"
    ],
    "categories": [
      {
        "code": "Meat & Seafood",
        "desc": "Meat & Seafood"
      }
    ],
    "subCategories": [
      {
        "code": "Canned Meat & Seafood",
        "desc": "Canned Meat & Seafood"
      }
    ],
    "brands": [
      {
        "code": "Roland",
        "desc": "Roland"
      }
    ],
    "price": {
      "basePrice": 2.49,
      "discountPrice": 2.49
    },
    "type": {
      "code": "Canned Anchovies",
      "desc": "Canned Anchovies"
    },
    "weight": "2 oz",
    "UpcCode": "",
    "tax": 0.0,
    "spiceLevel": "",
    "aiselNo": "2",
    "store": "Market Basket",
    "weightType": "2 oz",
    "imageName": "5247.jpg",
    "defaultImage": "5247.jpg",
    "updatedTimestamp": "Jan 23, 2021 8:02:30 PM",
    "createdTimestamp": "Jan 23, 2021 8:02:30 PM",
    "isNewlyAdded": false,
    "isActive": true,
    "isDealsEnabled": false,
    "quantity": 0
  },
  {
    "id": 15089,
    "code": "Visine Original Redness Reliever Eye Drops",
    "desc": "Visine Original Redness Reliever Eye Drops",
    "shortDesc": "Visine Original Redness Reliever Eye Drops",
    "tags": [
      "Eye & Ear Care"
    ],
    "categories": [
      {
        "code": "Personal Care",
        "desc": "Personal Care"
      }
    ],
    "subCategories": [
      {
        "code": "Personal Needs",
        "desc": "Personal Needs"
      }
    ],
    "brands": [
      {
        "code": "Visine",
        "desc": "Visine"
      }
    ],
    "price": {
      "basePrice": 7.0,
      "discountPrice": 7.0
    },
    "type": {
      "code": "Eye & Ear Care",
      "desc": "Eye & Ear Care"
    },
    "weight": "0.5 fl oz",
    "UpcCode": "",
    "tax": 1.0,
    "spiceLevel": "",
    "aiselNo": "13",
    "store": "Market Basket",
    "weightType": "0.5 fl oz",
    "imageName": "6474.jpg",
    "defaultImage": "6474.jpg",
    "updatedTimestamp": "Jan 23, 2021 8:02:30 PM",
    "createdTimestamp": "Jan 23, 2021 8:02:30 PM",
    "isNewlyAdded": false,
    "isActive": true,
    "isDealsEnabled": false,
    "quantity": 0
  },
  {
    "id": 6365,
    "code": "Polar Seltzer Original",
    "desc": "Polar Seltzer Original",
    "shortDesc": "Polar Seltzer Original",
    "tags": [
      "Seltzer"
    ],
    "categories": [
      {
        "code": "Beverages & Juices",
        "desc": "Beverages & Juices"
      }
    ],
    "subCategories": [
      {
        "code": "Soft Drinks & Seltzers",
        "desc": "Soft Drinks & Seltzers"
      }
    ],
    "brands": [
      {
        "code": "Polar",
        "desc": "Polar"
      }
    ],
    "price": {
      "basePrice": 3.74,
      "discountPrice": 3.74
    },
    "type": {
      "code": "Seltzer",
      "desc": "Seltzer"
    },
    "weight": "6 x 16.9 fl oz",
    "UpcCode": "",
    "tax": 0.0,
    "spiceLevel": "",
    "aiselNo": "11",
    "store": "Market Basket",
    "weightType": "6 x 16.9 fl oz",
    "imageName": "No Image.jpg",
    "defaultImage": "No Image.jpg",
    "updatedTimestamp": "Jan 23, 2021 8:02:30 PM",
    "createdTimestamp": "Jan 23, 2021 8:02:30 PM",
    "isNewlyAdded": false,
    "isActive": true,
    "isDealsEnabled": false,
    "quantity": 0
  },
  {
    "id": 8452,
    "code": "McCormick Slow Cookers Hearty Beef Stew Seasoning Mix",
    "desc": "McCormick Slow Cookers Hearty Beef Stew Seasoning Mix",
    "shortDesc": "McCormick Slow Cookers Hearty Beef Stew Seasoning Mix",
    "tags": [
      "Marinades & Meat Preparation"
    ],
    "categories": [
      {
        "code": "Condiments & Dressings",
        "desc": "Condiments & Dressings"
      }
    ],
    "subCategories": [
      {
        "code": "Marinades, Ketchup & Sauces",
        "desc": "Marinades, Ketchup & Sauces"
      }
    ],
    "brands": [
      {
        "code": "McCormick",
        "desc": "McCormick"
      }
    ],
    "price": {
      "basePrice": 1.59,
      "discountPrice": 1.59
    },
    "type": {
      "code": "Marinades & Meat Preparation",
      "desc": "Marinades & Meat Preparation"
    },
    "weight": "1.5 oz",
    "UpcCode": "",
    "tax": 0.0,
    "spiceLevel": "",
    "aiselNo": "9",
    "store": "Market Basket",
    "weightType": "1.5 oz",
    "imageName": "15560.jpg",
    "defaultImage": "15560.jpg",
    "updatedTimestamp": "Jan 23, 2021 8:02:30 PM",
    "createdTimestamp": "Jan 23, 2021 8:02:30 PM",
    "isNewlyAdded": false,
    "isActive": true,
    "isDealsEnabled": false,
    "quantity": 0
  },
  {
    "id": 9858,
    "code": "Market Basket French Cut Green Beans",
    "desc": "Market Basket French Cut Green Beans",
    "shortDesc": "Market Basket French Cut Green Beans",
    "tags": [
      "Frozen Produce"
    ],
    "categories": [
      {
        "code": "Frozen Food",
        "desc": "Frozen Food"
      }
    ],
    "subCategories": [
      {
        "code": "Frozen Produce",
        "desc": "Frozen Produce"
      }
    ],
    "brands": [
      {
        "code": "Market Basket",
        "desc": "Market Basket"
      }
    ],
    "price": {
      "basePrice": 1.29,
      "discountPrice": 1.29
    },
    "type": {
      "code": "Frozen Produce",
      "desc": "Frozen Produce"
    },
    "weight": "16 oz",
    "UpcCode": "",
    "tax": 0.0,
    "spiceLevel": "",
    "aiselNo": "19",
    "store": "Market Basket",
    "weightType": "16 oz",
    "imageName": "Market Basket.jpg",
    "defaultImage": "Market Basket.jpg",
    "updatedTimestamp": "Jan 23, 2021 8:02:30 PM",
    "createdTimestamp": "Jan 23, 2021 8:02:30 PM",
    "isNewlyAdded": false,
    "isActive": true,
    "isDealsEnabled": false,
    "quantity": 0
  },
  {
    "id": 5464,
    "code": "Hershey's Nuggets Milk Chocolate",
    "desc": "Hershey's Nuggets Milk Chocolate",
    "shortDesc": "Hershey's Nuggets Milk Chocolate",
    "tags": [
      "Candy & Chocolate"
    ],
    "categories": [
      {
        "code": "Chips, Cookies & Snacks",
        "desc": "Chips, Cookies & Snacks"
      }
    ],
    "subCategories": [
      {
        "code": "Candy & Chocolates",
        "desc": "Candy & Chocolates"
      }
    ],
    "brands": [
      {
        "code": "Hershey's",
        "desc": "Hershey's"
      }
    ],
    "price": {
      "basePrice": 3.69,
      "discountPrice": 3.69
    },
    "type": {
      "code": "Candy & Chocolate",
      "desc": "Candy & Chocolate"
    },
    "weight": "12 oz",
    "UpcCode": "",
    "tax": 0.0,
    "spiceLevel": "",
    "aiselNo": "3",
    "store": "Market Basket",
    "weightType": "12 oz",
    "imageName": "996.jpg",
    "defaultImage": "996.jpg",
    "updatedTimestamp": "Jan 23, 2021 8:02:30 PM",
    "createdTimestamp": "Jan 23, 2021 8:02:30 PM",
    "isNewlyAdded": false,
    "isActive": true,
    "isDealsEnabled": false,
    "quantity": 0
  },
  {
    "id": 5353,
    "code": "Austin Sandwich Crackers Cheddar Cheese on Cheese Crackers",
    "desc": "Austin Sandwich Crackers Cheddar Cheese on Cheese Crackers",
    "shortDesc": "Austin Sandwich Crackers Cheddar Cheese on Cheese Crackers",
    "tags": [
      "Crackers"
    ],
    "categories": [
      {
        "code": "Chips, Cookies & Snacks",
        "desc": "Chips, Cookies & Snacks"
      }
    ],
    "subCategories": [
      {
        "code": "Cookies & Crackers",
        "desc": "Cookies & Crackers"
      }
    ],
    "brands": [
      {
        "code": "Austin",
        "desc": "Austin"
      }
    ],
    "price": {
      "basePrice": 7.02,
      "discountPrice": 7.02
    },
    "type": {
      "code": "Crackers",
      "desc": "Crackers"
    },
    "weight": "37.2 oz",
    "UpcCode": "",
    "tax": 0.0,
    "spiceLevel": "",
    "aiselNo": "6",
    "store": "Market Basket",
    "weightType": "37.2 oz",
    "imageName": "No Image.jpg",
    "defaultImage": "No Image.jpg",
    "updatedTimestamp": "Jan 23, 2021 8:02:30 PM",
    "createdTimestamp": "Jan 23, 2021 8:02:30 PM",
    "isNewlyAdded": false,
    "isActive": true,
    "isDealsEnabled": false,
    "quantity": 0
  },
  {
    "id": 6815,
    "code": "Crisco Butter Flavor AllÃ¢â¬âVegetable Shortening",
    "desc": "Crisco Butter Flavor AllÃ¢â¬âVegetable Shortening",
    "shortDesc": "Crisco Butter Flavor AllÃ¢â¬âVegetable Shortening",
    "tags": [
      "Baking Ingredients"
    ],
    "categories": [
      {
        "code": "Cooking Needs",
        "desc": "Cooking Needs"
      }
    ],
    "subCategories": [
      {
        "code": "Baking & Cooking",
        "desc": "Baking & Cooking"
      }
    ],
    "brands": [
      {
        "code": "Crisco",
        "desc": "Crisco"
      }
    ],
    "price": {
      "basePrice": 3.69,
      "discountPrice": 3.69
    },
    "type": {
      "code": "Baking Ingredients",
      "desc": "Baking Ingredients"
    },
    "weight": "20 oz",
    "UpcCode": "",
    "tax": 0.0,
    "spiceLevel": "",
    "aiselNo": "8",
    "store": "Market Basket",
    "weightType": "20 oz",
    "imageName": "15740.jpg",
    "defaultImage": "15740.jpg",
    "updatedTimestamp": "Jan 23, 2021 8:02:30 PM",
    "createdTimestamp": "Jan 23, 2021 8:02:30 PM",
    "isNewlyAdded": false,
    "isActive": true,
    "isDealsEnabled": false,
    "quantity": 0
  },
  {
    "id": 15137,
    "code": "Abreva Cold Sore and Fever Blister Treatment",
    "desc": "Abreva Cold Sore and Fever Blister Treatment",
    "shortDesc": "Abreva Cold Sore and Fever Blister Treatment",
    "tags": [
      "Oral Hygiene"
    ],
    "categories": [
      {
        "code": "Personal Care",
        "desc": "Personal Care"
      }
    ],
    "subCategories": [
      {
        "code": "Personal Needs",
        "desc": "Personal Needs"
      }
    ],
    "brands": [
      {
        "code": "Abreva",
        "desc": "Abreva"
      }
    ],
    "price": {
      "basePrice": 28.05,
      "discountPrice": 28.05
    },
    "type": {
      "code": "Oral Hygiene",
      "desc": "Oral Hygiene"
    },
    "weight": "0.07 oz",
    "UpcCode": "",
    "tax": 1.0,
    "spiceLevel": "",
    "aiselNo": "13",
    "store": "Market Basket",
    "weightType": "0.07 oz",
    "imageName": "17790.jpg",
    "defaultImage": "17790.jpg",
    "updatedTimestamp": "Jan 23, 2021 8:02:30 PM",
    "createdTimestamp": "Jan 23, 2021 8:02:30 PM",
    "isNewlyAdded": false,
    "isActive": true,
    "isDealsEnabled": false,
    "quantity": 0
  },
  {
    "id": 8040,
    "code": "Market Basket Beef Cooking Stock",
    "desc": "Market Basket Beef Cooking Stock",
    "shortDesc": "Market Basket Beef Cooking Stock",
    "tags": [
      "Soup, Broth & Bouillon"
    ],
    "categories": [
      {
        "code": "Cooking Needs",
        "desc": "Cooking Needs"
      }
    ],
    "subCategories": [
      {
        "code": "Canned Food",
        "desc": "Canned Food"
      }
    ],
    "brands": [
      {
        "code": "Market Basket",
        "desc": "Market Basket"
      }
    ],
    "price": {
      "basePrice": 2.49,
      "discountPrice": 2.49
    },
    "type": {
      "code": "Soup, Broth & Bouillon",
      "desc": "Soup, Broth & Bouillon"
    },
    "weight": "32 oz",
    "UpcCode": "",
    "tax": 0.0,
    "spiceLevel": "",
    "aiselNo": "2",
    "store": "Market Basket",
    "weightType": "32 oz",
    "imageName": "Market Basket.jpg",
    "defaultImage": "Market Basket.jpg",
    "updatedTimestamp": "Jan 23, 2021 8:02:30 PM",
    "createdTimestamp": "Jan 23, 2021 8:02:30 PM",
    "isNewlyAdded": false,
    "isActive": true,
    "isDealsEnabled": false,
    "quantity": 0
  },
  {
    "id": 15315,
    "code": "Centrum SilverÂ® Multivitamin and Multimineral Supplement Tablets For Men 50 Above",
    "desc": "Centrum SilverÂ® Multivitamin and Multimineral Supplement Tablets For Men 50 Above",
    "shortDesc": "Centrum SilverÂ® Multivitamin and Multimineral Supplement Tablets For Men 50 Above",
    "tags": [
      "Vitamins & Supplements"
    ],
    "categories": [
      {
        "code": "Personal Care",
        "desc": "Personal Care"
      }
    ],
    "subCategories": [
      {
        "code": "Vitamins & Proteins",
        "desc": "Vitamins & Proteins"
      }
    ],
    "brands": [
      {
        "code": "Centrum",
        "desc": "Centrum"
      }
    ],
    "price": {
      "basePrice": 16.89,
      "discountPrice": 16.89
    },
    "type": {
      "code": "Vitamins & Supplements",
      "desc": "Vitamins & Supplements"
    },
    "weight": "100 count",
    "UpcCode": "",
    "tax": 1.0,
    "spiceLevel": "",
    "aiselNo": "13",
    "store": "Market Basket",
    "weightType": "100 count",
    "imageName": "6705.jpg",
    "defaultImage": "6705.jpg",
    "updatedTimestamp": "Jan 23, 2021 8:02:30 PM",
    "createdTimestamp": "Jan 23, 2021 8:02:30 PM",
    "isNewlyAdded": false,
    "isActive": true,
    "isDealsEnabled": false,
    "quantity": 0
  },
  {
    "id": 5343,
    "code": "belVita Soft Filled Strawberry",
    "desc": "belVita Soft Filled Strawberry",
    "shortDesc": "belVita Soft Filled Strawberry",
    "tags": [
      "Cookies & Cakes"
    ],
    "categories": [
      {
        "code": "Chips, Cookies & Snacks",
        "desc": "Chips, Cookies & Snacks"
      }
    ],
    "subCategories": [
      {
        "code": "Cookies & Crackers",
        "desc": "Cookies & Crackers"
      }
    ],
    "brands": [
      {
        "code": "belVita",
        "desc": "belVita"
      }
    ],
    "price": {
      "basePrice": 4.69,
      "discountPrice": 4.69
    },
    "type": {
      "code": "Cookies & Cakes",
      "desc": "Cookies & Cakes"
    },
    "weight": "8.8 oz",
    "UpcCode": "",
    "tax": 0.0,
    "spiceLevel": "",
    "aiselNo": "6",
    "store": "Market Basket",
    "weightType": "8.8 oz",
    "imageName": "No Image.jpg",
    "defaultImage": "No Image.jpg",
    "updatedTimestamp": "Jan 23, 2021 8:02:30 PM",
    "createdTimestamp": "Jan 23, 2021 8:02:30 PM",
    "isNewlyAdded": false,
    "isActive": true,
    "isDealsEnabled": false,
    "quantity": 0
  },
  {
    "id": 5231,
    "code": "Nabiso 60% Less Fat Reduced Fat Nilla Wafers",
    "desc": "Nabiso 60% Less Fat Reduced Fat Nilla Wafers",
    "shortDesc": "Nabiso 60% Less Fat Reduced Fat Nilla Wafers",
    "tags": [
      "Crackers"
    ],
    "categories": [
      {
        "code": "Chips, Cookies & Snacks",
        "desc": "Chips, Cookies & Snacks"
      }
    ],
    "subCategories": [
      {
        "code": "Cookies & Crackers",
        "desc": "Cookies & Crackers"
      }
    ],
    "brands": [
      {
        "code": "Nabisco",
        "desc": "Nabisco"
      }
    ],
    "price": {
      "basePrice": 5.14,
      "discountPrice": 5.14
    },
    "type": {
      "code": "Crackers",
      "desc": "Crackers"
    },
    "weight": "11 oz",
    "UpcCode": "",
    "tax": 0.0,
    "spiceLevel": "",
    "aiselNo": "6",
    "store": "Market Basket",
    "weightType": "11 oz",
    "imageName": "No Image.jpg",
    "defaultImage": "No Image.jpg",
    "updatedTimestamp": "Jan 23, 2021 8:02:30 PM",
    "createdTimestamp": "Jan 23, 2021 8:02:30 PM",
    "isNewlyAdded": false,
    "isActive": true,
    "isDealsEnabled": false,
    "quantity": 0
  },
  {
    "id": 14452,
    "code": "Peet's Coffee Blend Dark Roast Whole Bean Coffee",
    "desc": "Peet's Coffee Blend Dark Roast Whole Bean Coffee",
    "shortDesc": "Peet's Coffee Blend Dark Roast Whole Bean Coffee",
    "tags": [
      "Coffee"
    ],
    "categories": [
      {
        "code": "Breakfast & Dairy",
        "desc": "Breakfast & Dairy"
      }
    ],
    "subCategories": [
      {
        "code": "Tea & Coffee",
        "desc": "Tea & Coffee"
      }
    ],
    "brands": [
      {
        "code": "Peet's Coffee",
        "desc": "Peet's Coffee"
      }
    ],
    "price": {
      "basePrice": 10.99,
      "discountPrice": 10.99
    },
    "type": {
      "code": "Coffee",
      "desc": "Coffee"
    },
    "weight": "12 oz",
    "UpcCode": "",
    "tax": 0.0,
    "spiceLevel": "",
    "aiselNo": "8",
    "store": "Market Basket",
    "weightType": "12 oz",
    "imageName": "3324.jpg",
    "defaultImage": "3324.jpg",
    "updatedTimestamp": "Jan 23, 2021 8:02:30 PM",
    "createdTimestamp": "Jan 23, 2021 8:02:30 PM",
    "isNewlyAdded": false,
    "isActive": true,
    "isDealsEnabled": false,
    "quantity": 0
  },
  {
    "id": 9052,
    "code": "Smucker's Seedless Blackberry Jam Sugar Free",
    "desc": "Smucker's Seedless Blackberry Jam Sugar Free",
    "shortDesc": "Smucker's Seedless Blackberry Jam Sugar Free",
    "tags": [
      "Spreads"
    ],
    "categories": [
      {
        "code": "Condiments & Dressings",
        "desc": "Condiments & Dressings"
      }
    ],
    "subCategories": [
      {
        "code": "Preserved Dips & Spreads",
        "desc": "Preserved Dips & Spreads"
      }
    ],
    "brands": [
      {
        "code": "Smucker's",
        "desc": "Smucker's"
      }
    ],
    "price": {
      "basePrice": 2.99,
      "discountPrice": 2.99
    },
    "type": {
      "code": "Spreads",
      "desc": "Spreads"
    },
    "weight": "12.75 oz",
    "UpcCode": "",
    "tax": 0.0,
    "spiceLevel": "",
    "aiselNo": "3",
    "store": "Market Basket",
    "weightType": "12.75 oz",
    "imageName": "1626.jpg",
    "defaultImage": "1626.jpg",
    "updatedTimestamp": "Jan 23, 2021 8:02:30 PM",
    "createdTimestamp": "Jan 23, 2021 8:02:30 PM",
    "isNewlyAdded": false,
    "isActive": true,
    "isDealsEnabled": false,
    "quantity": 0
  },
  {
    "id": 7794,
    "code": "Market Basket No Salt Added Cut Green Beans",
    "desc": "Market Basket No Salt Added Cut Green Beans",
    "shortDesc": "Market Basket No Salt Added Cut Green Beans",
    "tags": [
      "Canned Meals & Beans"
    ],
    "categories": [
      {
        "code": "Cooking Needs",
        "desc": "Cooking Needs"
      }
    ],
    "subCategories": [
      {
        "code": "Canned Food",
        "desc": "Canned Food"
      }
    ],
    "brands": [
      {
        "code": "Market Basket",
        "desc": "Market Basket"
      }
    ],
    "price": {
      "basePrice": 0.79,
      "discountPrice": 0.79
    },
    "type": {
      "code": "Canned Meals & Beans",
      "desc": "Canned Meals & Beans"
    },
    "weight": "14.5 oz",
    "UpcCode": "",
    "tax": 0.0,
    "spiceLevel": "",
    "aiselNo": "2",
    "store": "Market Basket",
    "weightType": "14.5 oz",
    "imageName": "Market Basket.jpg",
    "defaultImage": "Market Basket.jpg",
    "updatedTimestamp": "Jan 23, 2021 8:02:30 PM",
    "createdTimestamp": "Jan 23, 2021 8:02:30 PM",
    "isNewlyAdded": false,
    "isActive": true,
    "isDealsEnabled": false,
    "quantity": 0
  },
  {
    "id": 14431,
    "code": "Nescafe Instant Coffee",
    "desc": "Nescafe Instant Coffee",
    "shortDesc": "Nescafe Instant Coffee",
    "tags": [
      "Coffee"
    ],
    "categories": [
      {
        "code": "Breakfast & Dairy",
        "desc": "Breakfast & Dairy"
      }
    ],
    "subCategories": [
      {
        "code": "Tea & Coffee",
        "desc": "Tea & Coffee"
      }
    ],
    "brands": [
      {
        "code": "Nescafe",
        "desc": "Nescafe"
      }
    ],
    "price": {
      "basePrice": 7.39,
      "discountPrice": 7.39
    },
    "type": {
      "code": "Coffee",
      "desc": "Coffee"
    },
    "weight": "7 oz",
    "UpcCode": "",
    "tax": 0.0,
    "spiceLevel": "",
    "aiselNo": "8",
    "store": "Market Basket",
    "weightType": "7 oz",
    "imageName": "16284.jpg",
    "defaultImage": "16284.jpg",
    "updatedTimestamp": "Jan 23, 2021 8:02:30 PM",
    "createdTimestamp": "Jan 23, 2021 8:02:30 PM",
    "isNewlyAdded": false,
    "isActive": true,
    "isDealsEnabled": false,
    "quantity": 0
  },
  {
    "id": 13319,
    "code": "Cabot Whipped Cream",
    "desc": "Cabot Whipped Cream",
    "shortDesc": "Cabot Whipped Cream",
    "tags": [
      "Cream"
    ],
    "categories": [
      {
        "code": "Breakfast & Dairy",
        "desc": "Breakfast & Dairy"
      }
    ],
    "subCategories": [
      {
        "code": "Dairy & Eggs",
        "desc": "Dairy & Eggs"
      }
    ],
    "brands": [
      {
        "code": "Cabot",
        "desc": "Cabot"
      }
    ],
    "price": {
      "basePrice": 3.09,
      "discountPrice": 3.09
    },
    "type": {
      "code": "Cream",
      "desc": "Cream"
    },
    "weight": "7 oz",
    "UpcCode": "",
    "tax": 0.0,
    "spiceLevel": "",
    "aiselNo": "1",
    "store": "Market Basket",
    "weightType": "7 oz",
    "imageName": "14753.jpg",
    "defaultImage": "14753.jpg",
    "updatedTimestamp": "Jan 23, 2021 8:02:30 PM",
    "createdTimestamp": "Jan 23, 2021 8:02:30 PM",
    "isNewlyAdded": false,
    "isActive": true,
    "isDealsEnabled": false,
    "quantity": 0
  },
  {
    "id": 5366,
    "code": "Pepperidge Farmhouse Thin & Crispy Milk Chocolate Chip",
    "desc": "Pepperidge Farmhouse Thin & Crispy Milk Chocolate Chip",
    "shortDesc": "Pepperidge Farmhouse Thin & Crispy Milk Chocolate Chip",
    "tags": [
      "Cookies & Cakes"
    ],
    "categories": [
      {
        "code": "Chips, Cookies & Snacks",
        "desc": "Chips, Cookies & Snacks"
      }
    ],
    "subCategories": [
      {
        "code": "Cookies & Crackers",
        "desc": "Cookies & Crackers"
      }
    ],
    "brands": [
      {
        "code": "Pepperidge Farm",
        "desc": "Pepperidge Farm"
      }
    ],
    "price": {
      "basePrice": 4.69,
      "discountPrice": 4.69
    },
    "type": {
      "code": "Cookies & Cakes",
      "desc": "Cookies & Cakes"
    },
    "weight": "6.9 oz",
    "UpcCode": "",
    "tax": 0.0,
    "spiceLevel": "",
    "aiselNo": "6",
    "store": "Market Basket",
    "weightType": "6.9 oz",
    "imageName": "No Image.jpg",
    "defaultImage": "No Image.jpg",
    "updatedTimestamp": "Jan 23, 2021 8:02:30 PM",
    "createdTimestamp": "Jan 23, 2021 8:02:30 PM",
    "isNewlyAdded": false,
    "isActive": true,
    "isDealsEnabled": false,
    "quantity": 0
  },
  {
    "id": 14408,
    "code": "Market Basket French Roast Whole Bean Coffee",
    "desc": "Market Basket French Roast Whole Bean Coffee",
    "shortDesc": "Market Basket French Roast Whole Bean Coffee",
    "tags": [
      "Coffee"
    ],
    "categories": [
      {
        "code": "Breakfast & Dairy",
        "desc": "Breakfast & Dairy"
      }
    ],
    "subCategories": [
      {
        "code": "Tea & Coffee",
        "desc": "Tea & Coffee"
      }
    ],
    "brands": [
      {
        "code": "Market Basket",
        "desc": "Market Basket"
      }
    ],
    "price": {
      "basePrice": 7.39,
      "discountPrice": 7.39
    },
    "type": {
      "code": "Coffee",
      "desc": "Coffee"
    },
    "weight": "20 oz",
    "UpcCode": "",
    "tax": 0.0,
    "spiceLevel": "",
    "aiselNo": "8",
    "store": "Market Basket",
    "weightType": "20 oz",
    "imageName": "Market Basket.jpg",
    "defaultImage": "Market Basket.jpg",
    "updatedTimestamp": "Jan 23, 2021 8:02:30 PM",
    "createdTimestamp": "Jan 23, 2021 8:02:30 PM",
    "isNewlyAdded": false,
    "isActive": true,
    "isDealsEnabled": false,
    "quantity": 0
  },
  {
    "id": 3602,
    "code": "Mini Seedess Cucumber",
    "desc": "Mini Seedess Cucumber",
    "shortDesc": "Mini Seedess Cucumber",
    "tags": [
      "Cucumber"
    ],
    "categories": [
      {
        "code": "Fresh Produce",
        "desc": "Fresh Produce"
      }
    ],
    "subCategories": [
      {
        "code": "Fresh Vegetables",
        "desc": "Fresh Vegetables"
      }
    ],
    "brands": [
      {
        "code": "Market Basket",
        "desc": "Market Basket"
      }
    ],
    "price": {
      "basePrice": 4.7,
      "discountPrice": 4.7
    },
    "type": {
      "code": "Cucumber",
      "desc": "Cucumber"
    },
    "weight": "14 oz pack",
    "UpcCode": "",
    "tax": 0.0,
    "spiceLevel": "",
    "aiselNo": "20",
    "store": "Market Basket",
    "weightType": "14 oz pack",
    "imageName": "14350.jpg",
    "defaultImage": "14350.jpg",
    "updatedTimestamp": "Jan 23, 2021 8:02:30 PM",
    "createdTimestamp": "Jan 23, 2021 8:02:30 PM",
    "isNewlyAdded": false,
    "isActive": true,
    "isDealsEnabled": false,
    "quantity": 0
  },
  {
    "id": 6163,
    "code": "Pepsi Diet Caffeine Free",
    "desc": "Pepsi Diet Caffeine Free",
    "shortDesc": "Pepsi Diet Caffeine Free",
    "tags": [
      "Soft Drinks"
    ],
    "categories": [
      {
        "code": "Beverages & Juices",
        "desc": "Beverages & Juices"
      }
    ],
    "subCategories": [
      {
        "code": "Soft Drinks & Seltzers",
        "desc": "Soft Drinks & Seltzers"
      }
    ],
    "brands": [
      {
        "code": "Pepsi",
        "desc": "Pepsi"
      }
    ],
    "price": {
      "basePrice": 2.5,
      "discountPrice": 2.5
    },
    "type": {
      "code": "Soft Drinks",
      "desc": "Soft Drinks"
    },
    "weight": "2 L",
    "UpcCode": "",
    "tax": 0.0,
    "spiceLevel": "",
    "aiselNo": "17",
    "store": "Market Basket",
    "weightType": "2 L",
    "imageName": "No Image.jpg",
    "defaultImage": "No Image.jpg",
    "updatedTimestamp": "Jan 23, 2021 8:02:30 PM",
    "createdTimestamp": "Jan 23, 2021 8:02:30 PM",
    "isNewlyAdded": false,
    "isActive": true,
    "isDealsEnabled": false,
    "quantity": 0
  },
  {
    "id": 5959,
    "code": "Mr & Mrs T Bold & Spicy Bloody Mary Mix",
    "desc": "Mr & Mrs T Bold & Spicy Bloody Mary Mix",
    "shortDesc": "Mr & Mrs T Bold & Spicy Bloody Mary Mix",
    "tags": [
      "Cocoa & Drink Mixes"
    ],
    "categories": [
      {
        "code": "Beverages & Juices",
        "desc": "Beverages & Juices"
      }
    ],
    "subCategories": [
      {
        "code": "Cocoa & Drink Mixes",
        "desc": "Cocoa & Drink Mixes"
      }
    ],
    "brands": [
      {
        "code": "Mr & Mrs T",
        "desc": "Mr & Mrs T"
      }
    ],
    "price": {
      "basePrice": 6.24,
      "discountPrice": 6.24
    },
    "type": {
      "code": "Cocoa & Drink Mixes",
      "desc": "Cocoa & Drink Mixes"
    },
    "weight": "1.75 L",
    "UpcCode": "",
    "tax": 0.0,
    "spiceLevel": "",
    "aiselNo": "17",
    "store": "Market Basket",
    "weightType": "1.75 L",
    "imageName": "No Image.jpg",
    "defaultImage": "No Image.jpg",
    "updatedTimestamp": "Jan 23, 2021 8:02:29 PM",
    "createdTimestamp": "Jan 23, 2021 8:02:29 PM",
    "isNewlyAdded": false,
    "isActive": true,
    "isDealsEnabled": false,
    "quantity": 0
  },
  {
    "id": 14365,
    "code": "Eight O'Clock Coffee Ground 100% Colombian Peaks Medium",
    "desc": "Eight O'Clock Coffee Ground 100% Colombian Peaks Medium",
    "shortDesc": "Eight O'Clock Coffee Ground 100% Colombian Peaks Medium",
    "tags": [
      "Coffee"
    ],
    "categories": [
      {
        "code": "Breakfast & Dairy",
        "desc": "Breakfast & Dairy"
      }
    ],
    "subCategories": [
      {
        "code": "Tea & Coffee",
        "desc": "Tea & Coffee"
      }
    ],
    "brands": [
      {
        "code": "Eight O'Clock",
        "desc": "Eight O'Clock"
      }
    ],
    "price": {
      "basePrice": 9.79,
      "discountPrice": 9.79
    },
    "type": {
      "code": "Coffee",
      "desc": "Coffee"
    },
    "weight": "22 oz",
    "UpcCode": "",
    "tax": 0.0,
    "spiceLevel": "",
    "aiselNo": "8",
    "store": "Market Basket",
    "weightType": "22 oz",
    "imageName": "16275.jpg",
    "defaultImage": "16275.jpg",
    "updatedTimestamp": "Jan 23, 2021 8:02:30 PM",
    "createdTimestamp": "Jan 23, 2021 8:02:30 PM",
    "isNewlyAdded": false,
    "isActive": true,
    "isDealsEnabled": false,
    "quantity": 0
  },
  {
    "id": 8836,
    "code": "Joseph's Spinach Hommus",
    "desc": "Joseph's Spinach Hommus",
    "shortDesc": "Joseph's Spinach Hommus",
    "tags": [
      "Salad Dressing & Toppings"
    ],
    "categories": [
      {
        "code": "Condiments & Dressings",
        "desc": "Condiments & Dressings"
      }
    ],
    "subCategories": [
      {
        "code": "Salad Dressings & Toppings",
        "desc": "Salad Dressings & Toppings"
      }
    ],
    "brands": [
      {
        "code": "Joseph's",
        "desc": "Joseph's"
      }
    ],
    "price": {
      "basePrice": 4.29,
      "discountPrice": 4.29
    },
    "type": {
      "code": "Salad Dressing & Toppings",
      "desc": "Salad Dressing & Toppings"
    },
    "weight": "16 oz",
    "UpcCode": "",
    "tax": 0.0,
    "spiceLevel": "",
    "aiselNo": "2",
    "store": "Market Basket",
    "weightType": "16 oz",
    "imageName": "15454.jpg",
    "defaultImage": "15454.jpg",
    "updatedTimestamp": "Jan 23, 2021 8:02:30 PM",
    "createdTimestamp": "Jan 23, 2021 8:02:30 PM",
    "isNewlyAdded": false,
    "isActive": true,
    "isDealsEnabled": false,
    "quantity": 0
  },
  {
    "id": 144,
    "code": "Butler Gum Stainless Steel Scrubbers",
    "desc": "Butler Gum Stainless Steel Scrubbers",
    "shortDesc": "Butler Gum Stainless Steel Scrubbers",
    "tags": [
      "Other Cleaning Products"
    ],
    "categories": [
      {
        "code": "Kitchen & Cleaning",
        "desc": "Kitchen & Cleaning"
      }
    ],
    "subCategories": [
      {
        "code": "Cleaning Products",
        "desc": "Cleaning Products"
      }
    ],
    "brands": [
      {
        "code": "Butler Gum",
        "desc": "Butler Gum"
      }
    ],
    "price": {
      "basePrice": 2.49,
      "discountPrice": 2.49
    },
    "type": {
      "code": "Other Cleaning Products",
      "desc": "Other Cleaning Products"
    },
    "weight": "2 count",
    "UpcCode": "",
    "tax": 1.0,
    "spiceLevel": "",
    "aiselNo": "15",
    "store": "Market Basket",
    "weightType": "2 count",
    "imageName": "No Image.jpg",
    "defaultImage": "No Image.jpg",
    "updatedTimestamp": "Jan 23, 2021 8:02:30 PM",
    "createdTimestamp": "Jan 23, 2021 8:02:30 PM",
    "isNewlyAdded": false,
    "isActive": true,
    "isDealsEnabled": false,
    "quantity": 0
  },
  {
    "id": 5029,
    "code": "Annas Swedish Thins Ginger",
    "desc": "Annas Swedish Thins Ginger",
    "shortDesc": "Annas Swedish Thins Ginger",
    "tags": [
      "Cookies & Cakes"
    ],
    "categories": [
      {
        "code": "Chips, Cookies & Snacks",
        "desc": "Chips, Cookies & Snacks"
      }
    ],
    "subCategories": [
      {
        "code": "Cookies & Crackers",
        "desc": "Cookies & Crackers"
      }
    ],
    "brands": [
      {
        "code": "Annas",
        "desc": "Annas"
      }
    ],
    "price": {
      "basePrice": 2.34,
      "discountPrice": 2.34
    },
    "type": {
      "code": "Cookies & Cakes",
      "desc": "Cookies & Cakes"
    },
    "weight": "5.25 oz",
    "UpcCode": "",
    "tax": 0.0,
    "spiceLevel": "",
    "aiselNo": "6",
    "store": "Market Basket",
    "weightType": "5.25 oz",
    "imageName": "15022.jpg",
    "defaultImage": "15022.jpg",
    "updatedTimestamp": "Jan 23, 2021 8:02:30 PM",
    "createdTimestamp": "Jan 23, 2021 8:02:30 PM",
    "isNewlyAdded": false,
    "isActive": true,
    "isDealsEnabled": false,
    "quantity": 0
  },
  {
    "id": 4143,
    "code": "Market Basket Cod Loins",
    "desc": "Market Basket Cod Loins",
    "shortDesc": "Market Basket Cod Loins",
    "tags": [
      "Codfish"
    ],
    "categories": [
      {
        "code": "Meat & Seafood",
        "desc": "Meat & Seafood"
      }
    ],
    "subCategories": [
      {
        "code": "Meat & Seafood Counter",
        "desc": "Meat & Seafood Counter"
      }
    ],
    "brands": [
      {
        "code": "Market Basket",
        "desc": "Market Basket"
      }
    ],
    "price": {
      "basePrice": 16.01,
      "discountPrice": 16.01
    },
    "type": {
      "code": "Codfish",
      "desc": "Codfish"
    },
    "weight": "Approx: 1.10 lb at $14.6/lb",
    "UpcCode": "",
    "tax": 0.0,
    "spiceLevel": "",
    "aiselNo": "22",
    "store": "Market Basket",
    "weightType": "Approx: 1.10 lb at $14.6/lb",
    "imageName": "Market Basket.jpg",
    "defaultImage": "Market Basket.jpg",
    "updatedTimestamp": "Jan 23, 2021 8:02:30 PM",
    "createdTimestamp": "Jan 23, 2021 8:02:30 PM",
    "isNewlyAdded": false,
    "isActive": true,
    "isDealsEnabled": false,
    "quantity": 0
  },
  {
    "id": 7033,
    "code": "Royal Gelatin, Lime, Sugar Free, Box",
    "desc": "Royal Gelatin, Lime, Sugar Free, Box",
    "shortDesc": "Royal Gelatin, Lime, Sugar Free, Box",
    "tags": [
      "Doughs, Gelatins & Bake Mixes"
    ],
    "categories": [
      {
        "code": "Cooking Needs",
        "desc": "Cooking Needs"
      }
    ],
    "subCategories": [
      {
        "code": "Baking & Cooking",
        "desc": "Baking & Cooking"
      }
    ],
    "brands": [
      {
        "code": "Royal",
        "desc": "Royal"
      }
    ],
    "price": {
      "basePrice": 0.49,
      "discountPrice": 0.49
    },
    "type": {
      "code": "Doughs, Gelatins & Bake Mixes",
      "desc": "Doughs, Gelatins & Bake Mixes"
    },
    "weight": "0.32 oz",
    "UpcCode": "",
    "tax": 0.0,
    "spiceLevel": "",
    "aiselNo": "8",
    "store": "Market Basket",
    "weightType": "0.32 oz",
    "imageName": "2102.jpg",
    "defaultImage": "2102.jpg",
    "updatedTimestamp": "Jan 23, 2021 8:02:30 PM",
    "createdTimestamp": "Jan 23, 2021 8:02:30 PM",
    "isNewlyAdded": false,
    "isActive": true,
    "isDealsEnabled": false,
    "quantity": 0
  },
  {
    "id": 308,
    "code": "Glad Plastic Food Wrap",
    "desc": "Glad Plastic Food Wrap",
    "shortDesc": "Glad Plastic Food Wrap",
    "tags": [
      "Plastic/Cling Wrap"
    ],
    "categories": [
      {
        "code": "Kitchen & Cleaning",
        "desc": "Kitchen & Cleaning"
      }
    ],
    "subCategories": [
      {
        "code": "Food Storage & Kitchen Supplies",
        "desc": "Food Storage & Kitchen Supplies"
      }
    ],
    "brands": [
      {
        "code": "Glad",
        "desc": "Glad"
      }
    ],
    "price": {
      "basePrice": 4.89,
      "discountPrice": 4.89
    },
    "type": {
      "code": "Plastic/Cling Wrap",
      "desc": "Plastic/Cling Wrap"
    },
    "weight": "400 sq ft",
    "UpcCode": "",
    "tax": 1.0,
    "spiceLevel": "",
    "aiselNo": "12",
    "store": "Market Basket",
    "weightType": "400 sq ft",
    "imageName": "16965.jpg",
    "defaultImage": "16965.jpg",
    "updatedTimestamp": "Jan 23, 2021 8:02:30 PM",
    "createdTimestamp": "Jan 23, 2021 8:02:30 PM",
    "isNewlyAdded": false,
    "isActive": true,
    "isDealsEnabled": false,
    "quantity": 0
  },
  {
    "id": 501,
    "code": "Tide Detergent Original 96 Loads Laundry Detergent",
    "desc": "Tide Detergent Original 96 Loads Laundry Detergent",
    "shortDesc": "Tide Detergent Original 96 Loads Laundry Detergent",
    "tags": [
      "Laundry Detergent"
    ],
    "categories": [
      {
        "code": "Laundry & Paper Goods",
        "desc": "Laundry & Paper Goods"
      }
    ],
    "subCategories": [
      {
        "code": "Laundry",
        "desc": "Laundry"
      }
    ],
    "brands": [
      {
        "code": "Tide",
        "desc": "Tide"
      }
    ],
    "price": {
      "basePrice": 22.49,
      "discountPrice": 22.49
    },
    "type": {
      "code": "Laundry Detergent",
      "desc": "Laundry Detergent"
    },
    "weight": "138 fl oz",
    "UpcCode": "",
    "tax": 1.0,
    "spiceLevel": "",
    "aiselNo": "15",
    "store": "Market Basket",
    "weightType": "138 fl oz",
    "imageName": "No Image.jpg",
    "defaultImage": "No Image.jpg",
    "updatedTimestamp": "Jan 23, 2021 8:02:30 PM",
    "createdTimestamp": "Jan 23, 2021 8:02:30 PM",
    "isNewlyAdded": false,
    "isActive": true,
    "isDealsEnabled": false,
    "quantity": 0
  },
  {
    "id": 4658,
    "code": "Genova Tonno Solid White Tuna in Olive Oil",
    "desc": "Genova Tonno Solid White Tuna in Olive Oil",
    "shortDesc": "Genova Tonno Solid White Tuna in Olive Oil",
    "tags": [
      "Canned Tuna"
    ],
    "categories": [
      {
        "code": "Meat & Seafood",
        "desc": "Meat & Seafood"
      }
    ],
    "subCategories": [
      {
        "code": "Canned Meat & Seafood",
        "desc": "Canned Meat & Seafood"
      }
    ],
    "brands": [
      {
        "code": "Genova",
        "desc": "Genova"
      }
    ],
    "price": {
      "basePrice": 2.49,
      "discountPrice": 2.49
    },
    "type": {
      "code": "Canned Tuna",
      "desc": "Canned Tuna"
    },
    "weight": "5 oz",
    "UpcCode": "",
    "tax": 0.0,
    "spiceLevel": "",
    "aiselNo": "2",
    "store": "Market Basket",
    "weightType": "5 oz",
    "imageName": "5243.jpg",
    "defaultImage": "5243.jpg",
    "updatedTimestamp": "Jan 23, 2021 8:02:30 PM",
    "createdTimestamp": "Jan 23, 2021 8:02:30 PM",
    "isNewlyAdded": false,
    "isActive": true,
    "isDealsEnabled": false,
    "quantity": 0
  },
  {
    "id": 5627,
    "code": "Pacific Celery Sticks",
    "desc": "Pacific Celery Sticks",
    "shortDesc": "Pacific Celery Sticks",
    "tags": [
      "Fruit & Vegetable Snacks"
    ],
    "categories": [
      {
        "code": "Chips, Cookies & Snacks",
        "desc": "Chips, Cookies & Snacks"
      }
    ],
    "subCategories": [
      {
        "code": "Chips & Fruit Snacks",
        "desc": "Chips & Fruit Snacks"
      }
    ],
    "brands": [
      {
        "code": "Pacific",
        "desc": "Pacific"
      }
    ],
    "price": {
      "basePrice": 2.49,
      "discountPrice": 2.49
    },
    "type": {
      "code": "Fruit & Vegetable Snacks",
      "desc": "Fruit & Vegetable Snacks"
    },
    "weight": "1 lb",
    "UpcCode": "",
    "tax": 0.0,
    "spiceLevel": "",
    "aiselNo": "20",
    "store": "Market Basket",
    "weightType": "1 lb",
    "imageName": "No Image.jpg",
    "defaultImage": "No Image.jpg",
    "updatedTimestamp": "Jan 23, 2021 8:02:30 PM",
    "createdTimestamp": "Jan 23, 2021 8:02:30 PM",
    "isNewlyAdded": false,
    "isActive": true,
    "isDealsEnabled": false,
    "quantity": 0
  },
  {
    "id": 5985,
    "code": "Master of Mixes Lite Sweet 'N Sour Mixer",
    "desc": "Master of Mixes Lite Sweet 'N Sour Mixer",
    "shortDesc": "Master of Mixes Lite Sweet 'N Sour Mixer",
    "tags": [
      "Cocoa & Drink Mixes"
    ],
    "categories": [
      {
        "code": "Beverages & Juices",
        "desc": "Beverages & Juices"
      }
    ],
    "subCategories": [
      {
        "code": "Cocoa & Drink Mixes",
        "desc": "Cocoa & Drink Mixes"
      }
    ],
    "brands": [
      {
        "code": "Master of Mixes",
        "desc": "Master of Mixes"
      }
    ],
    "price": {
      "basePrice": 7.49,
      "discountPrice": 7.49
    },
    "type": {
      "code": "Cocoa & Drink Mixes",
      "desc": "Cocoa & Drink Mixes"
    },
    "weight": "1.75 L",
    "UpcCode": "",
    "tax": 0.0,
    "spiceLevel": "",
    "aiselNo": "17",
    "store": "Market Basket",
    "weightType": "1.75 L",
    "imageName": "No Image.jpg",
    "defaultImage": "No Image.jpg",
    "updatedTimestamp": "Jan 23, 2021 8:02:29 PM",
    "createdTimestamp": "Jan 23, 2021 8:02:29 PM",
    "isNewlyAdded": false,
    "isActive": true,
    "isDealsEnabled": false,
    "quantity": 0
  },
  {
    "id": 8818,
    "code": "Good Seasons Garlic & Herb Dressing & Recipe Mix",
    "desc": "Good Seasons Garlic & Herb Dressing & Recipe Mix",
    "shortDesc": "Good Seasons Garlic & Herb Dressing & Recipe Mix",
    "tags": [
      "Salad Dressing & Toppings"
    ],
    "categories": [
      {
        "code": "Condiments & Dressings",
        "desc": "Condiments & Dressings"
      }
    ],
    "subCategories": [
      {
        "code": "Salad Dressings & Toppings",
        "desc": "Salad Dressings & Toppings"
      }
    ],
    "brands": [
      {
        "code": "Good Seasons",
        "desc": "Good Seasons"
      }
    ],
    "price": {
      "basePrice": 1.69,
      "discountPrice": 1.69
    },
    "type": {
      "code": "Salad Dressing & Toppings",
      "desc": "Salad Dressing & Toppings"
    },
    "weight": "0.75 oz",
    "UpcCode": "",
    "tax": 0.0,
    "spiceLevel": "",
    "aiselNo": "2",
    "store": "Market Basket",
    "weightType": "0.75 oz",
    "imageName": "15459.jpg",
    "defaultImage": "15459.jpg",
    "updatedTimestamp": "Jan 23, 2021 8:02:30 PM",
    "createdTimestamp": "Jan 23, 2021 8:02:30 PM",
    "isNewlyAdded": false,
    "isActive": true,
    "isDealsEnabled": false,
    "quantity": 0
  },
  {
    "id": 5942,
    "code": "Cocktail Artist Pina Colada Premium Mix",
    "desc": "Cocktail Artist Pina Colada Premium Mix",
    "shortDesc": "Cocktail Artist Pina Colada Premium Mix",
    "tags": [
      "Cocoa & Drink Mixes"
    ],
    "categories": [
      {
        "code": "Beverages & Juices",
        "desc": "Beverages & Juices"
      }
    ],
    "subCategories": [
      {
        "code": "Cocoa & Drink Mixes",
        "desc": "Cocoa & Drink Mixes"
      }
    ],
    "brands": [
      {
        "code": "Cocktail Artist",
        "desc": "Cocktail Artist"
      }
    ],
    "price": {
      "basePrice": 6.24,
      "discountPrice": 6.24
    },
    "type": {
      "code": "Cocoa & Drink Mixes",
      "desc": "Cocoa & Drink Mixes"
    },
    "weight": "1 L",
    "UpcCode": "",
    "tax": 0.0,
    "spiceLevel": "",
    "aiselNo": "17",
    "store": "Market Basket",
    "weightType": "1 L",
    "imageName": "No Image.jpg",
    "defaultImage": "No Image.jpg",
    "updatedTimestamp": "Jan 23, 2021 8:02:29 PM",
    "createdTimestamp": "Jan 23, 2021 8:02:29 PM",
    "isNewlyAdded": false,
    "isActive": true,
    "isDealsEnabled": false,
    "quantity": 0
  },
  {
    "id": 7595,
    "code": "Mild Diced Tomatoes",
    "desc": "Mild Diced Tomatoes",
    "shortDesc": "Mild Diced Tomatoes",
    "tags": [
      "Canned & Jarred Vegetables"
    ],
    "categories": [
      {
        "code": "Cooking Needs",
        "desc": "Cooking Needs"
      }
    ],
    "subCategories": [
      {
        "code": "Canned Food",
        "desc": "Canned Food"
      }
    ],
    "brands": [
      {
        "code": "Ro-Tel",
        "desc": "Ro-Tel"
      }
    ],
    "price": {
      "basePrice": 1.59,
      "discountPrice": 1.59
    },
    "type": {
      "code": "Canned & Jarred Vegetables",
      "desc": "Canned & Jarred Vegetables"
    },
    "weight": "10 oz",
    "UpcCode": "",
    "tax": 0.0,
    "spiceLevel": "",
    "aiselNo": "9",
    "store": "Market Basket",
    "weightType": "10 oz",
    "imageName": "17093.jpg",
    "defaultImage": "17093.jpg",
    "updatedTimestamp": "Jan 23, 2021 8:02:30 PM",
    "createdTimestamp": "Jan 23, 2021 8:02:30 PM",
    "isNewlyAdded": false,
    "isActive": true,
    "isDealsEnabled": false,
    "quantity": 0
  },
  {
    "id": 13886,
    "code": "Market Basket 58% Vegetable Oil Butter Like Spread",
    "desc": "Market Basket 58% Vegetable Oil Butter Like Spread",
    "shortDesc": "Market Basket 58% Vegetable Oil Butter Like Spread",
    "tags": [
      "Soy & Lactose-Free"
    ],
    "categories": [
      {
        "code": "Breakfast & Dairy",
        "desc": "Breakfast & Dairy"
      }
    ],
    "subCategories": [
      {
        "code": "Dairy & Eggs",
        "desc": "Dairy & Eggs"
      }
    ],
    "brands": [
      {
        "code": "Market Basket",
        "desc": "Market Basket"
      }
    ],
    "price": {
      "basePrice": 1.69,
      "discountPrice": 1.69
    },
    "type": {
      "code": "Soy & Lactose-Free",
      "desc": "Soy & Lactose-Free"
    },
    "weight": "15 oz",
    "UpcCode": "",
    "tax": 0.0,
    "spiceLevel": "",
    "aiselNo": "1",
    "store": "Market Basket",
    "weightType": "15 oz",
    "imageName": "Market Basket.jpg",
    "defaultImage": "Market Basket.jpg",
    "updatedTimestamp": "Jan 23, 2021 8:02:30 PM",
    "createdTimestamp": "Jan 23, 2021 8:02:30 PM",
    "isNewlyAdded": false,
    "isActive": true,
    "isDealsEnabled": false,
    "quantity": 0
  },
  {
    "id": 7063,
    "code": "California Olive Ranch Olive Oil, Extra Virgin, Bottle",
    "desc": "California Olive Ranch Olive Oil, Extra Virgin, Bottle",
    "shortDesc": "California Olive Ranch Olive Oil, Extra Virgin, Bottle",
    "tags": [
      "Oils & Vinegars"
    ],
    "categories": [
      {
        "code": "Cooking Needs",
        "desc": "Cooking Needs"
      }
    ],
    "subCategories": [
      {
        "code": "Oils & Vinegars",
        "desc": "Oils & Vinegars"
      }
    ],
    "brands": [
      {
        "code": "Calfornia Olive Ranch",
        "desc": "Calfornia Olive Ranch"
      }
    ],
    "price": {
      "basePrice": 12.19,
      "discountPrice": 12.19
    },
    "type": {
      "code": "Oils & Vinegars",
      "desc": "Oils & Vinegars"
    },
    "weight": "32.9 oz",
    "UpcCode": "",
    "tax": 0.0,
    "spiceLevel": "",
    "aiselNo": "2",
    "store": "Market Basket",
    "weightType": "32.9 oz",
    "imageName": "15489.jpg",
    "defaultImage": "15489.jpg",
    "updatedTimestamp": "Jan 23, 2021 8:02:30 PM",
    "createdTimestamp": "Jan 23, 2021 8:02:30 PM",
    "isNewlyAdded": false,
    "isActive": true,
    "isDealsEnabled": false,
    "quantity": 0
  },
  {
    "id": 7253,
    "code": "McCormick Bay Leaves",
    "desc": "McCormick Bay Leaves",
    "shortDesc": "McCormick Bay Leaves",
    "tags": [
      "Spices & Seasonings"
    ],
    "categories": [
      {
        "code": "Cooking Needs",
        "desc": "Cooking Needs"
      }
    ],
    "subCategories": [
      {
        "code": "Spices & Seasonings",
        "desc": "Spices & Seasonings"
      }
    ],
    "brands": [
      {
        "code": "McCormick",
        "desc": "McCormick"
      }
    ],
    "price": {
      "basePrice": 4.89,
      "discountPrice": 4.89
    },
    "type": {
      "code": "Spices & Seasonings",
      "desc": "Spices & Seasonings"
    },
    "weight": "0.62 oz",
    "UpcCode": "",
    "tax": 0.0,
    "spiceLevel": "",
    "aiselNo": "9",
    "store": "Market Basket",
    "weightType": "0.62 oz",
    "imageName": "2159.jpg",
    "defaultImage": "2159.jpg",
    "updatedTimestamp": "Jan 23, 2021 8:02:30 PM",
    "createdTimestamp": "Jan 23, 2021 8:02:30 PM",
    "isNewlyAdded": false,
    "isActive": true,
    "isDealsEnabled": false,
    "quantity": 0
  },
  {
    "id": 4459,
    "code": "Bianco & Sons Breakfast Sausage",
    "desc": "Bianco & Sons Breakfast Sausage",
    "shortDesc": "Bianco & Sons Breakfast Sausage",
    "tags": [
      "Sausage"
    ],
    "categories": [
      {
        "code": "Meat & Seafood",
        "desc": "Meat & Seafood"
      }
    ],
    "subCategories": [
      {
        "code": "Hot Dogs, Bacon & Sausage",
        "desc": "Hot Dogs, Bacon & Sausage"
      }
    ],
    "brands": [
      {
        "code": "Bianco & Sons",
        "desc": "Bianco & Sons"
      }
    ],
    "price": {
      "basePrice": 4.59,
      "discountPrice": 4.59
    },
    "type": {
      "code": "Sausage",
      "desc": "Sausage"
    },
    "weight": "16 oz",
    "UpcCode": "",
    "tax": 0.0,
    "spiceLevel": "",
    "aiselNo": "1",
    "store": "Market Basket",
    "weightType": "16 oz",
    "imageName": "No Image.jpg",
    "defaultImage": "No Image.jpg",
    "updatedTimestamp": "Jan 23, 2021 8:02:30 PM",
    "createdTimestamp": "Jan 23, 2021 8:02:30 PM",
    "isNewlyAdded": false,
    "isActive": true,
    "isDealsEnabled": false,
    "quantity": 0
  },
  {
    "id": 548,
    "code": "Gain Aroma Boost Liquid Laundry Detergent, moonlight breeze",
    "desc": "Gain Aroma Boost Liquid Laundry Detergent, moonlight breeze",
    "shortDesc": "Gain Aroma Boost Liquid Laundry Detergent, moonlight breeze",
    "tags": [
      "Laundry Detergent"
    ],
    "categories": [
      {
        "code": "Laundry & Paper Goods",
        "desc": "Laundry & Paper Goods"
      }
    ],
    "subCategories": [
      {
        "code": "Laundry",
        "desc": "Laundry"
      }
    ],
    "brands": [
      {
        "code": "Gain",
        "desc": "Gain"
      }
    ],
    "price": {
      "basePrice": 13.74,
      "discountPrice": 13.74
    },
    "type": {
      "code": "Laundry Detergent",
      "desc": "Laundry Detergent"
    },
    "weight": "100 fl oz",
    "UpcCode": "",
    "tax": 1.0,
    "spiceLevel": "",
    "aiselNo": "15",
    "store": "Market Basket",
    "weightType": "100 fl oz",
    "imageName": "No Image.jpg",
    "defaultImage": "No Image.jpg",
    "updatedTimestamp": "Jan 23, 2021 8:02:30 PM",
    "createdTimestamp": "Jan 23, 2021 8:02:30 PM",
    "isNewlyAdded": false,
    "isActive": true,
    "isDealsEnabled": false,
    "quantity": 0
  },
  {
    "id": 5556,
    "code": "After Eight Mint Chocolatey Thins",
    "desc": "After Eight Mint Chocolatey Thins",
    "shortDesc": "After Eight Mint Chocolatey Thins",
    "tags": [
      "Candy & Chocolate"
    ],
    "categories": [
      {
        "code": "Chips, Cookies & Snacks",
        "desc": "Chips, Cookies & Snacks"
      }
    ],
    "subCategories": [
      {
        "code": "Candy & Chocolates",
        "desc": "Candy & Chocolates"
      }
    ],
    "brands": [
      {
        "code": "Nestle",
        "desc": "Nestle"
      }
    ],
    "price": {
      "basePrice": 3.09,
      "discountPrice": 3.09
    },
    "type": {
      "code": "Candy & Chocolate",
      "desc": "Candy & Chocolate"
    },
    "weight": "7.05 oz",
    "UpcCode": "",
    "tax": 0.0,
    "spiceLevel": "",
    "aiselNo": "3",
    "store": "Market Basket",
    "weightType": "7.05 oz",
    "imageName": "14979.jpg",
    "defaultImage": "14979.jpg",
    "updatedTimestamp": "Jan 23, 2021 8:02:30 PM",
    "createdTimestamp": "Jan 23, 2021 8:02:30 PM",
    "isNewlyAdded": false,
    "isActive": true,
    "isDealsEnabled": false,
    "quantity": 0
  },
  {
    "id": 7920,
    "code": "Bumble Bee Snow's New England Corn Chowder Condensed Soup",
    "desc": "Bumble Bee Snow's New England Corn Chowder Condensed Soup",
    "shortDesc": "Bumble Bee Snow's New England Corn Chowder Condensed Soup",
    "tags": [
      "Soup, Broth & Bouillon"
    ],
    "categories": [
      {
        "code": "Cooking Needs",
        "desc": "Cooking Needs"
      }
    ],
    "subCategories": [
      {
        "code": "Canned Food",
        "desc": "Canned Food"
      }
    ],
    "brands": [
      {
        "code": "Bumble Bee",
        "desc": "Bumble Bee"
      }
    ],
    "price": {
      "basePrice": 1.69,
      "discountPrice": 1.69
    },
    "type": {
      "code": "Soup, Broth & Bouillon",
      "desc": "Soup, Broth & Bouillon"
    },
    "weight": "15 oz",
    "UpcCode": "",
    "tax": 0.0,
    "spiceLevel": "",
    "aiselNo": "2",
    "store": "Market Basket",
    "weightType": "15 oz",
    "imageName": "17242.jpg",
    "defaultImage": "17242.jpg",
    "updatedTimestamp": "Jan 23, 2021 8:02:30 PM",
    "createdTimestamp": "Jan 23, 2021 8:02:30 PM",
    "isNewlyAdded": false,
    "isActive": true,
    "isDealsEnabled": false,
    "quantity": 0
  },
  {
    "id": 6523,
    "code": "Sunmaid Zante Currants",
    "desc": "Sunmaid Zante Currants",
    "shortDesc": "Sunmaid Zante Currants",
    "tags": [
      "Nuts, Seeds & Dried Fruit"
    ],
    "categories": [
      {
        "code": "Chips, Cookies & Snacks",
        "desc": "Chips, Cookies & Snacks"
      }
    ],
    "subCategories": [
      {
        "code": "Nuts, Seeds & Dried Fruit",
        "desc": "Nuts, Seeds & Dried Fruit"
      }
    ],
    "brands": [
      {
        "code": "Sunmaid",
        "desc": "Sunmaid"
      }
    ],
    "price": {
      "basePrice": 3.74,
      "discountPrice": 3.74
    },
    "type": {
      "code": "Nuts, Seeds & Dried Fruit",
      "desc": "Nuts, Seeds & Dried Fruit"
    },
    "weight": "8 oz",
    "UpcCode": "",
    "tax": 0.0,
    "spiceLevel": "",
    "aiselNo": "6",
    "store": "Market Basket",
    "weightType": "8 oz",
    "imageName": "No Image.jpg",
    "defaultImage": "No Image.jpg",
    "updatedTimestamp": "Jan 23, 2021 8:02:30 PM",
    "createdTimestamp": "Jan 23, 2021 8:02:30 PM",
    "isNewlyAdded": false,
    "isActive": true,
    "isDealsEnabled": false,
    "quantity": 0
  },
  {
    "id": 10181,
    "code": "Breyer's Frozen Dairy Dessert 2in1 Oreo Chips Ahoy!",
    "desc": "Breyer's Frozen Dairy Dessert 2in1 Oreo Chips Ahoy!",
    "shortDesc": "Breyer's Frozen Dairy Dessert 2in1 Oreo Chips Ahoy!",
    "tags": [
      "Ice Cream & Ice"
    ],
    "categories": [
      {
        "code": "Frozen Food",
        "desc": "Frozen Food"
      }
    ],
    "subCategories": [
      {
        "code": "Ice Cream & Ice",
        "desc": "Ice Cream & Ice"
      }
    ],
    "brands": [
      {
        "code": "Oreo",
        "desc": "Oreo"
      }
    ],
    "price": {
      "basePrice": 4.79,
      "discountPrice": 4.79
    },
    "type": {
      "code": "Ice Cream & Ice",
      "desc": "Ice Cream & Ice"
    },
    "weight": "1.5 quart",
    "UpcCode": "",
    "tax": 0.0,
    "spiceLevel": "",
    "aiselNo": "21",
    "store": "Market Basket",
    "weightType": "1.5 quart",
    "imageName": "16114.jpg",
    "defaultImage": "16114.jpg",
    "updatedTimestamp": "Jan 23, 2021 8:02:30 PM",
    "createdTimestamp": "Jan 23, 2021 8:02:30 PM",
    "isNewlyAdded": false,
    "isActive": true,
    "isDealsEnabled": false,
    "quantity": 0
  },
  {
    "id": 6657,
    "code": "Simply Apple PURE PRESSED  fruit  NOT FROM CONCENTRATE 100% APPLE JUICE",
    "desc": "Simply Apple PURE PRESSED  fruit  NOT FROM CONCENTRATE 100% APPLE JUICE",
    "shortDesc": "Simply Apple PURE PRESSED  fruit  NOT FROM CONCENTRATE 100% APPLE JUICE",
    "tags": [
      "Refrigerated Drinks"
    ],
    "categories": [
      {
        "code": "Beverages & Juices",
        "desc": "Beverages & Juices"
      }
    ],
    "subCategories": [
      {
        "code": "Juices & Refrigerated Drinks",
        "desc": "Juices & Refrigerated Drinks"
      }
    ],
    "brands": [
      {
        "code": "Simply",
        "desc": "Simply"
      }
    ],
    "price": {
      "basePrice": 3.74,
      "discountPrice": 3.74
    },
    "type": {
      "code": "Refrigerated Drinks",
      "desc": "Refrigerated Drinks"
    },
    "weight": "52 fl oz",
    "UpcCode": "",
    "tax": 0.0,
    "spiceLevel": "",
    "aiselNo": "1",
    "store": "Market Basket",
    "weightType": "52 fl oz",
    "imageName": "X766.jpg",
    "defaultImage": "X766.jpg",
    "updatedTimestamp": "Jan 23, 2021 8:02:29 PM",
    "createdTimestamp": "Jan 23, 2021 8:02:29 PM",
    "isNewlyAdded": false,
    "isActive": true,
    "isDealsEnabled": false,
    "quantity": 0
  },
  {
    "id": 311,
    "code": "Glad Plastic Food Wrap",
    "desc": "Glad Plastic Food Wrap",
    "shortDesc": "Glad Plastic Food Wrap",
    "tags": [
      "Plastic/Cling Wrap"
    ],
    "categories": [
      {
        "code": "Kitchen & Cleaning",
        "desc": "Kitchen & Cleaning"
      }
    ],
    "subCategories": [
      {
        "code": "Food Storage & Kitchen Supplies",
        "desc": "Food Storage & Kitchen Supplies"
      }
    ],
    "brands": [
      {
        "code": "Glad",
        "desc": "Glad"
      }
    ],
    "price": {
      "basePrice": 1.89,
      "discountPrice": 1.89
    },
    "type": {
      "code": "Plastic/Cling Wrap",
      "desc": "Plastic/Cling Wrap"
    },
    "weight": "100 sq ft",
    "UpcCode": "",
    "tax": 1.0,
    "spiceLevel": "",
    "aiselNo": "12",
    "store": "Market Basket",
    "weightType": "100 sq ft",
    "imageName": "4416.jpg",
    "defaultImage": "4416.jpg",
    "updatedTimestamp": "Jan 23, 2021 8:02:30 PM",
    "createdTimestamp": "Jan 23, 2021 8:02:30 PM",
    "isNewlyAdded": false,
    "isActive": true,
    "isDealsEnabled": false,
    "quantity": 0
  },
  {
    "id": 4690,
    "code": "StarKistÃÂ® StarKist Chunk Light Tuna In Sunflower Oil",
    "desc": "StarKistÃÂ® StarKist Chunk Light Tuna In Sunflower Oil",
    "shortDesc": "StarKistÃÂ® StarKist Chunk Light Tuna In Sunflower Oil",
    "tags": [
      "Canned Tuna"
    ],
    "categories": [
      {
        "code": "Meat & Seafood",
        "desc": "Meat & Seafood"
      }
    ],
    "subCategories": [
      {
        "code": "Canned Meat & Seafood",
        "desc": "Canned Meat & Seafood"
      }
    ],
    "brands": [
      {
        "code": "StarKistÃÂ®",
        "desc": "StarKistÃÂ®"
      }
    ],
    "price": {
      "basePrice": 3.09,
      "discountPrice": 3.09
    },
    "type": {
      "code": "Canned Tuna",
      "desc": "Canned Tuna"
    },
    "weight": "6.4 oz",
    "UpcCode": "",
    "tax": 0.0,
    "spiceLevel": "",
    "aiselNo": "2",
    "store": "Market Basket",
    "weightType": "6.4 oz",
    "imageName": "5210.jpg",
    "defaultImage": "5210.jpg",
    "updatedTimestamp": "Jan 23, 2021 8:02:30 PM",
    "createdTimestamp": "Jan 23, 2021 8:02:30 PM",
    "isNewlyAdded": false,
    "isActive": true,
    "isDealsEnabled": false,
    "quantity": 0
  },
  {
    "id": 6575,
    "code": "Bolthouse Farms Mocha Cappuccino",
    "desc": "Bolthouse Farms Mocha Cappuccino",
    "shortDesc": "Bolthouse Farms Mocha Cappuccino",
    "tags": [
      "Refrigerated Drinks"
    ],
    "categories": [
      {
        "code": "Beverages & Juices",
        "desc": "Beverages & Juices"
      }
    ],
    "subCategories": [
      {
        "code": "Juices & Refrigerated Drinks",
        "desc": "Juices & Refrigerated Drinks"
      }
    ],
    "brands": [
      {
        "code": "Bolthouse Farms",
        "desc": "Bolthouse Farms"
      }
    ],
    "price": {
      "basePrice": 3.09,
      "discountPrice": 3.09
    },
    "type": {
      "code": "Refrigerated Drinks",
      "desc": "Refrigerated Drinks"
    },
    "weight": "15.2 fl oz",
    "UpcCode": "",
    "tax": 0.0,
    "spiceLevel": "",
    "aiselNo": "20",
    "store": "Market Basket",
    "weightType": "15.2 fl oz",
    "imageName": "3831.jpg",
    "defaultImage": "3831.jpg",
    "updatedTimestamp": "Jan 23, 2021 8:02:30 PM",
    "createdTimestamp": "Jan 23, 2021 8:02:30 PM",
    "isNewlyAdded": false,
    "isActive": true,
    "isDealsEnabled": false,
    "quantity": 0
  },
  {
    "id": 4535,
    "code": "Columbus Pancetta",
    "desc": "Columbus Pancetta",
    "shortDesc": "Columbus Pancetta",
    "tags": [
      "Other Meat"
    ],
    "categories": [
      {
        "code": "Meat & Seafood",
        "desc": "Meat & Seafood"
      }
    ],
    "subCategories": [
      {
        "code": "Lunch Meat",
        "desc": "Lunch Meat"
      }
    ],
    "brands": [
      {
        "code": "Columbus",
        "desc": "Columbus"
      }
    ],
    "price": {
      "basePrice": 14.69,
      "discountPrice": 14.69
    },
    "type": {
      "code": "Other Meat",
      "desc": "Other Meat"
    },
    "weight": "1 lb",
    "UpcCode": "",
    "tax": 0.0,
    "spiceLevel": "",
    "aiselNo": "22",
    "store": "Market Basket",
    "weightType": "1 lb",
    "imageName": "No Image.jpg",
    "defaultImage": "No Image.jpg",
    "updatedTimestamp": "Jan 23, 2021 8:02:30 PM",
    "createdTimestamp": "Jan 23, 2021 8:02:30 PM",
    "isNewlyAdded": false,
    "isActive": true,
    "isDealsEnabled": false,
    "quantity": 0
  },
  {
    "id": 15004,
    "code": "Tylenol Childrens Childrenâs Tylenol Oral Suspension",
    "desc": "Tylenol Childrens Childrenâs Tylenol Oral Suspension",
    "shortDesc": "Tylenol Childrens Childrenâs Tylenol Oral Suspension",
    "tags": [
      "Muscles, Joints & Pain Relief"
    ],
    "categories": [
      {
        "code": "Personal Care",
        "desc": "Personal Care"
      }
    ],
    "subCategories": [
      {
        "code": "First Aid & Healthcare",
        "desc": "First Aid & Healthcare"
      }
    ],
    "brands": [
      {
        "code": "Tylenol",
        "desc": "Tylenol"
      }
    ],
    "price": {
      "basePrice": 9.19,
      "discountPrice": 9.19
    },
    "type": {
      "code": "Muscles, Joints & Pain Relief",
      "desc": "Muscles, Joints & Pain Relief"
    },
    "weight": "4 fl oz",
    "UpcCode": "",
    "tax": 1.0,
    "spiceLevel": "",
    "aiselNo": "13",
    "store": "Market Basket",
    "weightType": "4 fl oz",
    "imageName": "6643.jpg",
    "defaultImage": "6643.jpg",
    "updatedTimestamp": "Jan 23, 2021 8:02:30 PM",
    "createdTimestamp": "Jan 23, 2021 8:02:30 PM",
    "isNewlyAdded": false,
    "isActive": true,
    "isDealsEnabled": false,
    "quantity": 0
  },
  {
    "id": 15351,
    "code": "One A Day Men's Multivitamin 50+ Healthy Advantage Tablets",
    "desc": "One A Day Men's Multivitamin 50+ Healthy Advantage Tablets",
    "shortDesc": "One A Day Men's Multivitamin 50+ Healthy Advantage Tablets",
    "tags": [
      "Vitamins & Supplements"
    ],
    "categories": [
      {
        "code": "Personal Care",
        "desc": "Personal Care"
      }
    ],
    "subCategories": [
      {
        "code": "Vitamins & Proteins",
        "desc": "Vitamins & Proteins"
      }
    ],
    "brands": [
      {
        "code": "One A Day",
        "desc": "One A Day"
      }
    ],
    "price": {
      "basePrice": 14.02,
      "discountPrice": 14.02
    },
    "type": {
      "code": "Vitamins & Supplements",
      "desc": "Vitamins & Supplements"
    },
    "weight": "65 count",
    "UpcCode": "",
    "tax": 1.0,
    "spiceLevel": "",
    "aiselNo": "13",
    "store": "Market Basket",
    "weightType": "65 count",
    "imageName": "6700.jpg",
    "defaultImage": "6700.jpg",
    "updatedTimestamp": "Jan 23, 2021 8:02:30 PM",
    "createdTimestamp": "Jan 23, 2021 8:02:30 PM",
    "isNewlyAdded": false,
    "isActive": true,
    "isDealsEnabled": false,
    "quantity": 0
  },
  {
    "id": 10034,
    "code": "Friendly's Mint Chocolate Chip Light Ice Cream",
    "desc": "Friendly's Mint Chocolate Chip Light Ice Cream",
    "shortDesc": "Friendly's Mint Chocolate Chip Light Ice Cream",
    "tags": [
      "Ice Cream & Ice"
    ],
    "categories": [
      {
        "code": "Frozen Food",
        "desc": "Frozen Food"
      }
    ],
    "subCategories": [
      {
        "code": "Ice Cream & Ice",
        "desc": "Ice Cream & Ice"
      }
    ],
    "brands": [
      {
        "code": "Friendly's",
        "desc": "Friendly's"
      }
    ],
    "price": {
      "basePrice": 3.69,
      "discountPrice": 3.69
    },
    "type": {
      "code": "Ice Cream & Ice",
      "desc": "Ice Cream & Ice"
    },
    "weight": "1.5 quart",
    "UpcCode": "",
    "tax": 0.0,
    "spiceLevel": "",
    "aiselNo": "21",
    "store": "Market Basket",
    "weightType": "1.5 quart",
    "imageName": "3066.jpg",
    "defaultImage": "3066.jpg",
    "updatedTimestamp": "Jan 23, 2021 8:02:30 PM",
    "createdTimestamp": "Jan 23, 2021 8:02:30 PM",
    "isNewlyAdded": false,
    "isActive": true,
    "isDealsEnabled": false,
    "quantity": 0
  },
  {
    "id": 14436,
    "code": "Nescafe Taster's Choice House Blend Instant Coffee",
    "desc": "Nescafe Taster's Choice House Blend Instant Coffee",
    "shortDesc": "Nescafe Taster's Choice House Blend Instant Coffee",
    "tags": [
      "Coffee"
    ],
    "categories": [
      {
        "code": "Breakfast & Dairy",
        "desc": "Breakfast & Dairy"
      }
    ],
    "subCategories": [
      {
        "code": "Tea & Coffee",
        "desc": "Tea & Coffee"
      }
    ],
    "brands": [
      {
        "code": "Nescafe",
        "desc": "Nescafe"
      }
    ],
    "price": {
      "basePrice": 4.09,
      "discountPrice": 4.09
    },
    "type": {
      "code": "Coffee",
      "desc": "Coffee"
    },
    "weight": "22 count",
    "UpcCode": "",
    "tax": 0.0,
    "spiceLevel": "",
    "aiselNo": "8",
    "store": "Market Basket",
    "weightType": "22 count",
    "imageName": "3401.jpg",
    "defaultImage": "3401.jpg",
    "updatedTimestamp": "Jan 23, 2021 8:02:30 PM",
    "createdTimestamp": "Jan 23, 2021 8:02:30 PM",
    "isNewlyAdded": false,
    "isActive": true,
    "isDealsEnabled": false,
    "quantity": 0
  },
  {
    "id": 182,
    "code": "Spic & Span Multi-Surface Cleaner Sun Fresh",
    "desc": "Spic & Span Multi-Surface Cleaner Sun Fresh",
    "shortDesc": "Spic & Span Multi-Surface Cleaner Sun Fresh",
    "tags": [
      "Other Cleaning Products"
    ],
    "categories": [
      {
        "code": "Kitchen & Cleaning",
        "desc": "Kitchen & Cleaning"
      }
    ],
    "subCategories": [
      {
        "code": "Cleaning Products",
        "desc": "Cleaning Products"
      }
    ],
    "brands": [
      {
        "code": "Sun",
        "desc": "Sun"
      }
    ],
    "price": {
      "basePrice": 3.29,
      "discountPrice": 3.29
    },
    "type": {
      "code": "Other Cleaning Products",
      "desc": "Other Cleaning Products"
    },
    "weight": "40 fl oz",
    "UpcCode": "",
    "tax": 1.0,
    "spiceLevel": "",
    "aiselNo": "15",
    "store": "Market Basket",
    "weightType": "40 fl oz",
    "imageName": "16816.jpg",
    "defaultImage": "16816.jpg",
    "updatedTimestamp": "Jan 23, 2021 8:02:30 PM",
    "createdTimestamp": "Jan 23, 2021 8:02:30 PM",
    "isNewlyAdded": false,
    "isActive": true,
    "isDealsEnabled": false,
    "quantity": 0
  },
  {
    "id": 116,
    "code": "Butler Gum Wire Bowl Brush",
    "desc": "Butler Gum Wire Bowl Brush",
    "shortDesc": "Butler Gum Wire Bowl Brush",
    "tags": [
      "Cleaning Brush"
    ],
    "categories": [
      {
        "code": "Kitchen & Cleaning",
        "desc": "Kitchen & Cleaning"
      }
    ],
    "subCategories": [
      {
        "code": "Cleaning Products",
        "desc": "Cleaning Products"
      }
    ],
    "brands": [
      {
        "code": "Butler Gum",
        "desc": "Butler Gum"
      }
    ],
    "price": {
      "basePrice": 3.49,
      "discountPrice": 3.49
    },
    "type": {
      "code": "Cleaning Brush",
      "desc": "Cleaning Brush"
    },
    "weight": "1 count",
    "UpcCode": "",
    "tax": 1.0,
    "spiceLevel": "",
    "aiselNo": "15",
    "store": "Market Basket",
    "weightType": "1 count",
    "imageName": "No Image.jpg",
    "defaultImage": "No Image.jpg",
    "updatedTimestamp": "Jan 23, 2021 8:02:30 PM",
    "createdTimestamp": "Jan 23, 2021 8:02:30 PM",
    "isNewlyAdded": false,
    "isActive": true,
    "isDealsEnabled": false,
    "quantity": 0
  },
  {
    "id": 14371,
    "code": "Folgers Coffee, Breakfast Blend, Mild, Ground, Roast Master Series, Tub",
    "desc": "Folgers Coffee, Breakfast Blend, Mild, Ground, Roast Master Series, Tub",
    "shortDesc": "Folgers Coffee, Breakfast Blend, Mild, Ground, Roast Master Series, Tub",
    "tags": [
      "Coffee"
    ],
    "categories": [
      {
        "code": "Breakfast & Dairy",
        "desc": "Breakfast & Dairy"
      }
    ],
    "subCategories": [
      {
        "code": "Tea & Coffee",
        "desc": "Tea & Coffee"
      }
    ],
    "brands": [
      {
        "code": "Folgers ",
        "desc": "Folgers "
      }
    ],
    "price": {
      "basePrice": 6.09,
      "discountPrice": 6.09
    },
    "type": {
      "code": "Coffee",
      "desc": "Coffee"
    },
    "weight": "10.8 oz",
    "UpcCode": "",
    "tax": 0.0,
    "spiceLevel": "",
    "aiselNo": "8",
    "store": "Market Basket",
    "weightType": "10.8 oz",
    "imageName": "3339.jpg",
    "defaultImage": "3339.jpg",
    "updatedTimestamp": "Jan 23, 2021 8:02:30 PM",
    "createdTimestamp": "Jan 23, 2021 8:02:30 PM",
    "isNewlyAdded": false,
    "isActive": true,
    "isDealsEnabled": false,
    "quantity": 0
  },
  {
    "id": 7001,
    "code": "Market Basket Mini Croissants",
    "desc": "Market Basket Mini Croissants",
    "shortDesc": "Market Basket Mini Croissants",
    "tags": [
      "Doughs, Gelatins & Bake Mixes"
    ],
    "categories": [
      {
        "code": "Cooking Needs",
        "desc": "Cooking Needs"
      }
    ],
    "subCategories": [
      {
        "code": "Baking & Cooking",
        "desc": "Baking & Cooking"
      }
    ],
    "brands": [
      {
        "code": "Market Basket",
        "desc": "Market Basket"
      }
    ],
    "price": {
      "basePrice": 4.39,
      "discountPrice": 4.39
    },
    "type": {
      "code": "Doughs, Gelatins & Bake Mixes",
      "desc": "Doughs, Gelatins & Bake Mixes"
    },
    "weight": "10 count",
    "UpcCode": "",
    "tax": 0.0,
    "spiceLevel": "",
    "aiselNo": "8",
    "store": "Market Basket",
    "weightType": "10 count",
    "imageName": "Market Basket.jpg",
    "defaultImage": "Market Basket.jpg",
    "updatedTimestamp": "Jan 23, 2021 8:02:30 PM",
    "createdTimestamp": "Jan 23, 2021 8:02:30 PM",
    "isNewlyAdded": false,
    "isActive": true,
    "isDealsEnabled": false,
    "quantity": 0
  },
  {
    "id": 14676,
    "code": "Vaseline Hand And Body Lotion Essential Healing",
    "desc": "Vaseline Hand And Body Lotion Essential Healing",
    "shortDesc": "Vaseline Hand And Body Lotion Essential Healing",
    "tags": [
      "Body Lotion"
    ],
    "categories": [
      {
        "code": "Personal Care",
        "desc": "Personal Care"
      }
    ],
    "subCategories": [
      {
        "code": "Body Wash, Soap & Hair Care",
        "desc": "Body Wash, Soap & Hair Care"
      }
    ],
    "brands": [
      {
        "code": "Vaseline",
        "desc": "Vaseline"
      }
    ],
    "price": {
      "basePrice": 5.62,
      "discountPrice": 5.62
    },
    "type": {
      "code": "Body Lotion",
      "desc": "Body Lotion"
    },
    "weight": "10 fl oz",
    "UpcCode": "",
    "tax": 1.0,
    "spiceLevel": "",
    "aiselNo": "13",
    "store": "Market Basket",
    "weightType": "10 fl oz",
    "imageName": "18140.jpg",
    "defaultImage": "18140.jpg",
    "updatedTimestamp": "Jan 23, 2021 8:02:30 PM",
    "createdTimestamp": "Jan 23, 2021 8:02:30 PM",
    "isNewlyAdded": false,
    "isActive": true,
    "isDealsEnabled": false,
    "quantity": 0
  },
  {
    "id": 7034,
    "code": "Royal Gelatin, Reduced Calorie, Sugar Free, Raspberry",
    "desc": "Royal Gelatin, Reduced Calorie, Sugar Free, Raspberry",
    "shortDesc": "Royal Gelatin, Reduced Calorie, Sugar Free, Raspberry",
    "tags": [
      "Doughs, Gelatins & Bake Mixes"
    ],
    "categories": [
      {
        "code": "Cooking Needs",
        "desc": "Cooking Needs"
      }
    ],
    "subCategories": [
      {
        "code": "Baking & Cooking",
        "desc": "Baking & Cooking"
      }
    ],
    "brands": [
      {
        "code": "Royal",
        "desc": "Royal"
      }
    ],
    "price": {
      "basePrice": 0.49,
      "discountPrice": 0.49
    },
    "type": {
      "code": "Doughs, Gelatins & Bake Mixes",
      "desc": "Doughs, Gelatins & Bake Mixes"
    },
    "weight": "0.32 oz",
    "UpcCode": "",
    "tax": 0.0,
    "spiceLevel": "",
    "aiselNo": "8",
    "store": "Market Basket",
    "weightType": "0.32 oz",
    "imageName": "2100.jpg",
    "defaultImage": "2100.jpg",
    "updatedTimestamp": "Jan 23, 2021 8:02:30 PM",
    "createdTimestamp": "Jan 23, 2021 8:02:30 PM",
    "isNewlyAdded": false,
    "isActive": true,
    "isDealsEnabled": false,
    "quantity": 0
  },
  {
    "id": 7887,
    "code": "Chunk light tuna",
    "desc": "Chunk light tuna",
    "shortDesc": "Chunk light tuna",
    "tags": [
      "Canned Meat & Seafood"
    ],
    "categories": [
      {
        "code": "Cooking Needs",
        "desc": "Cooking Needs"
      }
    ],
    "subCategories": [
      {
        "code": "Canned Food",
        "desc": "Canned Food"
      }
    ],
    "brands": [
      {
        "code": "StarKist",
        "desc": "StarKist"
      }
    ],
    "price": {
      "basePrice": 1.59,
      "discountPrice": 1.59
    },
    "type": {
      "code": "Canned Meat & Seafood",
      "desc": "Canned Meat & Seafood"
    },
    "weight": "5 oz",
    "UpcCode": "",
    "tax": 0.0,
    "spiceLevel": "",
    "aiselNo": "2",
    "store": "Market Basket",
    "weightType": "5 oz",
    "imageName": "No Image.jpg",
    "defaultImage": "No Image.jpg",
    "updatedTimestamp": "Jan 23, 2021 8:02:30 PM",
    "createdTimestamp": "Jan 23, 2021 8:02:30 PM",
    "isNewlyAdded": false,
    "isActive": true,
    "isDealsEnabled": false,
    "quantity": 0
  },
  {
    "id": 13362,
    "code": "La Fe Coco Cream",
    "desc": "La Fe Coco Cream",
    "shortDesc": "La Fe Coco Cream",
    "tags": [
      "Cream"
    ],
    "categories": [
      {
        "code": "Breakfast & Dairy",
        "desc": "Breakfast & Dairy"
      }
    ],
    "subCategories": [
      {
        "code": "Dairy & Eggs",
        "desc": "Dairy & Eggs"
      }
    ],
    "brands": [
      {
        "code": "La Fe",
        "desc": "La Fe"
      }
    ],
    "price": {
      "basePrice": 2.49,
      "discountPrice": 2.49
    },
    "type": {
      "code": "Cream",
      "desc": "Cream"
    },
    "weight": "12 fl oz",
    "UpcCode": "",
    "tax": 0.0,
    "spiceLevel": "",
    "aiselNo": "1",
    "store": "Market Basket",
    "weightType": "12 fl oz",
    "imageName": "14755.jpg",
    "defaultImage": "14755.jpg",
    "updatedTimestamp": "Jan 23, 2021 8:02:30 PM",
    "createdTimestamp": "Jan 23, 2021 8:02:30 PM",
    "isNewlyAdded": false,
    "isActive": true,
    "isDealsEnabled": false,
    "quantity": 0
  },
  {
    "id": 7836,
    "code": "Chicken of the Sea Pink Salmon Skinless & Boneless",
    "desc": "Chicken of the Sea Pink Salmon Skinless & Boneless",
    "shortDesc": "Chicken of the Sea Pink Salmon Skinless & Boneless",
    "tags": [
      "Canned Meat & Seafood"
    ],
    "categories": [
      {
        "code": "Cooking Needs",
        "desc": "Cooking Needs"
      }
    ],
    "subCategories": [
      {
        "code": "Canned Food",
        "desc": "Canned Food"
      }
    ],
    "brands": [
      {
        "code": "Chicken of the Sea",
        "desc": "Chicken of the Sea"
      }
    ],
    "price": {
      "basePrice": 2.49,
      "discountPrice": 2.49
    },
    "type": {
      "code": "Canned Meat & Seafood",
      "desc": "Canned Meat & Seafood"
    },
    "weight": "5 oz",
    "UpcCode": "",
    "tax": 0.0,
    "spiceLevel": "",
    "aiselNo": "2",
    "store": "Market Basket",
    "weightType": "5 oz",
    "imageName": "5215.jpg",
    "defaultImage": "5215.jpg",
    "updatedTimestamp": "Jan 23, 2021 8:02:30 PM",
    "createdTimestamp": "Jan 23, 2021 8:02:30 PM",
    "isNewlyAdded": false,
    "isActive": true,
    "isDealsEnabled": false,
    "quantity": 0
  },
  {
    "id": 15055,
    "code": "Speed Stick by Mennen Regular Deodorant",
    "desc": "Speed Stick by Mennen Regular Deodorant",
    "shortDesc": "Speed Stick by Mennen Regular Deodorant",
    "tags": [
      "Deodorants"
    ],
    "categories": [
      {
        "code": "Personal Care",
        "desc": "Personal Care"
      }
    ],
    "subCategories": [
      {
        "code": "Personal Needs",
        "desc": "Personal Needs"
      }
    ],
    "brands": [
      {
        "code": "Speed Stick",
        "desc": "Speed Stick"
      }
    ],
    "price": {
      "basePrice": 2.86,
      "discountPrice": 2.86
    },
    "type": {
      "code": "Deodorants",
      "desc": "Deodorants"
    },
    "weight": "2 oz",
    "UpcCode": "",
    "tax": 1.0,
    "spiceLevel": "",
    "aiselNo": "13",
    "store": "Market Basket",
    "weightType": "2 oz",
    "imageName": "6311.jpg",
    "defaultImage": "6311.jpg",
    "updatedTimestamp": "Jan 23, 2021 8:02:30 PM",
    "createdTimestamp": "Jan 23, 2021 8:02:30 PM",
    "isNewlyAdded": false,
    "isActive": true,
    "isDealsEnabled": false,
    "quantity": 0
  },
  {
    "id": 6193,
    "code": "Sierra Mist Flavored Soda Lemon Lime Caffeine Free",
    "desc": "Sierra Mist Flavored Soda Lemon Lime Caffeine Free",
    "shortDesc": "Sierra Mist Flavored Soda Lemon Lime Caffeine Free",
    "tags": [
      "Soft Drinks"
    ],
    "categories": [
      {
        "code": "Beverages & Juices",
        "desc": "Beverages & Juices"
      }
    ],
    "subCategories": [
      {
        "code": "Soft Drinks & Seltzers",
        "desc": "Soft Drinks & Seltzers"
      }
    ],
    "brands": [
      {
        "code": "Sierra Mist",
        "desc": "Sierra Mist"
      }
    ],
    "price": {
      "basePrice": 5.63,
      "discountPrice": 5.63
    },
    "type": {
      "code": "Soft Drinks",
      "desc": "Soft Drinks"
    },
    "weight": "12 x 12 fl oz",
    "UpcCode": "",
    "tax": 0.0,
    "spiceLevel": "",
    "aiselNo": "17",
    "store": "Market Basket",
    "weightType": "12 x 12 fl oz",
    "imageName": "16639.jpg",
    "defaultImage": "16639.jpg",
    "updatedTimestamp": "Jan 23, 2021 8:02:30 PM",
    "createdTimestamp": "Jan 23, 2021 8:02:30 PM",
    "isNewlyAdded": false,
    "isActive": true,
    "isDealsEnabled": false,
    "quantity": 0
  },
  {
    "id": 6141,
    "code": "Market Basket Diet Orange Soda",
    "desc": "Market Basket Diet Orange Soda",
    "shortDesc": "Market Basket Diet Orange Soda",
    "tags": [
      "Soft Drinks"
    ],
    "categories": [
      {
        "code": "Beverages & Juices",
        "desc": "Beverages & Juices"
      }
    ],
    "subCategories": [
      {
        "code": "Soft Drinks & Seltzers",
        "desc": "Soft Drinks & Seltzers"
      }
    ],
    "brands": [
      {
        "code": "Market Basket",
        "desc": "Market Basket"
      }
    ],
    "price": {
      "basePrice": 0.63,
      "discountPrice": 0.63
    },
    "type": {
      "code": "Soft Drinks",
      "desc": "Soft Drinks"
    },
    "weight": "20 fl oz",
    "UpcCode": "",
    "tax": 0.0,
    "spiceLevel": "",
    "aiselNo": "17",
    "store": "Market Basket",
    "weightType": "20 fl oz",
    "imageName": "Market Basket.jpg",
    "defaultImage": "Market Basket.jpg",
    "updatedTimestamp": "Jan 23, 2021 8:02:30 PM",
    "createdTimestamp": "Jan 23, 2021 8:02:30 PM",
    "isNewlyAdded": false,
    "isActive": true,
    "isDealsEnabled": false,
    "quantity": 0
  },
  {
    "id": 7751,
    "code": "Goya Navy Beans",
    "desc": "Goya Navy Beans",
    "shortDesc": "Goya Navy Beans",
    "tags": [
      "Canned Meals & Beans"
    ],
    "categories": [
      {
        "code": "Cooking Needs",
        "desc": "Cooking Needs"
      }
    ],
    "subCategories": [
      {
        "code": "Canned Food",
        "desc": "Canned Food"
      }
    ],
    "brands": [
      {
        "code": "Goya",
        "desc": "Goya"
      }
    ],
    "price": {
      "basePrice": 0.99,
      "discountPrice": 0.99
    },
    "type": {
      "code": "Canned Meals & Beans",
      "desc": "Canned Meals & Beans"
    },
    "weight": "15.5 oz",
    "UpcCode": "",
    "tax": 0.0,
    "spiceLevel": "",
    "aiselNo": "7",
    "store": "Market Basket",
    "weightType": "15.5 oz",
    "imageName": "5109.jpg",
    "defaultImage": "5109.jpg",
    "updatedTimestamp": "Jan 23, 2021 8:02:30 PM",
    "createdTimestamp": "Jan 23, 2021 8:02:30 PM",
    "isNewlyAdded": false,
    "isActive": true,
    "isDealsEnabled": false,
    "quantity": 0
  },
  {
    "id": 3847,
    "code": "Fennel Bulb",
    "desc": "Fennel Bulb",
    "shortDesc": "Fennel Bulb",
    "tags": [
      "Fennel Powder/Seeds/Lucknowi"
    ],
    "categories": [
      {
        "code": "Fresh Produce",
        "desc": "Fresh Produce"
      }
    ],
    "subCategories": [
      {
        "code": "Fresh Vegetables",
        "desc": "Fresh Vegetables"
      }
    ],
    "brands": [
      {
        "code": "Market Basket",
        "desc": "Market Basket"
      }
    ],
    "price": {
      "basePrice": 2.86,
      "discountPrice": 2.86
    },
    "type": {
      "code": "Fennel Powder/Seeds/Lucknowi",
      "desc": "Fennel Powder/Seeds/Lucknowi"
    },
    "weight": "1 count",
    "UpcCode": "",
    "tax": 0.0,
    "spiceLevel": "",
    "aiselNo": "20",
    "store": "Market Basket",
    "weightType": "1 count",
    "imageName": "14393.jpg",
    "defaultImage": "14393.jpg",
    "updatedTimestamp": "Jan 23, 2021 8:02:30 PM",
    "createdTimestamp": "Jan 23, 2021 8:02:30 PM",
    "isNewlyAdded": false,
    "isActive": true,
    "isDealsEnabled": false,
    "quantity": 0
  },
  {
    "id": 14889,
    "code": "Market Basket Sensitive Maxi Pads Regular",
    "desc": "Market Basket Sensitive Maxi Pads Regular",
    "shortDesc": "Market Basket Sensitive Maxi Pads Regular",
    "tags": [
      "Menstrual Pads"
    ],
    "categories": [
      {
        "code": "Personal Care",
        "desc": "Personal Care"
      }
    ],
    "subCategories": [
      {
        "code": "Feminine Care",
        "desc": "Feminine Care"
      }
    ],
    "brands": [
      {
        "code": "Market Basket",
        "desc": "Market Basket"
      }
    ],
    "price": {
      "basePrice": 3.21,
      "discountPrice": 3.21
    },
    "type": {
      "code": "Menstrual Pads",
      "desc": "Menstrual Pads"
    },
    "weight": "24 count",
    "UpcCode": "",
    "tax": 1.0,
    "spiceLevel": "",
    "aiselNo": "13",
    "store": "Market Basket",
    "weightType": "24 count",
    "imageName": "Market Basket.jpg",
    "defaultImage": "Market Basket.jpg",
    "updatedTimestamp": "Jan 23, 2021 8:02:30 PM",
    "createdTimestamp": "Jan 23, 2021 8:02:30 PM",
    "isNewlyAdded": false,
    "isActive": true,
    "isDealsEnabled": false,
    "quantity": 0
  },
  {
    "id": 14794,
    "code": "Suave Shampoo Deep Moisture",
    "desc": "Suave Shampoo Deep Moisture",
    "shortDesc": "Suave Shampoo Deep Moisture",
    "tags": [
      "Hair Care"
    ],
    "categories": [
      {
        "code": "Personal Care",
        "desc": "Personal Care"
      }
    ],
    "subCategories": [
      {
        "code": "Body Wash, Soap & Hair Care",
        "desc": "Body Wash, Soap & Hair Care"
      }
    ],
    "brands": [
      {
        "code": "Suave",
        "desc": "Suave"
      }
    ],
    "price": {
      "basePrice": 2.86,
      "discountPrice": 2.86
    },
    "type": {
      "code": "Hair Care",
      "desc": "Hair Care"
    },
    "weight": "12.6 oz",
    "UpcCode": "",
    "tax": 1.0,
    "spiceLevel": "",
    "aiselNo": "13",
    "store": "Market Basket",
    "weightType": "12.6 oz",
    "imageName": "6561.jpg",
    "defaultImage": "6561.jpg",
    "updatedTimestamp": "Jan 23, 2021 8:02:30 PM",
    "createdTimestamp": "Jan 23, 2021 8:02:30 PM",
    "isNewlyAdded": false,
    "isActive": true,
    "isDealsEnabled": false,
    "quantity": 0
  },
  {
    "id": 100,
    "code": "Lysol Power Foam Bathroom Cleaner Soap Scum & Shine",
    "desc": "Lysol Power Foam Bathroom Cleaner Soap Scum & Shine",
    "shortDesc": "Lysol Power Foam Bathroom Cleaner Soap Scum & Shine",
    "tags": [
      "Bathroom Cleaner"
    ],
    "categories": [
      {
        "code": "Kitchen & Cleaning",
        "desc": "Kitchen & Cleaning"
      }
    ],
    "subCategories": [
      {
        "code": "Cleaning Products",
        "desc": "Cleaning Products"
      }
    ],
    "brands": [
      {
        "code": "Lysol",
        "desc": "Lysol"
      }
    ],
    "price": {
      "basePrice": 3.09,
      "discountPrice": 3.09
    },
    "type": {
      "code": "Bathroom Cleaner",
      "desc": "Bathroom Cleaner"
    },
    "weight": "24 oz",
    "UpcCode": "",
    "tax": 1.0,
    "spiceLevel": "",
    "aiselNo": "15",
    "store": "Market Basket",
    "weightType": "24 oz",
    "imageName": "4258.jpg",
    "defaultImage": "4258.jpg",
    "updatedTimestamp": "Jan 23, 2021 8:02:30 PM",
    "createdTimestamp": "Jan 23, 2021 8:02:30 PM",
    "isNewlyAdded": false,
    "isActive": true,
    "isDealsEnabled": false,
    "quantity": 0
  },
  {
    "id": 9369,
    "code": "4C Drink Mix Fruit Punch",
    "desc": "4C Drink Mix Fruit Punch",
    "shortDesc": "4C Drink Mix Fruit Punch",
    "tags": [
      "Frozen Juice"
    ],
    "categories": [
      {
        "code": "Frozen Food",
        "desc": "Frozen Food"
      }
    ],
    "subCategories": [
      {
        "code": "Frozen Fruit & Juice",
        "desc": "Frozen Fruit & Juice"
      }
    ],
    "brands": [
      {
        "code": "4C",
        "desc": "4C"
      }
    ],
    "price": {
      "basePrice": 6.09,
      "discountPrice": 6.09
    },
    "type": {
      "code": "Frozen Juice",
      "desc": "Frozen Juice"
    },
    "weight": "63 oz",
    "UpcCode": "",
    "tax": 0.0,
    "spiceLevel": "",
    "aiselNo": "21",
    "store": "Market Basket",
    "weightType": "63 oz",
    "imageName": "2948.jpg",
    "defaultImage": "2948.jpg",
    "updatedTimestamp": "Jan 23, 2021 8:02:30 PM",
    "createdTimestamp": "Jan 23, 2021 8:02:30 PM",
    "isNewlyAdded": false,
    "isActive": true,
    "isDealsEnabled": false,
    "quantity": 0
  },
  {
    "id": 5136,
    "code": "Pepperidge Farm Verona Blueberry",
    "desc": "Pepperidge Farm Verona Blueberry",
    "shortDesc": "Pepperidge Farm Verona Blueberry",
    "tags": [
      "Cookies & Cakes"
    ],
    "categories": [
      {
        "code": "Chips, Cookies & Snacks",
        "desc": "Chips, Cookies & Snacks"
      }
    ],
    "subCategories": [
      {
        "code": "Cookies & Crackers",
        "desc": "Cookies & Crackers"
      }
    ],
    "brands": [
      {
        "code": "Pepperidge Farm",
        "desc": "Pepperidge Farm"
      }
    ],
    "price": {
      "basePrice": 4.69,
      "discountPrice": 4.69
    },
    "type": {
      "code": "Cookies & Cakes",
      "desc": "Cookies & Cakes"
    },
    "weight": "6.75 oz",
    "UpcCode": "",
    "tax": 0.0,
    "spiceLevel": "",
    "aiselNo": "6",
    "store": "Market Basket",
    "weightType": "6.75 oz",
    "imageName": "No Image.jpg",
    "defaultImage": "No Image.jpg",
    "updatedTimestamp": "Jan 23, 2021 8:02:30 PM",
    "createdTimestamp": "Jan 23, 2021 8:02:30 PM",
    "isNewlyAdded": false,
    "isActive": true,
    "isDealsEnabled": false,
    "quantity": 0
  },
  {
    "id": 8037,
    "code": "Lipton Soup And Dip Mix Vegetable",
    "desc": "Lipton Soup And Dip Mix Vegetable",
    "shortDesc": "Lipton Soup And Dip Mix Vegetable",
    "tags": [
      "Soup, Broth & Bouillon"
    ],
    "categories": [
      {
        "code": "Cooking Needs",
        "desc": "Cooking Needs"
      }
    ],
    "subCategories": [
      {
        "code": "Canned Food",
        "desc": "Canned Food"
      }
    ],
    "brands": [
      {
        "code": "Lipton",
        "desc": "Lipton"
      }
    ],
    "price": {
      "basePrice": 1.89,
      "discountPrice": 1.89
    },
    "type": {
      "code": "Soup, Broth & Bouillon",
      "desc": "Soup, Broth & Bouillon"
    },
    "weight": "1.8 oz",
    "UpcCode": "",
    "tax": 0.0,
    "spiceLevel": "",
    "aiselNo": "2",
    "store": "Market Basket",
    "weightType": "1.8 oz",
    "imageName": "17258.jpg",
    "defaultImage": "17258.jpg",
    "updatedTimestamp": "Jan 23, 2021 8:02:30 PM",
    "createdTimestamp": "Jan 23, 2021 8:02:30 PM",
    "isNewlyAdded": false,
    "isActive": true,
    "isDealsEnabled": false,
    "quantity": 0
  },
  {
    "id": 5062,
    "code": "Keebler Sandies Shortbread Classic",
    "desc": "Keebler Sandies Shortbread Classic",
    "shortDesc": "Keebler Sandies Shortbread Classic",
    "tags": [
      "Cookies & Cakes"
    ],
    "categories": [
      {
        "code": "Chips, Cookies & Snacks",
        "desc": "Chips, Cookies & Snacks"
      }
    ],
    "subCategories": [
      {
        "code": "Cookies & Crackers",
        "desc": "Cookies & Crackers"
      }
    ],
    "brands": [
      {
        "code": "Keebler",
        "desc": "Keebler"
      }
    ],
    "price": {
      "basePrice": 3.91,
      "discountPrice": 3.91
    },
    "type": {
      "code": "Cookies & Cakes",
      "desc": "Cookies & Cakes"
    },
    "weight": "11.2 oz",
    "UpcCode": "",
    "tax": 0.0,
    "spiceLevel": "",
    "aiselNo": "6",
    "store": "Market Basket",
    "weightType": "11.2 oz",
    "imageName": "No Image.jpg",
    "defaultImage": "No Image.jpg",
    "updatedTimestamp": "Jan 23, 2021 8:02:30 PM",
    "createdTimestamp": "Jan 23, 2021 8:02:30 PM",
    "isNewlyAdded": false,
    "isActive": true,
    "isDealsEnabled": false,
    "quantity": 0
  },
  {
    "id": 6521,
    "code": "Sunmaid California Golden Raisins",
    "desc": "Sunmaid California Golden Raisins",
    "shortDesc": "Sunmaid California Golden Raisins",
    "tags": [
      "Nuts, Seeds & Dried Fruit"
    ],
    "categories": [
      {
        "code": "Chips, Cookies & Snacks",
        "desc": "Chips, Cookies & Snacks"
      }
    ],
    "subCategories": [
      {
        "code": "Nuts, Seeds & Dried Fruit",
        "desc": "Nuts, Seeds & Dried Fruit"
      }
    ],
    "brands": [
      {
        "code": "Sunmaid",
        "desc": "Sunmaid"
      }
    ],
    "price": {
      "basePrice": 4.36,
      "discountPrice": 4.36
    },
    "type": {
      "code": "Nuts, Seeds & Dried Fruit",
      "desc": "Nuts, Seeds & Dried Fruit"
    },
    "weight": "15 oz",
    "UpcCode": "",
    "tax": 0.0,
    "spiceLevel": "",
    "aiselNo": "6",
    "store": "Market Basket",
    "weightType": "15 oz",
    "imageName": "No Image.jpg",
    "defaultImage": "No Image.jpg",
    "updatedTimestamp": "Jan 23, 2021 8:02:30 PM",
    "createdTimestamp": "Jan 23, 2021 8:02:30 PM",
    "isNewlyAdded": false,
    "isActive": true,
    "isDealsEnabled": false,
    "quantity": 0
  },
  {
    "id": 9144,
    "code": "Market Basket French Fries",
    "desc": "Market Basket French Fries",
    "shortDesc": "Market Basket French Fries",
    "tags": [
      "Frozen Appetizers & Sides"
    ],
    "categories": [
      {
        "code": "Frozen Food",
        "desc": "Frozen Food"
      }
    ],
    "subCategories": [
      {
        "code": "Frozen Dinners & Entrees",
        "desc": "Frozen Dinners & Entrees"
      }
    ],
    "brands": [
      {
        "code": "Market Basket",
        "desc": "Market Basket"
      }
    ],
    "price": {
      "basePrice": 1.89,
      "discountPrice": 1.89
    },
    "type": {
      "code": "Frozen Appetizers & Sides",
      "desc": "Frozen Appetizers & Sides"
    },
    "weight": "33 oz",
    "UpcCode": "",
    "tax": 0.0,
    "spiceLevel": "",
    "aiselNo": "18",
    "store": "Market Basket",
    "weightType": "33 oz",
    "imageName": "Market Basket.jpg",
    "defaultImage": "Market Basket.jpg",
    "updatedTimestamp": "Jan 23, 2021 8:02:30 PM",
    "createdTimestamp": "Jan 23, 2021 8:02:30 PM",
    "isNewlyAdded": false,
    "isActive": true,
    "isDealsEnabled": false,
    "quantity": 0
  },
  {
    "id": 14644,
    "code": "Twinings of London Green Tea Bags",
    "desc": "Twinings of London Green Tea Bags",
    "shortDesc": "Twinings of London Green Tea Bags",
    "tags": [
      "Tea"
    ],
    "categories": [
      {
        "code": "Breakfast & Dairy",
        "desc": "Breakfast & Dairy"
      }
    ],
    "subCategories": [
      {
        "code": "Tea & Coffee",
        "desc": "Tea & Coffee"
      }
    ],
    "brands": [
      {
        "code": "Twinings",
        "desc": "Twinings"
      }
    ],
    "price": {
      "basePrice": 3.69,
      "discountPrice": 3.69
    },
    "type": {
      "code": "Tea",
      "desc": "Tea"
    },
    "weight": "20 count",
    "UpcCode": "",
    "tax": 0.0,
    "spiceLevel": "",
    "aiselNo": "8",
    "store": "Market Basket",
    "weightType": "20 count",
    "imageName": "3449.jpg",
    "defaultImage": "3449.jpg",
    "updatedTimestamp": "Jan 23, 2021 8:02:30 PM",
    "createdTimestamp": "Jan 23, 2021 8:02:30 PM",
    "isNewlyAdded": false,
    "isActive": true,
    "isDealsEnabled": false,
    "quantity": 0
  },
  {
    "id": 3926,
    "code": "Ajicito Peppers Pack",
    "desc": "Ajicito Peppers Pack",
    "shortDesc": "Ajicito Peppers Pack",
    "tags": [
      "Pepper"
    ],
    "categories": [
      {
        "code": "Fresh Produce",
        "desc": "Fresh Produce"
      }
    ],
    "subCategories": [
      {
        "code": "Fresh Vegetables",
        "desc": "Fresh Vegetables"
      }
    ],
    "brands": [
      {
        "code": "Market Basket",
        "desc": "Market Basket"
      }
    ],
    "price": {
      "basePrice": 5.62,
      "discountPrice": 5.62
    },
    "type": {
      "code": "Pepper",
      "desc": "Pepper"
    },
    "weight": "1 lb",
    "UpcCode": "",
    "tax": 0.0,
    "spiceLevel": "",
    "aiselNo": "20",
    "store": "Market Basket",
    "weightType": "1 lb",
    "imageName": "FP66.jpg",
    "defaultImage": "FP66.jpg",
    "updatedTimestamp": "Jan 23, 2021 8:02:30 PM",
    "createdTimestamp": "Jan 23, 2021 8:02:30 PM",
    "isNewlyAdded": false,
    "isActive": true,
    "isDealsEnabled": false,
    "quantity": 0
  },
  {
    "id": 6891,
    "code": "Market Basket Shredded Coconut",
    "desc": "Market Basket Shredded Coconut",
    "shortDesc": "Market Basket Shredded Coconut",
    "tags": [
      "Baking Ingredients"
    ],
    "categories": [
      {
        "code": "Cooking Needs",
        "desc": "Cooking Needs"
      }
    ],
    "subCategories": [
      {
        "code": "Baking & Cooking",
        "desc": "Baking & Cooking"
      }
    ],
    "brands": [
      {
        "code": "Market Basket",
        "desc": "Market Basket"
      }
    ],
    "price": {
      "basePrice": 2.39,
      "discountPrice": 2.39
    },
    "type": {
      "code": "Baking Ingredients",
      "desc": "Baking Ingredients"
    },
    "weight": "14 oz",
    "UpcCode": "",
    "tax": 0.0,
    "spiceLevel": "",
    "aiselNo": "8",
    "store": "Market Basket",
    "weightType": "14 oz",
    "imageName": "Market Basket.jpg",
    "defaultImage": "Market Basket.jpg",
    "updatedTimestamp": "Jan 23, 2021 8:02:30 PM",
    "createdTimestamp": "Jan 23, 2021 8:02:30 PM",
    "isNewlyAdded": false,
    "isActive": true,
    "isDealsEnabled": false,
    "quantity": 0
  },
  {
    "id": 10032,
    "code": "Friendly's Fudgealicious Fudge Bars",
    "desc": "Friendly's Fudgealicious Fudge Bars",
    "shortDesc": "Friendly's Fudgealicious Fudge Bars",
    "tags": [
      "Ice Cream & Ice"
    ],
    "categories": [
      {
        "code": "Frozen Food",
        "desc": "Frozen Food"
      }
    ],
    "subCategories": [
      {
        "code": "Ice Cream & Ice",
        "desc": "Ice Cream & Ice"
      }
    ],
    "brands": [
      {
        "code": "Friendly's",
        "desc": "Friendly's"
      }
    ],
    "price": {
      "basePrice": 3.09,
      "discountPrice": 3.09
    },
    "type": {
      "code": "Ice Cream & Ice",
      "desc": "Ice Cream & Ice"
    },
    "weight": "6 x 2.75 fl oz",
    "UpcCode": "",
    "tax": 0.0,
    "spiceLevel": "",
    "aiselNo": "21",
    "store": "Market Basket",
    "weightType": "6 x 2.75 fl oz",
    "imageName": "3053.jpg",
    "defaultImage": "3053.jpg",
    "updatedTimestamp": "Jan 23, 2021 8:02:30 PM",
    "createdTimestamp": "Jan 23, 2021 8:02:30 PM",
    "isNewlyAdded": false,
    "isActive": true,
    "isDealsEnabled": false,
    "quantity": 0
  },
  {
    "id": 4624,
    "code": "Spam Classic Canned Meat",
    "desc": "Spam Classic Canned Meat",
    "shortDesc": "Spam Classic Canned Meat",
    "tags": [
      "Other Meat"
    ],
    "categories": [
      {
        "code": "Meat & Seafood",
        "desc": "Meat & Seafood"
      }
    ],
    "subCategories": [
      {
        "code": "Canned Meat & Seafood",
        "desc": "Canned Meat & Seafood"
      }
    ],
    "brands": [
      {
        "code": "Spam",
        "desc": "Spam"
      }
    ],
    "price": {
      "basePrice": 3.19,
      "discountPrice": 3.19
    },
    "type": {
      "code": "Other Meat",
      "desc": "Other Meat"
    },
    "weight": "340 g",
    "UpcCode": "",
    "tax": 0.0,
    "spiceLevel": "",
    "aiselNo": "2",
    "store": "Market Basket",
    "weightType": "340 g",
    "imageName": "17147.jpg",
    "defaultImage": "17147.jpg",
    "updatedTimestamp": "Jan 23, 2021 8:02:30 PM",
    "createdTimestamp": "Jan 23, 2021 8:02:30 PM",
    "isNewlyAdded": false,
    "isActive": true,
    "isDealsEnabled": false,
    "quantity": 0
  },
  {
    "id": 10104,
    "code": "Hood Ice Cream Vanilla Bean",
    "desc": "Hood Ice Cream Vanilla Bean",
    "shortDesc": "Hood Ice Cream Vanilla Bean",
    "tags": [
      "Ice Cream & Ice"
    ],
    "categories": [
      {
        "code": "Frozen Food",
        "desc": "Frozen Food"
      }
    ],
    "subCategories": [
      {
        "code": "Ice Cream & Ice",
        "desc": "Ice Cream & Ice"
      }
    ],
    "brands": [
      {
        "code": "Hood",
        "desc": "Hood"
      }
    ],
    "price": {
      "basePrice": 3.69,
      "discountPrice": 3.69
    },
    "type": {
      "code": "Ice Cream & Ice",
      "desc": "Ice Cream & Ice"
    },
    "weight": "1.5 quart",
    "UpcCode": "",
    "tax": 0.0,
    "spiceLevel": "",
    "aiselNo": "21",
    "store": "Market Basket",
    "weightType": "1.5 quart",
    "imageName": "3097.jpg",
    "defaultImage": "3097.jpg",
    "updatedTimestamp": "Jan 23, 2021 8:02:30 PM",
    "createdTimestamp": "Jan 23, 2021 8:02:30 PM",
    "isNewlyAdded": false,
    "isActive": true,
    "isDealsEnabled": false,
    "quantity": 0
  },
  {
    "id": 14451,
    "code": "Peet's Coffee Big Bang Medium Roast Ground Coffee",
    "desc": "Peet's Coffee Big Bang Medium Roast Ground Coffee",
    "shortDesc": "Peet's Coffee Big Bang Medium Roast Ground Coffee",
    "tags": [
      "Coffee"
    ],
    "categories": [
      {
        "code": "Breakfast & Dairy",
        "desc": "Breakfast & Dairy"
      }
    ],
    "subCategories": [
      {
        "code": "Tea & Coffee",
        "desc": "Tea & Coffee"
      }
    ],
    "brands": [
      {
        "code": "Peet's Coffee",
        "desc": "Peet's Coffee"
      }
    ],
    "price": {
      "basePrice": 15.89,
      "discountPrice": 15.89
    },
    "type": {
      "code": "Coffee",
      "desc": "Coffee"
    },
    "weight": "20 oz",
    "UpcCode": "",
    "tax": 0.0,
    "spiceLevel": "",
    "aiselNo": "8",
    "store": "Market Basket",
    "weightType": "20 oz",
    "imageName": "3329.jpg",
    "defaultImage": "3329.jpg",
    "updatedTimestamp": "Jan 23, 2021 8:02:30 PM",
    "createdTimestamp": "Jan 23, 2021 8:02:30 PM",
    "isNewlyAdded": false,
    "isActive": true,
    "isDealsEnabled": false,
    "quantity": 0
  },
  {
    "id": 13949,
    "code": "Market B Asiago Cheese",
    "desc": "Market B Asiago Cheese",
    "shortDesc": "Market B Asiago Cheese",
    "tags": [
      "Specialty Cheeses"
    ],
    "categories": [
      {
        "code": "Breakfast & Dairy",
        "desc": "Breakfast & Dairy"
      }
    ],
    "subCategories": [
      {
        "code": "Dairy & Eggs",
        "desc": "Dairy & Eggs"
      }
    ],
    "brands": [
      {
        "code": "Market Basket",
        "desc": "Market Basket"
      }
    ],
    "price": {
      "basePrice": 8.59,
      "discountPrice": 8.59
    },
    "type": {
      "code": "Specialty Cheeses",
      "desc": "Specialty Cheeses"
    },
    "weight": "1 lb",
    "UpcCode": "",
    "tax": 0.0,
    "spiceLevel": "",
    "aiselNo": "1",
    "store": "Market Basket",
    "weightType": "1 lb",
    "imageName": "Market Basket.jpg",
    "defaultImage": "Market Basket.jpg",
    "updatedTimestamp": "Jan 23, 2021 8:02:30 PM",
    "createdTimestamp": "Jan 23, 2021 8:02:30 PM",
    "isNewlyAdded": false,
    "isActive": true,
    "isDealsEnabled": false,
    "quantity": 0
  },
  {
    "id": 7066,
    "code": "Carapelli Extra Virgin Olive Oil",
    "desc": "Carapelli Extra Virgin Olive Oil",
    "shortDesc": "Carapelli Extra Virgin Olive Oil",
    "tags": [
      "Oils & Vinegars"
    ],
    "categories": [
      {
        "code": "Cooking Needs",
        "desc": "Cooking Needs"
      }
    ],
    "subCategories": [
      {
        "code": "Oils & Vinegars",
        "desc": "Oils & Vinegars"
      }
    ],
    "brands": [
      {
        "code": "Carapelli",
        "desc": "Carapelli"
      }
    ],
    "price": {
      "basePrice": 7.39,
      "discountPrice": 7.39
    },
    "type": {
      "code": "Oils & Vinegars",
      "desc": "Oils & Vinegars"
    },
    "weight": "17 fl oz",
    "UpcCode": "",
    "tax": 0.0,
    "spiceLevel": "",
    "aiselNo": "2",
    "store": "Market Basket",
    "weightType": "17 fl oz",
    "imageName": "15512.jpg",
    "defaultImage": "15512.jpg",
    "updatedTimestamp": "Jan 23, 2021 8:02:30 PM",
    "createdTimestamp": "Jan 23, 2021 8:02:30 PM",
    "isNewlyAdded": false,
    "isActive": true,
    "isDealsEnabled": false,
    "quantity": 0
  },
  {
    "id": 3497,
    "code": "Orgainc Green Cabbage",
    "desc": "Orgainc Green Cabbage",
    "shortDesc": "Orgainc Green Cabbage",
    "tags": [
      "Cabbage"
    ],
    "categories": [
      {
        "code": "Fresh Produce",
        "desc": "Fresh Produce"
      }
    ],
    "subCategories": [
      {
        "code": "Fresh Organic Vegetables",
        "desc": "Fresh Organic Vegetables"
      }
    ],
    "brands": [
      {
        "code": "Market Basket",
        "desc": "Market Basket"
      }
    ],
    "price": {
      "basePrice": 2.19,
      "discountPrice": 2.19
    },
    "type": {
      "code": "Cabbage",
      "desc": "Cabbage"
    },
    "weight": "1 lb",
    "UpcCode": "",
    "tax": 0.0,
    "spiceLevel": "",
    "aiselNo": "20",
    "store": "Market Basket",
    "weightType": "1 lb",
    "imageName": "f98.jpg",
    "defaultImage": "f98.jpg",
    "updatedTimestamp": "Jan 23, 2021 8:02:30 PM",
    "createdTimestamp": "Jan 23, 2021 8:02:30 PM",
    "isNewlyAdded": false,
    "isActive": true,
    "isDealsEnabled": false,
    "quantity": 0
  },
  {
    "id": 3752,
    "code": "Gourmet Gardena, Lemongrass Stir-In Paste",
    "desc": "Gourmet Gardena, Lemongrass Stir-In Paste",
    "shortDesc": "Gourmet Gardena, Lemongrass Stir-In Paste",
    "tags": [
      "Lemongrass"
    ],
    "categories": [
      {
        "code": "Fresh Produce",
        "desc": "Fresh Produce"
      }
    ],
    "subCategories": [
      {
        "code": "Fresh Herbs",
        "desc": "Fresh Herbs"
      }
    ],
    "brands": [
      {
        "code": "Gourmet Garden",
        "desc": "Gourmet Garden"
      }
    ],
    "price": {
      "basePrice": 4.93,
      "discountPrice": 4.93
    },
    "type": {
      "code": "Lemongrass",
      "desc": "Lemongrass"
    },
    "weight": "4 oz",
    "UpcCode": "",
    "tax": 0.0,
    "spiceLevel": "",
    "aiselNo": "20",
    "store": "Market Basket",
    "weightType": "4 oz",
    "imageName": "99.jpg",
    "defaultImage": "99.jpg",
    "updatedTimestamp": "Jan 23, 2021 8:02:30 PM",
    "createdTimestamp": "Jan 23, 2021 8:02:30 PM",
    "isNewlyAdded": false,
    "isActive": true,
    "isDealsEnabled": false,
    "quantity": 0
  },
  {
    "id": 14816,
    "code": "White Rain Apple Blossom Moisturizing Shampoo",
    "desc": "White Rain Apple Blossom Moisturizing Shampoo",
    "shortDesc": "White Rain Apple Blossom Moisturizing Shampoo",
    "tags": [
      "Hair Care"
    ],
    "categories": [
      {
        "code": "Personal Care",
        "desc": "Personal Care"
      }
    ],
    "subCategories": [
      {
        "code": "Body Wash, Soap & Hair Care",
        "desc": "Body Wash, Soap & Hair Care"
      }
    ],
    "brands": [
      {
        "code": "White Rain",
        "desc": "White Rain"
      }
    ],
    "price": {
      "basePrice": 1.48,
      "discountPrice": 1.48
    },
    "type": {
      "code": "Hair Care",
      "desc": "Hair Care"
    },
    "weight": "15 fl oz",
    "UpcCode": "",
    "tax": 1.0,
    "spiceLevel": "",
    "aiselNo": "13",
    "store": "Market Basket",
    "weightType": "15 fl oz",
    "imageName": "6602.jpg",
    "defaultImage": "6602.jpg",
    "updatedTimestamp": "Jan 23, 2021 8:02:30 PM",
    "createdTimestamp": "Jan 23, 2021 8:02:30 PM",
    "isNewlyAdded": false,
    "isActive": true,
    "isDealsEnabled": false,
    "quantity": 0
  },
  {
    "id": 461,
    "code": "Sun Triple Clean Odor Release 134 medium loads laundry detergent",
    "desc": "Sun Triple Clean Odor Release 134 medium loads laundry detergent",
    "shortDesc": "Sun Triple Clean Odor Release 134 medium loads laundry detergent",
    "tags": [
      "Laundry Detergent"
    ],
    "categories": [
      {
        "code": "Laundry & Paper Goods",
        "desc": "Laundry & Paper Goods"
      }
    ],
    "subCategories": [
      {
        "code": "Laundry",
        "desc": "Laundry"
      }
    ],
    "brands": [
      {
        "code": "Sun",
        "desc": "Sun"
      }
    ],
    "price": {
      "basePrice": 7.49,
      "discountPrice": 7.49
    },
    "type": {
      "code": "Laundry Detergent",
      "desc": "Laundry Detergent"
    },
    "weight": "188 fl oz",
    "UpcCode": "",
    "tax": 1.0,
    "spiceLevel": "",
    "aiselNo": "15",
    "store": "Market Basket",
    "weightType": "188 fl oz",
    "imageName": "No Image.jpg",
    "defaultImage": "No Image.jpg",
    "updatedTimestamp": "Jan 23, 2021 8:02:30 PM",
    "createdTimestamp": "Jan 23, 2021 8:02:30 PM",
    "isNewlyAdded": false,
    "isActive": true,
    "isDealsEnabled": false,
    "quantity": 0
  },
  {
    "id": 4006,
    "code": "Kabocha Squash",
    "desc": "Kabocha Squash",
    "shortDesc": "Kabocha Squash",
    "tags": [
      "Squash"
    ],
    "categories": [
      {
        "code": "Fresh Produce",
        "desc": "Fresh Produce"
      }
    ],
    "subCategories": [
      {
        "code": "Fresh Vegetables",
        "desc": "Fresh Vegetables"
      }
    ],
    "brands": [
      {
        "code": "Market Basket",
        "desc": "Market Basket"
      }
    ],
    "price": {
      "basePrice": 1.99,
      "discountPrice": 1.99
    },
    "type": {
      "code": "Squash",
      "desc": "Squash"
    },
    "weight": "1 lb",
    "UpcCode": "",
    "tax": 0.0,
    "spiceLevel": "",
    "aiselNo": "20",
    "store": "Market Basket",
    "weightType": "1 lb",
    "imageName": "FP112.jpg",
    "defaultImage": "FP112.jpg",
    "updatedTimestamp": "Jan 23, 2021 8:02:30 PM",
    "createdTimestamp": "Jan 23, 2021 8:02:30 PM",
    "isNewlyAdded": false,
    "isActive": true,
    "isDealsEnabled": false,
    "quantity": 0
  },
  {
    "id": 7521,
    "code": "Market Basket Petite Diced Tomatoes",
    "desc": "Market Basket Petite Diced Tomatoes",
    "shortDesc": "Market Basket Petite Diced Tomatoes",
    "tags": [
      "Canned & Jarred Vegetables"
    ],
    "categories": [
      {
        "code": "Cooking Needs",
        "desc": "Cooking Needs"
      }
    ],
    "subCategories": [
      {
        "code": "Canned Food",
        "desc": "Canned Food"
      }
    ],
    "brands": [
      {
        "code": "Market Basket",
        "desc": "Market Basket"
      }
    ],
    "price": {
      "basePrice": 0.89,
      "discountPrice": 0.89
    },
    "type": {
      "code": "Canned & Jarred Vegetables",
      "desc": "Canned & Jarred Vegetables"
    },
    "weight": "14.5 oz",
    "UpcCode": "",
    "tax": 0.0,
    "spiceLevel": "",
    "aiselNo": "9",
    "store": "Market Basket",
    "weightType": "14.5 oz",
    "imageName": "Market Basket.jpg",
    "defaultImage": "Market Basket.jpg",
    "updatedTimestamp": "Jan 23, 2021 8:02:30 PM",
    "createdTimestamp": "Jan 23, 2021 8:02:30 PM",
    "isNewlyAdded": false,
    "isActive": true,
    "isDealsEnabled": false,
    "quantity": 0
  },
  {
    "id": 14867,
    "code": "Yardley Bath Bar, Naturally Moisturizing, Oatmeal & Almond",
    "desc": "Yardley Bath Bar, Naturally Moisturizing, Oatmeal & Almond",
    "shortDesc": "Yardley Bath Bar, Naturally Moisturizing, Oatmeal & Almond",
    "tags": [
      "Soap"
    ],
    "categories": [
      {
        "code": "Personal Care",
        "desc": "Personal Care"
      }
    ],
    "subCategories": [
      {
        "code": "Body Wash, Soap & Hair Care",
        "desc": "Body Wash, Soap & Hair Care"
      }
    ],
    "brands": [
      {
        "code": "Yardley",
        "desc": "Yardley"
      }
    ],
    "price": {
      "basePrice": 2.86,
      "discountPrice": 2.86
    },
    "type": {
      "code": "Soap",
      "desc": "Soap"
    },
    "weight": "1 count",
    "UpcCode": "",
    "tax": 1.0,
    "spiceLevel": "",
    "aiselNo": "13",
    "store": "Market Basket",
    "weightType": "1 count",
    "imageName": "17732.jpg",
    "defaultImage": "17732.jpg",
    "updatedTimestamp": "Jan 23, 2021 8:02:30 PM",
    "createdTimestamp": "Jan 23, 2021 8:02:30 PM",
    "isNewlyAdded": false,
    "isActive": true,
    "isDealsEnabled": false,
    "quantity": 0
  },
  {
    "id": 14637,
    "code": "Twinings of London Decaffeinated English Breakfast Tea Bags",
    "desc": "Twinings of London Decaffeinated English Breakfast Tea Bags",
    "shortDesc": "Twinings of London Decaffeinated English Breakfast Tea Bags",
    "tags": [
      "Tea"
    ],
    "categories": [
      {
        "code": "Breakfast & Dairy",
        "desc": "Breakfast & Dairy"
      }
    ],
    "subCategories": [
      {
        "code": "Tea & Coffee",
        "desc": "Tea & Coffee"
      }
    ],
    "brands": [
      {
        "code": "Twinings",
        "desc": "Twinings"
      }
    ],
    "price": {
      "basePrice": 3.69,
      "discountPrice": 3.69
    },
    "type": {
      "code": "Tea",
      "desc": "Tea"
    },
    "weight": "20 count",
    "UpcCode": "",
    "tax": 0.0,
    "spiceLevel": "",
    "aiselNo": "8",
    "store": "Market Basket",
    "weightType": "20 count",
    "imageName": "3441.jpg",
    "defaultImage": "3441.jpg",
    "updatedTimestamp": "Jan 23, 2021 8:02:30 PM",
    "createdTimestamp": "Jan 23, 2021 8:02:30 PM",
    "isNewlyAdded": false,
    "isActive": true,
    "isDealsEnabled": false,
    "quantity": 0
  },
  {
    "id": 13364,
    "code": "Market Basket Coffee Creamer",
    "desc": "Market Basket Coffee Creamer",
    "shortDesc": "Market Basket Coffee Creamer",
    "tags": [
      "Cream"
    ],
    "categories": [
      {
        "code": "Breakfast & Dairy",
        "desc": "Breakfast & Dairy"
      }
    ],
    "subCategories": [
      {
        "code": "Dairy & Eggs",
        "desc": "Dairy & Eggs"
      }
    ],
    "brands": [
      {
        "code": "Market Basket",
        "desc": "Market Basket"
      }
    ],
    "price": {
      "basePrice": 1.29,
      "discountPrice": 1.29
    },
    "type": {
      "code": "Cream",
      "desc": "Cream"
    },
    "weight": "32 fl oz",
    "UpcCode": "",
    "tax": 0.0,
    "spiceLevel": "",
    "aiselNo": "1",
    "store": "Market Basket",
    "weightType": "32 fl oz",
    "imageName": "Market Basket.jpg",
    "defaultImage": "Market Basket.jpg",
    "updatedTimestamp": "Jan 23, 2021 8:02:30 PM",
    "createdTimestamp": "Jan 23, 2021 8:02:30 PM",
    "isNewlyAdded": false,
    "isActive": true,
    "isDealsEnabled": false,
    "quantity": 0
  },
  {
    "id": 4003,
    "code": "Acorn Squash",
    "desc": "Acorn Squash",
    "shortDesc": "Acorn Squash",
    "tags": [
      "Squash"
    ],
    "categories": [
      {
        "code": "Fresh Produce",
        "desc": "Fresh Produce"
      }
    ],
    "subCategories": [
      {
        "code": "Fresh Vegetables",
        "desc": "Fresh Vegetables"
      }
    ],
    "brands": [
      {
        "code": "Market Basket",
        "desc": "Market Basket"
      }
    ],
    "price": {
      "basePrice": 2.97,
      "discountPrice": 2.97
    },
    "type": {
      "code": "Squash",
      "desc": "Squash"
    },
    "weight": "1 count",
    "UpcCode": "",
    "tax": 0.0,
    "spiceLevel": "",
    "aiselNo": "20",
    "store": "Market Basket",
    "weightType": "1 count",
    "imageName": "14344.jpg",
    "defaultImage": "14344.jpg",
    "updatedTimestamp": "Jan 23, 2021 8:02:30 PM",
    "createdTimestamp": "Jan 23, 2021 8:02:30 PM",
    "isNewlyAdded": false,
    "isActive": true,
    "isDealsEnabled": false,
    "quantity": 0
  },
  {
    "id": 14636,
    "code": "Twinings of London Black Tea Variety Pack",
    "desc": "Twinings of London Black Tea Variety Pack",
    "shortDesc": "Twinings of London Black Tea Variety Pack",
    "tags": [
      "Tea"
    ],
    "categories": [
      {
        "code": "Breakfast & Dairy",
        "desc": "Breakfast & Dairy"
      }
    ],
    "subCategories": [
      {
        "code": "Tea & Coffee",
        "desc": "Tea & Coffee"
      }
    ],
    "brands": [
      {
        "code": "Twinings",
        "desc": "Twinings"
      }
    ],
    "price": {
      "basePrice": 3.69,
      "discountPrice": 3.69
    },
    "type": {
      "code": "Tea",
      "desc": "Tea"
    },
    "weight": "20 count",
    "UpcCode": "",
    "tax": 0.0,
    "spiceLevel": "",
    "aiselNo": "8",
    "store": "Market Basket",
    "weightType": "20 count",
    "imageName": "3435.jpg",
    "defaultImage": "3435.jpg",
    "updatedTimestamp": "Jan 23, 2021 8:02:30 PM",
    "createdTimestamp": "Jan 23, 2021 8:02:30 PM",
    "isNewlyAdded": false,
    "isActive": true,
    "isDealsEnabled": false,
    "quantity": 0
  },
  {
    "id": 9980,
    "code": "Breyers Frozen Dairy Dessert Vanilla",
    "desc": "Breyers Frozen Dairy Dessert Vanilla",
    "shortDesc": "Breyers Frozen Dairy Dessert Vanilla",
    "tags": [
      "Ice Cream & Ice"
    ],
    "categories": [
      {
        "code": "Frozen Food",
        "desc": "Frozen Food"
      }
    ],
    "subCategories": [
      {
        "code": "Ice Cream & Ice",
        "desc": "Ice Cream & Ice"
      }
    ],
    "brands": [
      {
        "code": "Breyer's",
        "desc": "Breyer's"
      }
    ],
    "price": {
      "basePrice": 3.09,
      "discountPrice": 3.09
    },
    "type": {
      "code": "Ice Cream & Ice",
      "desc": "Ice Cream & Ice"
    },
    "weight": "48 oz",
    "UpcCode": "",
    "tax": 0.0,
    "spiceLevel": "",
    "aiselNo": "21",
    "store": "Market Basket",
    "weightType": "48 oz",
    "imageName": "18017.jpg",
    "defaultImage": "18017.jpg",
    "updatedTimestamp": "Jan 23, 2021 8:02:30 PM",
    "createdTimestamp": "Jan 23, 2021 8:02:30 PM",
    "isNewlyAdded": false,
    "isActive": true,
    "isDealsEnabled": false,
    "quantity": 0
  },
  {
    "id": 7859,
    "code": "King Oscar Sardines In Extra Virgin Olive Oil",
    "desc": "King Oscar Sardines In Extra Virgin Olive Oil",
    "shortDesc": "King Oscar Sardines In Extra Virgin Olive Oil",
    "tags": [
      "Canned Meat & Seafood"
    ],
    "categories": [
      {
        "code": "Cooking Needs",
        "desc": "Cooking Needs"
      }
    ],
    "subCategories": [
      {
        "code": "Canned Food",
        "desc": "Canned Food"
      }
    ],
    "brands": [
      {
        "code": "King Oscar",
        "desc": "King Oscar"
      }
    ],
    "price": {
      "basePrice": 3.69,
      "discountPrice": 3.69
    },
    "type": {
      "code": "Canned Meat & Seafood",
      "desc": "Canned Meat & Seafood"
    },
    "weight": "3.75 oz",
    "UpcCode": "",
    "tax": 0.0,
    "spiceLevel": "",
    "aiselNo": "2",
    "store": "Market Basket",
    "weightType": "3.75 oz",
    "imageName": "5232.jpg",
    "defaultImage": "5232.jpg",
    "updatedTimestamp": "Jan 23, 2021 8:02:30 PM",
    "createdTimestamp": "Jan 23, 2021 8:02:30 PM",
    "isNewlyAdded": false,
    "isActive": true,
    "isDealsEnabled": false,
    "quantity": 0
  },
  {
    "id": 12735,
    "code": "Sourdough Loaf",
    "desc": "Sourdough Loaf",
    "shortDesc": "Sourdough Loaf",
    "tags": [
      "Bread"
    ],
    "categories": [
      {
        "code": "Breakfast & Dairy",
        "desc": "Breakfast & Dairy"
      }
    ],
    "subCategories": [
      {
        "code": "Breads & Rolls",
        "desc": "Breads & Rolls"
      }
    ],
    "brands": [
      {
        "code": "Market Basket",
        "desc": "Market Basket"
      }
    ],
    "price": {
      "basePrice": 3.69,
      "discountPrice": 3.69
    },
    "type": {
      "code": "Bread",
      "desc": "Bread"
    },
    "weight": "15 oz",
    "UpcCode": "",
    "tax": 0.0,
    "spiceLevel": "",
    "aiselNo": "18",
    "store": "Market Basket",
    "weightType": "15 oz",
    "imageName": "Market Basket.jpg",
    "defaultImage": "Market Basket.jpg",
    "updatedTimestamp": "Jan 23, 2021 8:02:30 PM",
    "createdTimestamp": "Jan 23, 2021 8:02:30 PM",
    "isNewlyAdded": false,
    "isActive": true,
    "isDealsEnabled": false,
    "quantity": 0
  },
  {
    "id": 4609,
    "code": "Plainville Farms Turkey Breast, Oven Roasted",
    "desc": "Plainville Farms Turkey Breast, Oven Roasted",
    "shortDesc": "Plainville Farms Turkey Breast, Oven Roasted",
    "tags": [
      "Turkey"
    ],
    "categories": [
      {
        "code": "Meat & Seafood",
        "desc": "Meat & Seafood"
      }
    ],
    "subCategories": [
      {
        "code": "Lunch Meat",
        "desc": "Lunch Meat"
      }
    ],
    "brands": [
      {
        "code": "Plainville Farms",
        "desc": "Plainville Farms"
      }
    ],
    "price": {
      "basePrice": 6.09,
      "discountPrice": 6.09
    },
    "type": {
      "code": "Turkey",
      "desc": "Turkey"
    },
    "weight": "6 oz",
    "UpcCode": "",
    "tax": 0.0,
    "spiceLevel": "",
    "aiselNo": "22",
    "store": "Market Basket",
    "weightType": "6 oz",
    "imageName": "17292.jpg",
    "defaultImage": "17292.jpg",
    "updatedTimestamp": "Jan 23, 2021 8:02:30 PM",
    "createdTimestamp": "Jan 23, 2021 8:02:30 PM",
    "isNewlyAdded": false,
    "isActive": true,
    "isDealsEnabled": false,
    "quantity": 0
  },
  {
    "id": 13439,
    "code": "Nature's Yoke Natural Eggs, Pastured, Large, Brown",
    "desc": "Nature's Yoke Natural Eggs, Pastured, Large, Brown",
    "shortDesc": "Nature's Yoke Natural Eggs, Pastured, Large, Brown",
    "tags": [
      "Eggs"
    ],
    "categories": [
      {
        "code": "Breakfast & Dairy",
        "desc": "Breakfast & Dairy"
      }
    ],
    "subCategories": [
      {
        "code": "Dairy & Eggs",
        "desc": "Dairy & Eggs"
      }
    ],
    "brands": [
      {
        "code": "Nature's Yoke Natural",
        "desc": "Nature's Yoke Natural"
      }
    ],
    "price": {
      "basePrice": 4.79,
      "discountPrice": 4.79
    },
    "type": {
      "code": "Eggs",
      "desc": "Eggs"
    },
    "weight": "12 count",
    "UpcCode": "",
    "tax": 0.0,
    "spiceLevel": "",
    "aiselNo": "1",
    "store": "Market Basket",
    "weightType": "12 count",
    "imageName": "610.jpg",
    "defaultImage": "610.jpg",
    "updatedTimestamp": "Jan 23, 2021 8:02:30 PM",
    "createdTimestamp": "Jan 23, 2021 8:02:30 PM",
    "isNewlyAdded": false,
    "isActive": true,
    "isDealsEnabled": false,
    "quantity": 0
  },
  {
    "id": 6625,
    "code": "Newmen's Own Orange Mango Tango Fruit Juice Cocktail Beverage",
    "desc": "Newmen's Own Orange Mango Tango Fruit Juice Cocktail Beverage",
    "shortDesc": "Newmen's Own Orange Mango Tango Fruit Juice Cocktail Beverage",
    "tags": [
      "Refrigerated Drinks"
    ],
    "categories": [
      {
        "code": "Beverages & Juices",
        "desc": "Beverages & Juices"
      }
    ],
    "subCategories": [
      {
        "code": "Juices & Refrigerated Drinks",
        "desc": "Juices & Refrigerated Drinks"
      }
    ],
    "brands": [
      {
        "code": "Newman's Own",
        "desc": "Newman's Own"
      }
    ],
    "price": {
      "basePrice": 2.86,
      "discountPrice": 2.86
    },
    "type": {
      "code": "Refrigerated Drinks",
      "desc": "Refrigerated Drinks"
    },
    "weight": "59 fl oz",
    "UpcCode": "",
    "tax": 0.0,
    "spiceLevel": "",
    "aiselNo": "1",
    "store": "Market Basket",
    "weightType": "59 fl oz",
    "imageName": "X641.jpg",
    "defaultImage": "X641.jpg",
    "updatedTimestamp": "Jan 23, 2021 8:02:29 PM",
    "createdTimestamp": "Jan 23, 2021 8:02:29 PM",
    "isNewlyAdded": false,
    "isActive": true,
    "isDealsEnabled": false,
    "quantity": 0
  },
  {
    "id": 258,
    "code": "Cascade Complete Lemon ActionPacs Dishwasher Detergent",
    "desc": "Cascade Complete Lemon ActionPacs Dishwasher Detergent",
    "shortDesc": "Cascade Complete Lemon ActionPacs Dishwasher Detergent",
    "tags": [
      "Dishwasher Detergent"
    ],
    "categories": [
      {
        "code": "Kitchen & Cleaning",
        "desc": "Kitchen & Cleaning"
      }
    ],
    "subCategories": [
      {
        "code": "Dish Detergents",
        "desc": "Dish Detergents"
      }
    ],
    "brands": [
      {
        "code": "Cascade",
        "desc": "Cascade"
      }
    ],
    "price": {
      "basePrice": 9.19,
      "discountPrice": 9.19
    },
    "type": {
      "code": "Dishwasher Detergent",
      "desc": "Dishwasher Detergent"
    },
    "weight": "15.8 oz",
    "UpcCode": "",
    "tax": 1.0,
    "spiceLevel": "",
    "aiselNo": "15",
    "store": "Market Basket",
    "weightType": "15.8 oz",
    "imageName": "4336.jpg",
    "defaultImage": "4336.jpg",
    "updatedTimestamp": "Jan 23, 2021 8:02:30 PM",
    "createdTimestamp": "Jan 23, 2021 8:02:30 PM",
    "isNewlyAdded": false,
    "isActive": true,
    "isDealsEnabled": false,
    "quantity": 0
  },
  {
    "id": 3968,
    "code": "Jumbo Russet Potatoes",
    "desc": "Jumbo Russet Potatoes",
    "shortDesc": "Jumbo Russet Potatoes",
    "tags": [
      "Russet Potato"
    ],
    "categories": [
      {
        "code": "Fresh Produce",
        "desc": "Fresh Produce"
      }
    ],
    "subCategories": [
      {
        "code": "Fresh Vegetables",
        "desc": "Fresh Vegetables"
      }
    ],
    "brands": [
      {
        "code": "Market Basket",
        "desc": "Market Basket"
      }
    ],
    "price": {
      "basePrice": 4.7,
      "discountPrice": 4.7
    },
    "type": {
      "code": "Russet Potato",
      "desc": "Russet Potato"
    },
    "weight": "1 lb",
    "UpcCode": "",
    "tax": 0.0,
    "spiceLevel": "",
    "aiselNo": "20",
    "store": "Market Basket",
    "weightType": "1 lb",
    "imageName": "FP76.jpg",
    "defaultImage": "FP76.jpg",
    "updatedTimestamp": "Jan 23, 2021 8:02:30 PM",
    "createdTimestamp": "Jan 23, 2021 8:02:30 PM",
    "isNewlyAdded": false,
    "isActive": true,
    "isDealsEnabled": false,
    "quantity": 0
  },
  {
    "id": 4328,
    "code": "Pork Sirloin",
    "desc": "Pork Sirloin",
    "shortDesc": "Pork Sirloin",
    "tags": [
      "Pork"
    ],
    "categories": [
      {
        "code": "Meat & Seafood",
        "desc": "Meat & Seafood"
      }
    ],
    "subCategories": [
      {
        "code": "Meat & Seafood Counter",
        "desc": "Meat & Seafood Counter"
      }
    ],
    "brands": [
      {
        "code": "Market Basket",
        "desc": "Market Basket"
      }
    ],
    "price": {
      "basePrice": 3.69,
      "discountPrice": 3.69
    },
    "type": {
      "code": "Pork",
      "desc": "Pork"
    },
    "weight": "1 lb",
    "UpcCode": "",
    "tax": 0.0,
    "spiceLevel": "",
    "aiselNo": "22",
    "store": "Market Basket",
    "weightType": "1 lb",
    "imageName": "Market Basket.jpg",
    "defaultImage": "Market Basket.jpg",
    "updatedTimestamp": "Jan 23, 2021 8:02:30 PM",
    "createdTimestamp": "Jan 23, 2021 8:02:30 PM",
    "isNewlyAdded": false,
    "isActive": true,
    "isDealsEnabled": false,
    "quantity": 0
  },
  {
    "id": 4346,
    "code": "Market Basket Fresh Dry Sea Scallops",
    "desc": "Market Basket Fresh Dry Sea Scallops",
    "shortDesc": "Market Basket Fresh Dry Sea Scallops",
    "tags": [
      "Scallops"
    ],
    "categories": [
      {
        "code": "Meat & Seafood",
        "desc": "Meat & Seafood"
      }
    ],
    "subCategories": [
      {
        "code": "Meat & Seafood Counter",
        "desc": "Meat & Seafood Counter"
      }
    ],
    "brands": [
      {
        "code": "Market Basket",
        "desc": "Market Basket"
      }
    ],
    "price": {
      "basePrice": 24.39,
      "discountPrice": 24.39
    },
    "type": {
      "code": "Scallops",
      "desc": "Scallops"
    },
    "weight": "Approx: 1.00 lb at $24.3/lb",
    "UpcCode": "",
    "tax": 0.0,
    "spiceLevel": "",
    "aiselNo": "22",
    "store": "Market Basket",
    "weightType": "Approx: 1.00 lb at $24.3/lb",
    "imageName": "Market Basket.jpg",
    "defaultImage": "Market Basket.jpg",
    "updatedTimestamp": "Jan 23, 2021 8:02:30 PM",
    "createdTimestamp": "Jan 23, 2021 8:02:30 PM",
    "isNewlyAdded": false,
    "isActive": true,
    "isDealsEnabled": false,
    "quantity": 0
  },
  {
    "id": 8027,
    "code": "Knorr Granulated Bouillon Chicken",
    "desc": "Knorr Granulated Bouillon Chicken",
    "shortDesc": "Knorr Granulated Bouillon Chicken",
    "tags": [
      "Soup, Broth & Bouillon"
    ],
    "categories": [
      {
        "code": "Cooking Needs",
        "desc": "Cooking Needs"
      }
    ],
    "subCategories": [
      {
        "code": "Canned Food",
        "desc": "Canned Food"
      }
    ],
    "brands": [
      {
        "code": "Knorr",
        "desc": "Knorr"
      }
    ],
    "price": {
      "basePrice": 5.39,
      "discountPrice": 5.39
    },
    "type": {
      "code": "Soup, Broth & Bouillon",
      "desc": "Soup, Broth & Bouillon"
    },
    "weight": "15.9 oz",
    "UpcCode": "",
    "tax": 0.0,
    "spiceLevel": "",
    "aiselNo": "2",
    "store": "Market Basket",
    "weightType": "15.9 oz",
    "imageName": "18093.jpg",
    "defaultImage": "18093.jpg",
    "updatedTimestamp": "Jan 23, 2021 8:02:30 PM",
    "createdTimestamp": "Jan 23, 2021 8:02:30 PM",
    "isNewlyAdded": false,
    "isActive": true,
    "isDealsEnabled": false,
    "quantity": 0
  },
  {
    "id": 6544,
    "code": "StoneRidge Organic Montmorency Cherries",
    "desc": "StoneRidge Organic Montmorency Cherries",
    "shortDesc": "StoneRidge Organic Montmorency Cherries",
    "tags": [
      "Nuts, Seeds & Dried Fruit"
    ],
    "categories": [
      {
        "code": "Chips, Cookies & Snacks",
        "desc": "Chips, Cookies & Snacks"
      }
    ],
    "subCategories": [
      {
        "code": "Nuts, Seeds & Dried Fruit",
        "desc": "Nuts, Seeds & Dried Fruit"
      }
    ],
    "brands": [
      {
        "code": "StoneRidge Orchards",
        "desc": "StoneRidge Orchards"
      }
    ],
    "price": {
      "basePrice": 3.13,
      "discountPrice": 3.13
    },
    "type": {
      "code": "Nuts, Seeds & Dried Fruit",
      "desc": "Nuts, Seeds & Dried Fruit"
    },
    "weight": "4 oz",
    "UpcCode": "",
    "tax": 0.0,
    "spiceLevel": "",
    "aiselNo": "6",
    "store": "Market Basket",
    "weightType": "4 oz",
    "imageName": "No Image.jpg",
    "defaultImage": "No Image.jpg",
    "updatedTimestamp": "Jan 23, 2021 8:02:30 PM",
    "createdTimestamp": "Jan 23, 2021 8:02:30 PM",
    "isNewlyAdded": false,
    "isActive": true,
    "isDealsEnabled": false,
    "quantity": 0
  },
  {
    "id": 7232,
    "code": "Lawry's 25% Less Sodium Seasoned Salt",
    "desc": "Lawry's 25% Less Sodium Seasoned Salt",
    "shortDesc": "Lawry's 25% Less Sodium Seasoned Salt",
    "tags": [
      "Spices & Seasonings"
    ],
    "categories": [
      {
        "code": "Cooking Needs",
        "desc": "Cooking Needs"
      }
    ],
    "subCategories": [
      {
        "code": "Spices & Seasonings",
        "desc": "Spices & Seasonings"
      }
    ],
    "brands": [
      {
        "code": "Lawry's",
        "desc": "Lawry's"
      }
    ],
    "price": {
      "basePrice": 2.49,
      "discountPrice": 2.49
    },
    "type": {
      "code": "Spices & Seasonings",
      "desc": "Spices & Seasonings"
    },
    "weight": "8 oz",
    "UpcCode": "",
    "tax": 0.0,
    "spiceLevel": "",
    "aiselNo": "9",
    "store": "Market Basket",
    "weightType": "8 oz",
    "imageName": "15630.jpg",
    "defaultImage": "15630.jpg",
    "updatedTimestamp": "Jan 23, 2021 8:02:30 PM",
    "createdTimestamp": "Jan 23, 2021 8:02:30 PM",
    "isNewlyAdded": false,
    "isActive": true,
    "isDealsEnabled": false,
    "quantity": 0
  },
  {
    "id": 3475,
    "code": "Dil Leaves",
    "desc": "Dil Leaves",
    "shortDesc": "Dil Leaves",
    "tags": [
      "Dil Leaves"
    ],
    "categories": [
      {
        "code": "Fresh Produce",
        "desc": "Fresh Produce"
      }
    ],
    "subCategories": [
      {
        "code": "Fresh Herbs",
        "desc": "Fresh Herbs"
      }
    ],
    "brands": [
      {
        "code": "Market Basket",
        "desc": "Market Basket"
      }
    ],
    "price": {
      "basePrice": 2.19,
      "discountPrice": 2.19
    },
    "type": {
      "code": "Dil Leaves",
      "desc": "Dil Leaves"
    },
    "weight": "1 bunch",
    "UpcCode": "",
    "tax": 0.0,
    "spiceLevel": "",
    "aiselNo": "20",
    "store": "Market Basket",
    "weightType": "1 bunch",
    "imageName": "f63.jpg",
    "defaultImage": "f63.jpg",
    "updatedTimestamp": "Jan 23, 2021 8:02:30 PM",
    "createdTimestamp": "Jan 23, 2021 8:02:30 PM",
    "isNewlyAdded": false,
    "isActive": true,
    "isDealsEnabled": false,
    "quantity": 0
  },
  {
    "id": 5333,
    "code": "Nature's Bakery Oatmeal Crumble Strawberry",
    "desc": "Nature's Bakery Oatmeal Crumble Strawberry",
    "shortDesc": "Nature's Bakery Oatmeal Crumble Strawberry",
    "tags": [
      "Breakfast Bars"
    ],
    "categories": [
      {
        "code": "Breakfast & Dairy",
        "desc": "Breakfast & Dairy"
      }
    ],
    "subCategories": [
      {
        "code": "Bars & Pastries",
        "desc": "Bars & Pastries"
      }
    ],
    "brands": [
      {
        "code": "Nature's Bakery",
        "desc": "Nature's Bakery"
      }
    ],
    "price": {
      "basePrice": 4.69,
      "discountPrice": 4.69
    },
    "type": {
      "code": "Breakfast Bars",
      "desc": "Breakfast Bars"
    },
    "weight": "6 x 1.41 oz",
    "UpcCode": "",
    "tax": 0.0,
    "spiceLevel": "",
    "aiselNo": "6",
    "store": "Market Basket",
    "weightType": "6 x 1.41 oz",
    "imageName": "No Image.jpg",
    "defaultImage": "No Image.jpg",
    "updatedTimestamp": "Jan 23, 2021 8:02:30 PM",
    "createdTimestamp": "Jan 23, 2021 8:02:30 PM",
    "isNewlyAdded": false,
    "isActive": true,
    "isDealsEnabled": false,
    "quantity": 0
  },
  {
    "id": 7316,
    "code": "McCormick Ground Cumin",
    "desc": "McCormick Ground Cumin",
    "shortDesc": "McCormick Ground Cumin",
    "tags": [
      "Spices & Seasonings"
    ],
    "categories": [
      {
        "code": "Cooking Needs",
        "desc": "Cooking Needs"
      }
    ],
    "subCategories": [
      {
        "code": "Spices & Seasonings",
        "desc": "Spices & Seasonings"
      }
    ],
    "brands": [
      {
        "code": "McCormick",
        "desc": "McCormick"
      }
    ],
    "price": {
      "basePrice": 4.89,
      "discountPrice": 4.89
    },
    "type": {
      "code": "Spices & Seasonings",
      "desc": "Spices & Seasonings"
    },
    "weight": "1.5 oz",
    "UpcCode": "",
    "tax": 0.0,
    "spiceLevel": "",
    "aiselNo": "9",
    "store": "Market Basket",
    "weightType": "1.5 oz",
    "imageName": "2149.jpg",
    "defaultImage": "2149.jpg",
    "updatedTimestamp": "Jan 23, 2021 8:02:30 PM",
    "createdTimestamp": "Jan 23, 2021 8:02:30 PM",
    "isNewlyAdded": false,
    "isActive": true,
    "isDealsEnabled": false,
    "quantity": 0
  },
  {
    "id": 5334,
    "code": "Nature's Bakery Oatmeal Crumble Apple",
    "desc": "Nature's Bakery Oatmeal Crumble Apple",
    "shortDesc": "Nature's Bakery Oatmeal Crumble Apple",
    "tags": [
      "Breakfast Bars"
    ],
    "categories": [
      {
        "code": "Breakfast & Dairy",
        "desc": "Breakfast & Dairy"
      }
    ],
    "subCategories": [
      {
        "code": "Bars & Pastries",
        "desc": "Bars & Pastries"
      }
    ],
    "brands": [
      {
        "code": "Nature's Bakery",
        "desc": "Nature's Bakery"
      }
    ],
    "price": {
      "basePrice": 4.69,
      "discountPrice": 4.69
    },
    "type": {
      "code": "Breakfast Bars",
      "desc": "Breakfast Bars"
    },
    "weight": "6 x 1.41 oz",
    "UpcCode": "",
    "tax": 0.0,
    "spiceLevel": "",
    "aiselNo": "6",
    "store": "Market Basket",
    "weightType": "6 x 1.41 oz",
    "imageName": "No Image.jpg",
    "defaultImage": "No Image.jpg",
    "updatedTimestamp": "Jan 23, 2021 8:02:30 PM",
    "createdTimestamp": "Jan 23, 2021 8:02:30 PM",
    "isNewlyAdded": false,
    "isActive": true,
    "isDealsEnabled": false,
    "quantity": 0
  },
  {
    "id": 7796,
    "code": "Market Basket Pink Beans",
    "desc": "Market Basket Pink Beans",
    "shortDesc": "Market Basket Pink Beans",
    "tags": [
      "Canned Meals & Beans"
    ],
    "categories": [
      {
        "code": "Cooking Needs",
        "desc": "Cooking Needs"
      }
    ],
    "subCategories": [
      {
        "code": "Canned Food",
        "desc": "Canned Food"
      }
    ],
    "brands": [
      {
        "code": "Market Basket",
        "desc": "Market Basket"
      }
    ],
    "price": {
      "basePrice": 0.89,
      "discountPrice": 0.89
    },
    "type": {
      "code": "Canned Meals & Beans",
      "desc": "Canned Meals & Beans"
    },
    "weight": "15.5 oz",
    "UpcCode": "",
    "tax": 0.0,
    "spiceLevel": "",
    "aiselNo": "2",
    "store": "Market Basket",
    "weightType": "15.5 oz",
    "imageName": "Market Basket.jpg",
    "defaultImage": "Market Basket.jpg",
    "updatedTimestamp": "Jan 23, 2021 8:02:30 PM",
    "createdTimestamp": "Jan 23, 2021 8:02:30 PM",
    "isNewlyAdded": false,
    "isActive": true,
    "isDealsEnabled": false,
    "quantity": 0
  },
  {
    "id": 14151,
    "code": "Lifeway Cherry Cultured Lowfat Milk",
    "desc": "Lifeway Cherry Cultured Lowfat Milk",
    "shortDesc": "Lifeway Cherry Cultured Lowfat Milk",
    "tags": [
      "Yogurt"
    ],
    "categories": [
      {
        "code": "Breakfast & Dairy",
        "desc": "Breakfast & Dairy"
      }
    ],
    "subCategories": [
      {
        "code": "Dairy & Eggs",
        "desc": "Dairy & Eggs"
      }
    ],
    "brands": [
      {
        "code": "Lifeway",
        "desc": "Lifeway"
      }
    ],
    "price": {
      "basePrice": 3.69,
      "discountPrice": 3.69
    },
    "type": {
      "code": "Yogurt",
      "desc": "Yogurt"
    },
    "weight": "32 fl oz",
    "UpcCode": "",
    "tax": 0.0,
    "spiceLevel": "",
    "aiselNo": "1",
    "store": "Market Basket",
    "weightType": "32 fl oz",
    "imageName": "14697.jpg",
    "defaultImage": "14697.jpg",
    "updatedTimestamp": "Jan 23, 2021 8:02:30 PM",
    "createdTimestamp": "Jan 23, 2021 8:02:30 PM",
    "isNewlyAdded": false,
    "isActive": true,
    "isDealsEnabled": false,
    "quantity": 0
  },
  {
    "id": 5072,
    "code": "Market Basket Chocolate Cremes Sandwich Creme Cookies Extra Filled",
    "desc": "Market Basket Chocolate Cremes Sandwich Creme Cookies Extra Filled",
    "shortDesc": "Market Basket Chocolate Cremes Sandwich Creme Cookies Extra Filled",
    "tags": [
      "Cookies & Cakes"
    ],
    "categories": [
      {
        "code": "Chips, Cookies & Snacks",
        "desc": "Chips, Cookies & Snacks"
      }
    ],
    "subCategories": [
      {
        "code": "Cookies & Crackers",
        "desc": "Cookies & Crackers"
      }
    ],
    "brands": [
      {
        "code": "Market Basket",
        "desc": "Market Basket"
      }
    ],
    "price": {
      "basePrice": 3.13,
      "discountPrice": 3.13
    },
    "type": {
      "code": "Cookies & Cakes",
      "desc": "Cookies & Cakes"
    },
    "weight": "15.35 oz",
    "UpcCode": "",
    "tax": 0.0,
    "spiceLevel": "",
    "aiselNo": "6",
    "store": "Market Basket",
    "weightType": "15.35 oz",
    "imageName": "Market Basket.jpg",
    "defaultImage": "Market Basket.jpg",
    "updatedTimestamp": "Jan 23, 2021 8:02:30 PM",
    "createdTimestamp": "Jan 23, 2021 8:02:30 PM",
    "isNewlyAdded": false,
    "isActive": true,
    "isDealsEnabled": false,
    "quantity": 0
  },
  {
    "id": 6070,
    "code": "Canada Dry DietGinger Ale",
    "desc": "Canada Dry DietGinger Ale",
    "shortDesc": "Canada Dry DietGinger Ale",
    "tags": [
      "Soft Drinks"
    ],
    "categories": [
      {
        "code": "Beverages & Juices",
        "desc": "Beverages & Juices"
      }
    ],
    "subCategories": [
      {
        "code": "Soft Drinks & Seltzers",
        "desc": "Soft Drinks & Seltzers"
      }
    ],
    "brands": [
      {
        "code": "Canada Dry",
        "desc": "Canada Dry"
      }
    ],
    "price": {
      "basePrice": 5.63,
      "discountPrice": 5.63
    },
    "type": {
      "code": "Soft Drinks",
      "desc": "Soft Drinks"
    },
    "weight": "8 x 12 fl oz",
    "UpcCode": "",
    "tax": 0.0,
    "spiceLevel": "",
    "aiselNo": "17",
    "store": "Market Basket",
    "weightType": "8 x 12 fl oz",
    "imageName": "No Image.jpg",
    "defaultImage": "No Image.jpg",
    "updatedTimestamp": "Jan 23, 2021 8:02:30 PM",
    "createdTimestamp": "Jan 23, 2021 8:02:30 PM",
    "isNewlyAdded": false,
    "isActive": true,
    "isDealsEnabled": false,
    "quantity": 0
  },
  {
    "id": 7177,
    "code": "Vermont Village Apple Cider Vinegar Raw & Organic",
    "desc": "Vermont Village Apple Cider Vinegar Raw & Organic",
    "shortDesc": "Vermont Village Apple Cider Vinegar Raw & Organic",
    "tags": [
      "Oils & Vinegars"
    ],
    "categories": [
      {
        "code": "Cooking Needs",
        "desc": "Cooking Needs"
      }
    ],
    "subCategories": [
      {
        "code": "Oils & Vinegars",
        "desc": "Oils & Vinegars"
      }
    ],
    "brands": [
      {
        "code": "Vermont Village",
        "desc": "Vermont Village"
      }
    ],
    "price": {
      "basePrice": 6.09,
      "discountPrice": 6.09
    },
    "type": {
      "code": "Oils & Vinegars",
      "desc": "Oils & Vinegars"
    },
    "weight": "32 fl oz",
    "UpcCode": "",
    "tax": 0.0,
    "spiceLevel": "",
    "aiselNo": "2",
    "store": "Market Basket",
    "weightType": "32 fl oz",
    "imageName": "15511.jpg",
    "defaultImage": "15511.jpg",
    "updatedTimestamp": "Jan 23, 2021 8:02:30 PM",
    "createdTimestamp": "Jan 23, 2021 8:02:30 PM",
    "isNewlyAdded": false,
    "isActive": true,
    "isDealsEnabled": false,
    "quantity": 0
  },
  {
    "id": 10262,
    "code": "Turkey Hill Vanilla & Chocolate Premium Ice Cream",
    "desc": "Turkey Hill Vanilla & Chocolate Premium Ice Cream",
    "shortDesc": "Turkey Hill Vanilla & Chocolate Premium Ice Cream",
    "tags": [
      "Ice Cream & Ice"
    ],
    "categories": [
      {
        "code": "Frozen Food",
        "desc": "Frozen Food"
      }
    ],
    "subCategories": [
      {
        "code": "Ice Cream & Ice",
        "desc": "Ice Cream & Ice"
      }
    ],
    "brands": [
      {
        "code": "Turkey Hill",
        "desc": "Turkey Hill"
      }
    ],
    "price": {
      "basePrice": 3.69,
      "discountPrice": 3.69
    },
    "type": {
      "code": "Ice Cream & Ice",
      "desc": "Ice Cream & Ice"
    },
    "weight": "48 fl oz",
    "UpcCode": "",
    "tax": 0.0,
    "spiceLevel": "",
    "aiselNo": "21",
    "store": "Market Basket",
    "weightType": "48 fl oz",
    "imageName": "3132.jpg",
    "defaultImage": "3132.jpg",
    "updatedTimestamp": "Jan 23, 2021 8:02:30 PM",
    "createdTimestamp": "Jan 23, 2021 8:02:30 PM",
    "isNewlyAdded": false,
    "isActive": true,
    "isDealsEnabled": false,
    "quantity": 0
  },
  {
    "id": 8752,
    "code": "Market Basket Medium Salsa",
    "desc": "Market Basket Medium Salsa",
    "shortDesc": "Market Basket Medium Salsa",
    "tags": [
      "Preserved Dips & Salsa"
    ],
    "categories": [
      {
        "code": "Condiments & Dressings",
        "desc": "Condiments & Dressings"
      }
    ],
    "subCategories": [
      {
        "code": "Preserved Dips & Spreads",
        "desc": "Preserved Dips & Spreads"
      }
    ],
    "brands": [
      {
        "code": "Market Basket",
        "desc": "Market Basket"
      }
    ],
    "price": {
      "basePrice": 2.49,
      "discountPrice": 2.49
    },
    "type": {
      "code": "Preserved Dips & Salsa",
      "desc": "Preserved Dips & Salsa"
    },
    "weight": "24 oz",
    "UpcCode": "",
    "tax": 0.0,
    "spiceLevel": "",
    "aiselNo": "1",
    "store": "Market Basket",
    "weightType": "24 oz",
    "imageName": "Market Basket.jpg",
    "defaultImage": "Market Basket.jpg",
    "updatedTimestamp": "Jan 23, 2021 8:02:30 PM",
    "createdTimestamp": "Jan 23, 2021 8:02:30 PM",
    "isNewlyAdded": false,
    "isActive": true,
    "isDealsEnabled": false,
    "quantity": 0
  },
  {
    "id": 3781,
    "code": "Organic Lemons - 3 CT",
    "desc": "Organic Lemons - 3 CT",
    "shortDesc": "Organic Lemons - 3 CT",
    "tags": [
      "Lemon"
    ],
    "categories": [
      {
        "code": "Fresh Produce",
        "desc": "Fresh Produce"
      }
    ],
    "subCategories": [
      {
        "code": "Fresh Organic Fruits",
        "desc": "Fresh Organic Fruits"
      }
    ],
    "brands": [
      {
        "code": "Market Basket",
        "desc": "Market Basket"
      }
    ],
    "price": {
      "basePrice": 4.7,
      "discountPrice": 4.7
    },
    "type": {
      "code": "Lemon",
      "desc": "Lemon"
    },
    "weight": "1 bag(s)",
    "UpcCode": "",
    "tax": 0.0,
    "spiceLevel": "",
    "aiselNo": "20",
    "store": "Market Basket",
    "weightType": "1 bag(s)",
    "imageName": "14265.jpg",
    "defaultImage": "14265.jpg",
    "updatedTimestamp": "Jan 23, 2021 8:02:30 PM",
    "createdTimestamp": "Jan 23, 2021 8:02:30 PM",
    "isNewlyAdded": false,
    "isActive": true,
    "isDealsEnabled": false,
    "quantity": 0
  },
  {
    "id": 14520,
    "code": "Bigelow Classic Green Tea",
    "desc": "Bigelow Classic Green Tea",
    "shortDesc": "Bigelow Classic Green Tea",
    "tags": [
      "Tea"
    ],
    "categories": [
      {
        "code": "Breakfast & Dairy",
        "desc": "Breakfast & Dairy"
      }
    ],
    "subCategories": [
      {
        "code": "Tea & Coffee",
        "desc": "Tea & Coffee"
      }
    ],
    "brands": [
      {
        "code": "Bigelow ",
        "desc": "Bigelow "
      }
    ],
    "price": {
      "basePrice": 3.09,
      "discountPrice": 3.09
    },
    "type": {
      "code": "Tea",
      "desc": "Tea"
    },
    "weight": "20 x 0.05 oz",
    "UpcCode": "",
    "tax": 0.0,
    "spiceLevel": "",
    "aiselNo": "8",
    "store": "Market Basket",
    "weightType": "20 x 0.05 oz",
    "imageName": "3412.jpg",
    "defaultImage": "3412.jpg",
    "updatedTimestamp": "Jan 23, 2021 8:02:30 PM",
    "createdTimestamp": "Jan 23, 2021 8:02:30 PM",
    "isNewlyAdded": false,
    "isActive": true,
    "isDealsEnabled": false,
    "quantity": 0
  },
  {
    "id": 14664,
    "code": "Eucerin Intensive Repair Alpha Hydroxy & Natural Moisturizing Factor Enriched Rich Feel Fragrance Free Lotion",
    "desc": "Eucerin Intensive Repair Alpha Hydroxy & Natural Moisturizing Factor Enriched Rich Feel Fragrance Free Lotion",
    "shortDesc": "Eucerin Intensive Repair Alpha Hydroxy & Natural Moisturizing Factor Enriched Rich Feel Fragrance Free Lotion",
    "tags": [
      "Body Lotion"
    ],
    "categories": [
      {
        "code": "Personal Care",
        "desc": "Personal Care"
      }
    ],
    "subCategories": [
      {
        "code": "Body Wash, Soap & Hair Care",
        "desc": "Body Wash, Soap & Hair Care"
      }
    ],
    "brands": [
      {
        "code": "Eucerin",
        "desc": "Eucerin"
      }
    ],
    "price": {
      "basePrice": 15.51,
      "discountPrice": 15.51
    },
    "type": {
      "code": "Body Lotion",
      "desc": "Body Lotion"
    },
    "weight": "16.9 fl oz",
    "UpcCode": "",
    "tax": 1.0,
    "spiceLevel": "",
    "aiselNo": "13",
    "store": "Market Basket",
    "weightType": "16.9 fl oz",
    "imageName": "6368.jpg",
    "defaultImage": "6368.jpg",
    "updatedTimestamp": "Jan 23, 2021 8:02:30 PM",
    "createdTimestamp": "Jan 23, 2021 8:02:30 PM",
    "isNewlyAdded": false,
    "isActive": true,
    "isDealsEnabled": false,
    "quantity": 0
  },
  {
    "id": 5174,
    "code": "Dare Breton Original WIth Flax Gluten Free",
    "desc": "Dare Breton Original WIth Flax Gluten Free",
    "shortDesc": "Dare Breton Original WIth Flax Gluten Free",
    "tags": [
      "Crackers"
    ],
    "categories": [
      {
        "code": "Chips, Cookies & Snacks",
        "desc": "Chips, Cookies & Snacks"
      }
    ],
    "subCategories": [
      {
        "code": "Cookies & Crackers",
        "desc": "Cookies & Crackers"
      }
    ],
    "brands": [
      {
        "code": "Dare",
        "desc": "Dare"
      }
    ],
    "price": {
      "basePrice": 3.13,
      "discountPrice": 3.13
    },
    "type": {
      "code": "Crackers",
      "desc": "Crackers"
    },
    "weight": "4.76 oz",
    "UpcCode": "",
    "tax": 0.0,
    "spiceLevel": "",
    "aiselNo": "6",
    "store": "Market Basket",
    "weightType": "4.76 oz",
    "imageName": "No Image.jpg",
    "defaultImage": "No Image.jpg",
    "updatedTimestamp": "Jan 23, 2021 8:02:30 PM",
    "createdTimestamp": "Jan 23, 2021 8:02:30 PM",
    "isNewlyAdded": false,
    "isActive": true,
    "isDealsEnabled": false,
    "quantity": 0
  },
  {
    "id": 4648,
    "code": "Chicken of the Sea Chunk Light Tuna in Water To-Go Cups",
    "desc": "Chicken of the Sea Chunk Light Tuna in Water To-Go Cups",
    "shortDesc": "Chicken of the Sea Chunk Light Tuna in Water To-Go Cups",
    "tags": [
      "Canned Tuna"
    ],
    "categories": [
      {
        "code": "Meat & Seafood",
        "desc": "Meat & Seafood"
      }
    ],
    "subCategories": [
      {
        "code": "Canned Meat & Seafood",
        "desc": "Canned Meat & Seafood"
      }
    ],
    "brands": [
      {
        "code": "Chicken of the Sea",
        "desc": "Chicken of the Sea"
      }
    ],
    "price": {
      "basePrice": 2.49,
      "discountPrice": 2.49
    },
    "type": {
      "code": "Canned Tuna",
      "desc": "Canned Tuna"
    },
    "weight": "2 x 2.8 oz",
    "UpcCode": "",
    "tax": 0.0,
    "spiceLevel": "",
    "aiselNo": "2",
    "store": "Market Basket",
    "weightType": "2 x 2.8 oz",
    "imageName": "5218.jpg",
    "defaultImage": "5218.jpg",
    "updatedTimestamp": "Jan 23, 2021 8:02:30 PM",
    "createdTimestamp": "Jan 23, 2021 8:02:30 PM",
    "isNewlyAdded": false,
    "isActive": true,
    "isDealsEnabled": false,
    "quantity": 0
  },
  {
    "id": 5514,
    "code": "M&M's Milk Chocolate Candies",
    "desc": "M&M's Milk Chocolate Candies",
    "shortDesc": "M&M's Milk Chocolate Candies",
    "tags": [
      "Candy & Chocolate"
    ],
    "categories": [
      {
        "code": "Chips, Cookies & Snacks",
        "desc": "Chips, Cookies & Snacks"
      }
    ],
    "subCategories": [
      {
        "code": "Candy & Chocolates",
        "desc": "Candy & Chocolates"
      }
    ],
    "brands": [
      {
        "code": "M&M's",
        "desc": "M&M's"
      }
    ],
    "price": {
      "basePrice": 1.89,
      "discountPrice": 1.89
    },
    "type": {
      "code": "Candy & Chocolate",
      "desc": "Candy & Chocolate"
    },
    "weight": "3.4 oz",
    "UpcCode": "",
    "tax": 0.0,
    "spiceLevel": "",
    "aiselNo": "3",
    "store": "Market Basket",
    "weightType": "3.4 oz",
    "imageName": "1009.jpg",
    "defaultImage": "1009.jpg",
    "updatedTimestamp": "Jan 23, 2021 8:02:30 PM",
    "createdTimestamp": "Jan 23, 2021 8:02:30 PM",
    "isNewlyAdded": false,
    "isActive": true,
    "isDealsEnabled": false,
    "quantity": 0
  },
  {
    "id": 6379,
    "code": "Polar Vanilla Sparkling Water",
    "desc": "Polar Vanilla Sparkling Water",
    "shortDesc": "Polar Vanilla Sparkling Water",
    "tags": [
      "Sparkling Water"
    ],
    "categories": [
      {
        "code": "Beverages & Juices",
        "desc": "Beverages & Juices"
      }
    ],
    "subCategories": [
      {
        "code": "Water",
        "desc": "Water"
      }
    ],
    "brands": [
      {
        "code": "Polar",
        "desc": "Polar"
      }
    ],
    "price": {
      "basePrice": 1.24,
      "discountPrice": 1.24
    },
    "type": {
      "code": "Sparkling Water",
      "desc": "Sparkling Water"
    },
    "weight": "1 L",
    "UpcCode": "",
    "tax": 0.0,
    "spiceLevel": "",
    "aiselNo": "11",
    "store": "Market Basket",
    "weightType": "1 L",
    "imageName": "No Image.jpg",
    "defaultImage": "No Image.jpg",
    "updatedTimestamp": "Jan 23, 2021 8:02:30 PM",
    "createdTimestamp": "Jan 23, 2021 8:02:30 PM",
    "isNewlyAdded": false,
    "isActive": true,
    "isDealsEnabled": false,
    "quantity": 0
  },
  {
    "id": 7748,
    "code": "Goya Great Northern Beans",
    "desc": "Goya Great Northern Beans",
    "shortDesc": "Goya Great Northern Beans",
    "tags": [
      "Canned Meals & Beans"
    ],
    "categories": [
      {
        "code": "Cooking Needs",
        "desc": "Cooking Needs"
      }
    ],
    "subCategories": [
      {
        "code": "Canned Food",
        "desc": "Canned Food"
      }
    ],
    "brands": [
      {
        "code": "Goya",
        "desc": "Goya"
      }
    ],
    "price": {
      "basePrice": 1.29,
      "discountPrice": 1.29
    },
    "type": {
      "code": "Canned Meals & Beans",
      "desc": "Canned Meals & Beans"
    },
    "weight": "15.5 oz",
    "UpcCode": "",
    "tax": 0.0,
    "spiceLevel": "",
    "aiselNo": "7",
    "store": "Market Basket",
    "weightType": "15.5 oz",
    "imageName": "5122.jpg",
    "defaultImage": "5122.jpg",
    "updatedTimestamp": "Jan 23, 2021 8:02:30 PM",
    "createdTimestamp": "Jan 23, 2021 8:02:30 PM",
    "isNewlyAdded": false,
    "isActive": true,
    "isDealsEnabled": false,
    "quantity": 0
  },
  {
    "id": 323,
    "code": "Market Basket Fold And Close Sandwich Bags",
    "desc": "Market Basket Fold And Close Sandwich Bags",
    "shortDesc": "Market Basket Fold And Close Sandwich Bags",
    "tags": [
      "Storage Bags"
    ],
    "categories": [
      {
        "code": "Kitchen & Cleaning",
        "desc": "Kitchen & Cleaning"
      }
    ],
    "subCategories": [
      {
        "code": "Food Storage & Kitchen Supplies",
        "desc": "Food Storage & Kitchen Supplies"
      }
    ],
    "brands": [
      {
        "code": "Market Basket",
        "desc": "Market Basket"
      }
    ],
    "price": {
      "basePrice": 1.29,
      "discountPrice": 1.29
    },
    "type": {
      "code": "Storage Bags",
      "desc": "Storage Bags"
    },
    "weight": "150 bag(s)",
    "UpcCode": "",
    "tax": 1.0,
    "spiceLevel": "",
    "aiselNo": "12",
    "store": "Market Basket",
    "weightType": "150 bag(s)",
    "imageName": "Market Basket.jpg",
    "defaultImage": "Market Basket.jpg",
    "updatedTimestamp": "Jan 23, 2021 8:02:30 PM",
    "createdTimestamp": "Jan 23, 2021 8:02:30 PM",
    "isNewlyAdded": false,
    "isActive": true,
    "isDealsEnabled": false,
    "quantity": 0
  },
  {
    "id": 8603,
    "code": "Claussen Kosher Dill Deli Style Pickle Spears",
    "desc": "Claussen Kosher Dill Deli Style Pickle Spears",
    "shortDesc": "Claussen Kosher Dill Deli Style Pickle Spears",
    "tags": [
      "Pickled Goods & Olives"
    ],
    "categories": [
      {
        "code": "Condiments & Dressings",
        "desc": "Condiments & Dressings"
      }
    ],
    "subCategories": [
      {
        "code": "Pickled Goods & Olives",
        "desc": "Pickled Goods & Olives"
      }
    ],
    "brands": [
      {
        "code": "Claussen",
        "desc": "Claussen"
      }
    ],
    "price": {
      "basePrice": 6.09,
      "discountPrice": 6.09
    },
    "type": {
      "code": "Pickled Goods & Olives",
      "desc": "Pickled Goods & Olives"
    },
    "weight": "64 fl oz",
    "UpcCode": "",
    "tax": 0.0,
    "spiceLevel": "",
    "aiselNo": "2",
    "store": "Market Basket",
    "weightType": "64 fl oz",
    "imageName": "1927.jpg",
    "defaultImage": "1927.jpg",
    "updatedTimestamp": "Jan 23, 2021 8:02:30 PM",
    "createdTimestamp": "Jan 23, 2021 8:02:30 PM",
    "isNewlyAdded": false,
    "isActive": true,
    "isDealsEnabled": false,
    "quantity": 0
  },
  {
    "id": 4786,
    "code": "Market Basket 8 12 Per Pound Shell On Extra Colossal Shrimp",
    "desc": "Market Basket 8 12 Per Pound Shell On Extra Colossal Shrimp",
    "shortDesc": "Market Basket 8 12 Per Pound Shell On Extra Colossal Shrimp",
    "tags": [
      "Frozen Shrimp"
    ],
    "categories": [
      {
        "code": "Meat & Seafood",
        "desc": "Meat & Seafood"
      }
    ],
    "subCategories": [
      {
        "code": "Frozen Meat & Seafood",
        "desc": "Frozen Meat & Seafood"
      }
    ],
    "brands": [
      {
        "code": "Market Basket",
        "desc": "Market Basket"
      }
    ],
    "price": {
      "basePrice": 36.59,
      "discountPrice": 36.59
    },
    "type": {
      "code": "Frozen Shrimp",
      "desc": "Frozen Shrimp"
    },
    "weight": "32 oz",
    "UpcCode": "",
    "tax": 0.0,
    "spiceLevel": "",
    "aiselNo": "18",
    "store": "Market Basket",
    "weightType": "32 oz",
    "imageName": "Market Basket.jpg",
    "defaultImage": "Market Basket.jpg",
    "updatedTimestamp": "Jan 23, 2021 8:02:30 PM",
    "createdTimestamp": "Jan 23, 2021 8:02:30 PM",
    "isNewlyAdded": false,
    "isActive": true,
    "isDealsEnabled": false,
    "quantity": 0
  },
  {
    "id": 7229,
    "code": "Hain Pure Foods Sea Salt Iodized",
    "desc": "Hain Pure Foods Sea Salt Iodized",
    "shortDesc": "Hain Pure Foods Sea Salt Iodized",
    "tags": [
      "Spices & Seasonings"
    ],
    "categories": [
      {
        "code": "Cooking Needs",
        "desc": "Cooking Needs"
      }
    ],
    "subCategories": [
      {
        "code": "Spices & Seasonings",
        "desc": "Spices & Seasonings"
      }
    ],
    "brands": [
      {
        "code": "Hain",
        "desc": "Hain"
      }
    ],
    "price": {
      "basePrice": 3.69,
      "discountPrice": 3.69
    },
    "type": {
      "code": "Spices & Seasonings",
      "desc": "Spices & Seasonings"
    },
    "weight": "26 oz",
    "UpcCode": "",
    "tax": 0.0,
    "spiceLevel": "",
    "aiselNo": "9",
    "store": "Market Basket",
    "weightType": "26 oz",
    "imageName": "15648.jpg",
    "defaultImage": "15648.jpg",
    "updatedTimestamp": "Jan 23, 2021 8:02:30 PM",
    "createdTimestamp": "Jan 23, 2021 8:02:30 PM",
    "isNewlyAdded": false,
    "isActive": true,
    "isDealsEnabled": false,
    "quantity": 0
  },
  {
    "id": 13607,
    "code": "Sargento Balanced Breaks, Natural Sharp White Cheddar Cheese, Sea Salted Cashews and Golden Raisin Medley",
    "desc": "Sargento Balanced Breaks, Natural Sharp White Cheddar Cheese, Sea Salted Cashews and Golden Raisin Medley",
    "shortDesc": "Sargento Balanced Breaks, Natural Sharp White Cheddar Cheese, Sea Salted Cashews and Golden Raisin Medley",
    "tags": [
      "Other Creams & Cheeses"
    ],
    "categories": [
      {
        "code": "Breakfast & Dairy",
        "desc": "Breakfast & Dairy"
      }
    ],
    "subCategories": [
      {
        "code": "Dairy & Eggs",
        "desc": "Dairy & Eggs"
      }
    ],
    "brands": [
      {
        "code": "Sargento",
        "desc": "Sargento"
      }
    ],
    "price": {
      "basePrice": 4.29,
      "discountPrice": 4.29
    },
    "type": {
      "code": "Other Creams & Cheeses",
      "desc": "Other Creams & Cheeses"
    },
    "weight": "1.5 oz",
    "UpcCode": "",
    "tax": 0.0,
    "spiceLevel": "",
    "aiselNo": "1",
    "store": "Market Basket",
    "weightType": "1.5 oz",
    "imageName": "705.jpg",
    "defaultImage": "705.jpg",
    "updatedTimestamp": "Jan 23, 2021 8:02:30 PM",
    "createdTimestamp": "Jan 23, 2021 8:02:30 PM",
    "isNewlyAdded": false,
    "isActive": true,
    "isDealsEnabled": false,
    "quantity": 0
  },
  {
    "id": 7849,
    "code": "Goya Sardines with Lemon in Oil",
    "desc": "Goya Sardines with Lemon in Oil",
    "shortDesc": "Goya Sardines with Lemon in Oil",
    "tags": [
      "Canned Meat & Seafood"
    ],
    "categories": [
      {
        "code": "Cooking Needs",
        "desc": "Cooking Needs"
      }
    ],
    "subCategories": [
      {
        "code": "Canned Food",
        "desc": "Canned Food"
      }
    ],
    "brands": [
      {
        "code": "Goya",
        "desc": "Goya"
      }
    ],
    "price": {
      "basePrice": 2.49,
      "discountPrice": 2.49
    },
    "type": {
      "code": "Canned Meat & Seafood",
      "desc": "Canned Meat & Seafood"
    },
    "weight": "4.25 oz",
    "UpcCode": "",
    "tax": 0.0,
    "spiceLevel": "",
    "aiselNo": "2",
    "store": "Market Basket",
    "weightType": "4.25 oz",
    "imageName": "5228.jpg",
    "defaultImage": "5228.jpg",
    "updatedTimestamp": "Jan 23, 2021 8:02:30 PM",
    "createdTimestamp": "Jan 23, 2021 8:02:30 PM",
    "isNewlyAdded": false,
    "isActive": true,
    "isDealsEnabled": false,
    "quantity": 0
  },
  {
    "id": 13462,
    "code": "Hershey's Chocolate Milk 2% Reduced Fat 18 CT",
    "desc": "Hershey's Chocolate Milk 2% Reduced Fat 18 CT",
    "shortDesc": "Hershey's Chocolate Milk 2% Reduced Fat 18 CT",
    "tags": [
      "Milk"
    ],
    "categories": [
      {
        "code": "Breakfast & Dairy",
        "desc": "Breakfast & Dairy"
      }
    ],
    "subCategories": [
      {
        "code": "Dairy & Eggs",
        "desc": "Dairy & Eggs"
      }
    ],
    "brands": [
      {
        "code": "Hershey's",
        "desc": "Hershey's"
      }
    ],
    "price": {
      "basePrice": 15.89,
      "discountPrice": 15.89
    },
    "type": {
      "code": "Milk",
      "desc": "Milk"
    },
    "weight": "8 fl oz",
    "UpcCode": "",
    "tax": 0.0,
    "spiceLevel": "",
    "aiselNo": "1",
    "store": "Market Basket",
    "weightType": "8 fl oz",
    "imageName": "14735.jpg",
    "defaultImage": "14735.jpg",
    "updatedTimestamp": "Jan 23, 2021 8:02:30 PM",
    "createdTimestamp": "Jan 23, 2021 8:02:30 PM",
    "isNewlyAdded": false,
    "isActive": true,
    "isDealsEnabled": false,
    "quantity": 0
  },
  {
    "id": 14569,
    "code": "Lipton Green Tea Bags Purple Acai Blueberry",
    "desc": "Lipton Green Tea Bags Purple Acai Blueberry",
    "shortDesc": "Lipton Green Tea Bags Purple Acai Blueberry",
    "tags": [
      "Tea"
    ],
    "categories": [
      {
        "code": "Breakfast & Dairy",
        "desc": "Breakfast & Dairy"
      }
    ],
    "subCategories": [
      {
        "code": "Tea & Coffee",
        "desc": "Tea & Coffee"
      }
    ],
    "brands": [
      {
        "code": "Lipton",
        "desc": "Lipton"
      }
    ],
    "price": {
      "basePrice": 1.89,
      "discountPrice": 1.89
    },
    "type": {
      "code": "Tea",
      "desc": "Tea"
    },
    "weight": "20 count",
    "UpcCode": "",
    "tax": 0.0,
    "spiceLevel": "",
    "aiselNo": "8",
    "store": "Market Basket",
    "weightType": "20 count",
    "imageName": "3485.jpg",
    "defaultImage": "3485.jpg",
    "updatedTimestamp": "Jan 23, 2021 8:02:30 PM",
    "createdTimestamp": "Jan 23, 2021 8:02:30 PM",
    "isNewlyAdded": false,
    "isActive": true,
    "isDealsEnabled": false,
    "quantity": 0
  },
  {
    "id": 15080,
    "code": "Refresh Contacts Contact Lens Comfort Drops",
    "desc": "Refresh Contacts Contact Lens Comfort Drops",
    "shortDesc": "Refresh Contacts Contact Lens Comfort Drops",
    "tags": [
      "Eye & Ear Care"
    ],
    "categories": [
      {
        "code": "Personal Care",
        "desc": "Personal Care"
      }
    ],
    "subCategories": [
      {
        "code": "Personal Needs",
        "desc": "Personal Needs"
      }
    ],
    "brands": [
      {
        "code": "Refresh Contacts",
        "desc": "Refresh Contacts"
      }
    ],
    "price": {
      "basePrice": 9.42,
      "discountPrice": 9.42
    },
    "type": {
      "code": "Eye & Ear Care",
      "desc": "Eye & Ear Care"
    },
    "weight": "0.41 fl oz",
    "UpcCode": "",
    "tax": 1.0,
    "spiceLevel": "",
    "aiselNo": "13",
    "store": "Market Basket",
    "weightType": "0.41 fl oz",
    "imageName": "17798.jpg",
    "defaultImage": "17798.jpg",
    "updatedTimestamp": "Jan 23, 2021 8:02:30 PM",
    "createdTimestamp": "Jan 23, 2021 8:02:30 PM",
    "isNewlyAdded": false,
    "isActive": true,
    "isDealsEnabled": false,
    "quantity": 0
  },
  {
    "id": 449,
    "code": "Market Basket Drawstring Tall Kitchen Bags",
    "desc": "Market Basket Drawstring Tall Kitchen Bags",
    "shortDesc": "Market Basket Drawstring Tall Kitchen Bags",
    "tags": [
      "Tall Trash Bags"
    ],
    "categories": [
      {
        "code": "Kitchen & Cleaning",
        "desc": "Kitchen & Cleaning"
      }
    ],
    "subCategories": [
      {
        "code": "Trash Bags & Liners",
        "desc": "Trash Bags & Liners"
      }
    ],
    "brands": [
      {
        "code": "Market Basket",
        "desc": "Market Basket"
      }
    ],
    "price": {
      "basePrice": 3.69,
      "discountPrice": 3.69
    },
    "type": {
      "code": "Tall Trash Bags",
      "desc": "Tall Trash Bags"
    },
    "weight": "20 count",
    "UpcCode": "",
    "tax": 1.0,
    "spiceLevel": "",
    "aiselNo": "12",
    "store": "Market Basket",
    "weightType": "20 count",
    "imageName": "Market Basket.jpg",
    "defaultImage": "Market Basket.jpg",
    "updatedTimestamp": "Jan 23, 2021 8:02:30 PM",
    "createdTimestamp": "Jan 23, 2021 8:02:30 PM",
    "isNewlyAdded": false,
    "isActive": true,
    "isDealsEnabled": false,
    "quantity": 0
  },
  {
    "id": 4523,
    "code": "Plainville Farms Ham, Uncured, Black Forest",
    "desc": "Plainville Farms Ham, Uncured, Black Forest",
    "shortDesc": "Plainville Farms Ham, Uncured, Black Forest",
    "tags": [
      "Ham"
    ],
    "categories": [
      {
        "code": "Meat & Seafood",
        "desc": "Meat & Seafood"
      }
    ],
    "subCategories": [
      {
        "code": "Lunch Meat",
        "desc": "Lunch Meat"
      }
    ],
    "brands": [
      {
        "code": "Plainville Farms",
        "desc": "Plainville Farms"
      }
    ],
    "price": {
      "basePrice": 4.89,
      "discountPrice": 4.89
    },
    "type": {
      "code": "Ham",
      "desc": "Ham"
    },
    "weight": "7 oz",
    "UpcCode": "",
    "tax": 0.0,
    "spiceLevel": "",
    "aiselNo": "22",
    "store": "Market Basket",
    "weightType": "7 oz",
    "imageName": "17296.jpg",
    "defaultImage": "17296.jpg",
    "updatedTimestamp": "Jan 23, 2021 8:02:30 PM",
    "createdTimestamp": "Jan 23, 2021 8:02:30 PM",
    "isNewlyAdded": false,
    "isActive": true,
    "isDealsEnabled": false,
    "quantity": 0
  },
  {
    "id": 3897,
    "code": "Okra",
    "desc": "Okra",
    "shortDesc": "Okra",
    "tags": [
      "Okra"
    ],
    "categories": [
      {
        "code": "Fresh Produce",
        "desc": "Fresh Produce"
      }
    ],
    "subCategories": [
      {
        "code": "Fresh Vegetables",
        "desc": "Fresh Vegetables"
      }
    ],
    "brands": [
      {
        "code": "Market Basket",
        "desc": "Market Basket"
      }
    ],
    "price": {
      "basePrice": 3.29,
      "discountPrice": 3.29
    },
    "type": {
      "code": "Okra",
      "desc": "Okra"
    },
    "weight": "1 lb",
    "UpcCode": "",
    "tax": 0.0,
    "spiceLevel": "",
    "aiselNo": "20",
    "store": "Market Basket",
    "weightType": "1 lb",
    "imageName": "f233.jpg",
    "defaultImage": "f233.jpg",
    "updatedTimestamp": "Jan 23, 2021 8:02:30 PM",
    "createdTimestamp": "Jan 23, 2021 8:02:30 PM",
    "isNewlyAdded": false,
    "isActive": true,
    "isDealsEnabled": false,
    "quantity": 0
  },
  {
    "id": 3982,
    "code": "Rhubarb",
    "desc": "Rhubarb",
    "shortDesc": "Rhubarb",
    "tags": [
      "Speciality Produce"
    ],
    "categories": [
      {
        "code": "Fresh Produce",
        "desc": "Fresh Produce"
      }
    ],
    "subCategories": [
      {
        "code": "Fresh Vegetables",
        "desc": "Fresh Vegetables"
      }
    ],
    "brands": [
      {
        "code": "Market Basket",
        "desc": "Market Basket"
      }
    ],
    "price": {
      "basePrice": 5.99,
      "discountPrice": 5.99
    },
    "type": {
      "code": "Speciality Produce",
      "desc": "Speciality Produce"
    },
    "weight": "1 lb",
    "UpcCode": "",
    "tax": 0.0,
    "spiceLevel": "",
    "aiselNo": "20",
    "store": "Market Basket",
    "weightType": "1 lb",
    "imageName": "FP132.jpg",
    "defaultImage": "FP132.jpg",
    "updatedTimestamp": "Jan 23, 2021 8:02:30 PM",
    "createdTimestamp": "Jan 23, 2021 8:02:30 PM",
    "isNewlyAdded": false,
    "isActive": true,
    "isDealsEnabled": false,
    "quantity": 0
  },
  {
    "id": 14462,
    "code": "Peet's Coffee House Blend Dark Roast Coffee KÃ¢â¬âCup Pods",
    "desc": "Peet's Coffee House Blend Dark Roast Coffee KÃ¢â¬âCup Pods",
    "shortDesc": "Peet's Coffee House Blend Dark Roast Coffee KÃ¢â¬âCup Pods",
    "tags": [
      "Coffee"
    ],
    "categories": [
      {
        "code": "Breakfast & Dairy",
        "desc": "Breakfast & Dairy"
      }
    ],
    "subCategories": [
      {
        "code": "Tea & Coffee",
        "desc": "Tea & Coffee"
      }
    ],
    "brands": [
      {
        "code": "Peet's Coffee",
        "desc": "Peet's Coffee"
      }
    ],
    "price": {
      "basePrice": 10.99,
      "discountPrice": 10.99
    },
    "type": {
      "code": "Coffee",
      "desc": "Coffee"
    },
    "weight": "10 x 0.47 oz",
    "UpcCode": "",
    "tax": 0.0,
    "spiceLevel": "",
    "aiselNo": "8",
    "store": "Market Basket",
    "weightType": "10 x 0.47 oz",
    "imageName": "3318.jpg",
    "defaultImage": "3318.jpg",
    "updatedTimestamp": "Jan 23, 2021 8:02:30 PM",
    "createdTimestamp": "Jan 23, 2021 8:02:30 PM",
    "isNewlyAdded": false,
    "isActive": true,
    "isDealsEnabled": false,
    "quantity": 0
  },
  {
    "id": 9372,
    "code": "Ensure Plus Vanilla Shake",
    "desc": "Ensure Plus Vanilla Shake",
    "shortDesc": "Ensure Plus Vanilla Shake",
    "tags": [
      "Frozen Juice"
    ],
    "categories": [
      {
        "code": "Frozen Food",
        "desc": "Frozen Food"
      }
    ],
    "subCategories": [
      {
        "code": "Frozen Fruit & Juice",
        "desc": "Frozen Fruit & Juice"
      }
    ],
    "brands": [
      {
        "code": "Ensure",
        "desc": "Ensure"
      }
    ],
    "price": {
      "basePrice": 12.19,
      "discountPrice": 12.19
    },
    "type": {
      "code": "Frozen Juice",
      "desc": "Frozen Juice"
    },
    "weight": "6 x 8 fl oz",
    "UpcCode": "",
    "tax": 0.0,
    "spiceLevel": "",
    "aiselNo": "21",
    "store": "Market Basket",
    "weightType": "6 x 8 fl oz",
    "imageName": "Market Basket.jpg",
    "defaultImage": "Market Basket.jpg",
    "updatedTimestamp": "Jan 23, 2021 8:02:30 PM",
    "createdTimestamp": "Jan 23, 2021 8:02:30 PM",
    "isNewlyAdded": false,
    "isActive": true,
    "isDealsEnabled": false,
    "quantity": 0
  },
  {
    "id": 14374,
    "code": "Folgers Coffee, Classic Roast, Medium, Ground, Tub",
    "desc": "Folgers Coffee, Classic Roast, Medium, Ground, Tub",
    "shortDesc": "Folgers Coffee, Classic Roast, Medium, Ground, Tub",
    "tags": [
      "Coffee"
    ],
    "categories": [
      {
        "code": "Breakfast & Dairy",
        "desc": "Breakfast & Dairy"
      }
    ],
    "subCategories": [
      {
        "code": "Tea & Coffee",
        "desc": "Tea & Coffee"
      }
    ],
    "brands": [
      {
        "code": "Folgers ",
        "desc": "Folgers "
      }
    ],
    "price": {
      "basePrice": 9.79,
      "discountPrice": 9.79
    },
    "type": {
      "code": "Coffee",
      "desc": "Coffee"
    },
    "weight": "30.5 oz",
    "UpcCode": "",
    "tax": 0.0,
    "spiceLevel": "",
    "aiselNo": "8",
    "store": "Market Basket",
    "weightType": "30.5 oz",
    "imageName": "3341.jpg",
    "defaultImage": "3341.jpg",
    "updatedTimestamp": "Jan 23, 2021 8:02:30 PM",
    "createdTimestamp": "Jan 23, 2021 8:02:30 PM",
    "isNewlyAdded": false,
    "isActive": true,
    "isDealsEnabled": false,
    "quantity": 0
  },
  {
    "id": 4076,
    "code": "Market Basket Beef Chuck Boneless Top Blade Steak",
    "desc": "Market Basket Beef Chuck Boneless Top Blade Steak",
    "shortDesc": "Market Basket Beef Chuck Boneless Top Blade Steak",
    "tags": [
      "Beef"
    ],
    "categories": [
      {
        "code": "Meat & Seafood",
        "desc": "Meat & Seafood"
      }
    ],
    "subCategories": [
      {
        "code": "Meat & Seafood Counter",
        "desc": "Meat & Seafood Counter"
      }
    ],
    "brands": [
      {
        "code": "Market Basket",
        "desc": "Market Basket"
      }
    ],
    "price": {
      "basePrice": 9.74,
      "discountPrice": 9.74
    },
    "type": {
      "code": "Beef",
      "desc": "Beef"
    },
    "weight": "Approx: 1.50 lb at $6.49/lb",
    "UpcCode": "",
    "tax": 0.0,
    "spiceLevel": "",
    "aiselNo": "22",
    "store": "Market Basket",
    "weightType": "Approx: 1.50 lb at $6.49/lb",
    "imageName": "Market Basket.jpg",
    "defaultImage": "Market Basket.jpg",
    "updatedTimestamp": "Jan 23, 2021 8:02:30 PM",
    "createdTimestamp": "Jan 23, 2021 8:02:30 PM",
    "isNewlyAdded": false,
    "isActive": true,
    "isDealsEnabled": false,
    "quantity": 0
  },
  {
    "id": 4693,
    "code": "StarKistÃÂ® StarKist Chunk White Albacore Tuna In Water",
    "desc": "StarKistÃÂ® StarKist Chunk White Albacore Tuna In Water",
    "shortDesc": "StarKistÃÂ® StarKist Chunk White Albacore Tuna In Water",
    "tags": [
      "Canned Tuna"
    ],
    "categories": [
      {
        "code": "Meat & Seafood",
        "desc": "Meat & Seafood"
      }
    ],
    "subCategories": [
      {
        "code": "Canned Meat & Seafood",
        "desc": "Canned Meat & Seafood"
      }
    ],
    "brands": [
      {
        "code": "StarKistÃÂ®",
        "desc": "StarKistÃÂ®"
      }
    ],
    "price": {
      "basePrice": 1.29,
      "discountPrice": 1.29
    },
    "type": {
      "code": "Canned Tuna",
      "desc": "Canned Tuna"
    },
    "weight": "5 oz",
    "UpcCode": "",
    "tax": 0.0,
    "spiceLevel": "",
    "aiselNo": "2",
    "store": "Market Basket",
    "weightType": "5 oz",
    "imageName": "5201.jpg",
    "defaultImage": "5201.jpg",
    "updatedTimestamp": "Jan 23, 2021 8:02:30 PM",
    "createdTimestamp": "Jan 23, 2021 8:02:30 PM",
    "isNewlyAdded": false,
    "isActive": true,
    "isDealsEnabled": false,
    "quantity": 0
  },
  {
    "id": 14888,
    "code": "Always Xtra Protection Regular",
    "desc": "Always Xtra Protection Regular",
    "shortDesc": "Always Xtra Protection Regular",
    "tags": [
      "Menstrual Pads"
    ],
    "categories": [
      {
        "code": "Personal Care",
        "desc": "Personal Care"
      }
    ],
    "subCategories": [
      {
        "code": "Feminine Care",
        "desc": "Feminine Care"
      }
    ],
    "brands": [
      {
        "code": "Always",
        "desc": "Always"
      }
    ],
    "price": {
      "basePrice": 8.5,
      "discountPrice": 8.5
    },
    "type": {
      "code": "Menstrual Pads",
      "desc": "Menstrual Pads"
    },
    "weight": "100 count",
    "UpcCode": "",
    "tax": 1.0,
    "spiceLevel": "",
    "aiselNo": "13",
    "store": "Market Basket",
    "weightType": "100 count",
    "imageName": "18160.jpg",
    "defaultImage": "18160.jpg",
    "updatedTimestamp": "Jan 23, 2021 8:02:30 PM",
    "createdTimestamp": "Jan 23, 2021 8:02:30 PM",
    "isNewlyAdded": false,
    "isActive": true,
    "isDealsEnabled": false,
    "quantity": 0
  },
  {
    "id": 5127,
    "code": "Pepperidge Farm Milano Mint Chocolate Cookies",
    "desc": "Pepperidge Farm Milano Mint Chocolate Cookies",
    "shortDesc": "Pepperidge Farm Milano Mint Chocolate Cookies",
    "tags": [
      "Cookies & Cakes"
    ],
    "categories": [
      {
        "code": "Chips, Cookies & Snacks",
        "desc": "Chips, Cookies & Snacks"
      }
    ],
    "subCategories": [
      {
        "code": "Cookies & Crackers",
        "desc": "Cookies & Crackers"
      }
    ],
    "brands": [
      {
        "code": "Pepperidge Farm Milano",
        "desc": "Pepperidge Farm Milano"
      }
    ],
    "price": {
      "basePrice": 6.23,
      "discountPrice": 6.23
    },
    "type": {
      "code": "Cookies & Cakes",
      "desc": "Cookies & Cakes"
    },
    "weight": "9.5 oz",
    "UpcCode": "",
    "tax": 0.0,
    "spiceLevel": "",
    "aiselNo": "6",
    "store": "Market Basket",
    "weightType": "9.5 oz",
    "imageName": "No Image.jpg",
    "defaultImage": "No Image.jpg",
    "updatedTimestamp": "Jan 23, 2021 8:02:30 PM",
    "createdTimestamp": "Jan 23, 2021 8:02:30 PM",
    "isNewlyAdded": false,
    "isActive": true,
    "isDealsEnabled": false,
    "quantity": 0
  },
  {
    "id": 3951,
    "code": "Creamer Potato Bag",
    "desc": "Creamer Potato Bag",
    "shortDesc": "Creamer Potato Bag",
    "tags": [
      "Potato"
    ],
    "categories": [
      {
        "code": "Fresh Produce",
        "desc": "Fresh Produce"
      }
    ],
    "subCategories": [
      {
        "code": "Fresh Vegetables",
        "desc": "Fresh Vegetables"
      }
    ],
    "brands": [
      {
        "code": "Market Basket",
        "desc": "Market Basket"
      }
    ],
    "price": {
      "basePrice": 4.24,
      "discountPrice": 4.24
    },
    "type": {
      "code": "Potato",
      "desc": "Potato"
    },
    "weight": "5 lb bag",
    "UpcCode": "",
    "tax": 0.0,
    "spiceLevel": "",
    "aiselNo": "20",
    "store": "Market Basket",
    "weightType": "5 lb bag",
    "imageName": "14415.jpg",
    "defaultImage": "14415.jpg",
    "updatedTimestamp": "Jan 23, 2021 8:02:30 PM",
    "createdTimestamp": "Jan 23, 2021 8:02:30 PM",
    "isNewlyAdded": false,
    "isActive": true,
    "isDealsEnabled": false,
    "quantity": 0
  },
  {
    "id": 6412,
    "code": "Spindrift Sparkling Water Lime",
    "desc": "Spindrift Sparkling Water Lime",
    "shortDesc": "Spindrift Sparkling Water Lime",
    "tags": [
      "Sparkling Water"
    ],
    "categories": [
      {
        "code": "Beverages & Juices",
        "desc": "Beverages & Juices"
      }
    ],
    "subCategories": [
      {
        "code": "Water",
        "desc": "Water"
      }
    ],
    "brands": [
      {
        "code": "Spindrift",
        "desc": "Spindrift"
      }
    ],
    "price": {
      "basePrice": 6.24,
      "discountPrice": 6.24
    },
    "type": {
      "code": "Sparkling Water",
      "desc": "Sparkling Water"
    },
    "weight": "8 x 12 fl oz",
    "UpcCode": "",
    "tax": 0.0,
    "spiceLevel": "",
    "aiselNo": "11",
    "store": "Market Basket",
    "weightType": "8 x 12 fl oz",
    "imageName": "No Image.jpg",
    "defaultImage": "No Image.jpg",
    "updatedTimestamp": "Jan 23, 2021 8:02:30 PM",
    "createdTimestamp": "Jan 23, 2021 8:02:30 PM",
    "isNewlyAdded": false,
    "isActive": true,
    "isDealsEnabled": false,
    "quantity": 0
  },
  {
    "id": 14441,
    "code": "New England Coffee Colombian Supremo Ground Coffee",
    "desc": "New England Coffee Colombian Supremo Ground Coffee",
    "shortDesc": "New England Coffee Colombian Supremo Ground Coffee",
    "tags": [
      "Coffee"
    ],
    "categories": [
      {
        "code": "Breakfast & Dairy",
        "desc": "Breakfast & Dairy"
      }
    ],
    "subCategories": [
      {
        "code": "Tea & Coffee",
        "desc": "Tea & Coffee"
      }
    ],
    "brands": [
      {
        "code": "New England Coffee",
        "desc": "New England Coffee"
      }
    ],
    "price": {
      "basePrice": 7.39,
      "discountPrice": 7.39
    },
    "type": {
      "code": "Coffee",
      "desc": "Coffee"
    },
    "weight": "11 oz",
    "UpcCode": "",
    "tax": 0.0,
    "spiceLevel": "",
    "aiselNo": "8",
    "store": "Market Basket",
    "weightType": "11 oz",
    "imageName": "3374.jpg",
    "defaultImage": "3374.jpg",
    "updatedTimestamp": "Jan 23, 2021 8:02:30 PM",
    "createdTimestamp": "Jan 23, 2021 8:02:30 PM",
    "isNewlyAdded": false,
    "isActive": true,
    "isDealsEnabled": false,
    "quantity": 0
  },
  {
    "id": 7752,
    "code": "Goya Pink Beans Low Sodium",
    "desc": "Goya Pink Beans Low Sodium",
    "shortDesc": "Goya Pink Beans Low Sodium",
    "tags": [
      "Canned Meals & Beans"
    ],
    "categories": [
      {
        "code": "Cooking Needs",
        "desc": "Cooking Needs"
      }
    ],
    "subCategories": [
      {
        "code": "Canned Food",
        "desc": "Canned Food"
      }
    ],
    "brands": [
      {
        "code": "Goya",
        "desc": "Goya"
      }
    ],
    "price": {
      "basePrice": 2.19,
      "discountPrice": 2.19
    },
    "type": {
      "code": "Canned Meals & Beans",
      "desc": "Canned Meals & Beans"
    },
    "weight": "29 oz",
    "UpcCode": "",
    "tax": 0.0,
    "spiceLevel": "",
    "aiselNo": "7",
    "store": "Market Basket",
    "weightType": "29 oz",
    "imageName": "5105.jpg",
    "defaultImage": "5105.jpg",
    "updatedTimestamp": "Jan 23, 2021 8:02:30 PM",
    "createdTimestamp": "Jan 23, 2021 8:02:30 PM",
    "isNewlyAdded": false,
    "isActive": true,
    "isDealsEnabled": false,
    "quantity": 0
  },
  {
    "id": 6857,
    "code": "Heath Milk Chocolate Toffee Bits",
    "desc": "Heath Milk Chocolate Toffee Bits",
    "shortDesc": "Heath Milk Chocolate Toffee Bits",
    "tags": [
      "Baking Ingredients"
    ],
    "categories": [
      {
        "code": "Cooking Needs",
        "desc": "Cooking Needs"
      }
    ],
    "subCategories": [
      {
        "code": "Baking & Cooking",
        "desc": "Baking & Cooking"
      }
    ],
    "brands": [
      {
        "code": "Heath Milk Chocolate",
        "desc": "Heath Milk Chocolate"
      }
    ],
    "price": {
      "basePrice": 4.09,
      "discountPrice": 4.09
    },
    "type": {
      "code": "Baking Ingredients",
      "desc": "Baking Ingredients"
    },
    "weight": "8 oz",
    "UpcCode": "",
    "tax": 0.0,
    "spiceLevel": "",
    "aiselNo": "8",
    "store": "Market Basket",
    "weightType": "8 oz",
    "imageName": "15703.jpg",
    "defaultImage": "15703.jpg",
    "updatedTimestamp": "Jan 23, 2021 8:02:30 PM",
    "createdTimestamp": "Jan 23, 2021 8:02:30 PM",
    "isNewlyAdded": false,
    "isActive": true,
    "isDealsEnabled": false,
    "quantity": 0
  },
  {
    "id": 358,
    "code": "Market Basket Twist And Store Storage Containers",
    "desc": "Market Basket Twist And Store Storage Containers",
    "shortDesc": "Market Basket Twist And Store Storage Containers",
    "tags": [
      "Storage Containers"
    ],
    "categories": [
      {
        "code": "Kitchen & Cleaning",
        "desc": "Kitchen & Cleaning"
      }
    ],
    "subCategories": [
      {
        "code": "Food Storage & Kitchen Supplies",
        "desc": "Food Storage & Kitchen Supplies"
      }
    ],
    "brands": [
      {
        "code": "Market Basket",
        "desc": "Market Basket"
      }
    ],
    "price": {
      "basePrice": 2.49,
      "discountPrice": 2.49
    },
    "type": {
      "code": "Storage Containers",
      "desc": "Storage Containers"
    },
    "weight": "3 count",
    "UpcCode": "",
    "tax": 1.0,
    "spiceLevel": "",
    "aiselNo": "12",
    "store": "Market Basket",
    "weightType": "3 count",
    "imageName": "Market Basket.jpg",
    "defaultImage": "Market Basket.jpg",
    "updatedTimestamp": "Jan 23, 2021 8:02:30 PM",
    "createdTimestamp": "Jan 23, 2021 8:02:30 PM",
    "isNewlyAdded": false,
    "isActive": true,
    "isDealsEnabled": false,
    "quantity": 0
  },
  {
    "id": 4150,
    "code": "Carando Spiral Sliced Ham",
    "desc": "Carando Spiral Sliced Ham",
    "shortDesc": "Carando Spiral Sliced Ham",
    "tags": [
      "Ham"
    ],
    "categories": [
      {
        "code": "Meat & Seafood",
        "desc": "Meat & Seafood"
      }
    ],
    "subCategories": [
      {
        "code": "Meat & Seafood Counter",
        "desc": "Meat & Seafood Counter"
      }
    ],
    "brands": [
      {
        "code": "Carando",
        "desc": "Carando"
      }
    ],
    "price": {
      "basePrice": 21.89,
      "discountPrice": 21.89
    },
    "type": {
      "code": "Ham",
      "desc": "Ham"
    },
    "weight": "1 lb",
    "UpcCode": "",
    "tax": 0.0,
    "spiceLevel": "",
    "aiselNo": "22",
    "store": "Market Basket",
    "weightType": "1 lb",
    "imageName": "No Image.jpg",
    "defaultImage": "No Image.jpg",
    "updatedTimestamp": "Jan 23, 2021 8:02:30 PM",
    "createdTimestamp": "Jan 23, 2021 8:02:30 PM",
    "isNewlyAdded": false,
    "isActive": true,
    "isDealsEnabled": false,
    "quantity": 0
  },
  {
    "id": 5263,
    "code": "Eatsmart Snacks Veggie Crisps 8 Snack Packs",
    "desc": "Eatsmart Snacks Veggie Crisps 8 Snack Packs",
    "shortDesc": "Eatsmart Snacks Veggie Crisps 8 Snack Packs",
    "tags": [
      "Chips & Pretzels"
    ],
    "categories": [
      {
        "code": "Chips, Cookies & Snacks",
        "desc": "Chips, Cookies & Snacks"
      }
    ],
    "subCategories": [
      {
        "code": "Chips & Fruit Snacks",
        "desc": "Chips & Fruit Snacks"
      }
    ],
    "brands": [
      {
        "code": "Eatsmart Snacks",
        "desc": "Eatsmart Snacks"
      }
    ],
    "price": {
      "basePrice": 7.8,
      "discountPrice": 7.8
    },
    "type": {
      "code": "Chips & Pretzels",
      "desc": "Chips & Pretzels"
    },
    "weight": "8 x 0.75 oz",
    "UpcCode": "",
    "tax": 0.0,
    "spiceLevel": "",
    "aiselNo": "0",
    "store": "Market Basket",
    "weightType": "8 x 0.75 oz",
    "imageName": "No Image.jpg",
    "defaultImage": "No Image.jpg",
    "updatedTimestamp": "Jan 23, 2021 8:02:30 PM",
    "createdTimestamp": "Jan 23, 2021 8:02:30 PM",
    "isNewlyAdded": false,
    "isActive": true,
    "isDealsEnabled": false,
    "quantity": 0
  },
  {
    "id": 302,
    "code": "Hefty Ez Foil 13 1/4 In. X 9 5/8 In. X 2 3/4 In. All-Purpose Pan",
    "desc": "Hefty Ez Foil 13 1/4 In. X 9 5/8 In. X 2 3/4 In. All-Purpose Pan",
    "shortDesc": "Hefty Ez Foil 13 1/4 In. X 9 5/8 In. X 2 3/4 In. All-Purpose Pan",
    "tags": [
      "Multi Purpose Pans"
    ],
    "categories": [
      {
        "code": "Kitchen & Cleaning",
        "desc": "Kitchen & Cleaning"
      }
    ],
    "subCategories": [
      {
        "code": "Food Storage & Kitchen Supplies",
        "desc": "Food Storage & Kitchen Supplies"
      }
    ],
    "brands": [
      {
        "code": "Hefty",
        "desc": "Hefty"
      }
    ],
    "price": {
      "basePrice": 3.09,
      "discountPrice": 3.09
    },
    "type": {
      "code": "Multi Purpose Pans",
      "desc": "Multi Purpose Pans"
    },
    "weight": "1 count",
    "UpcCode": "",
    "tax": 1.0,
    "spiceLevel": "",
    "aiselNo": "12",
    "store": "Market Basket",
    "weightType": "1 count",
    "imageName": "4463.jpg",
    "defaultImage": "4463.jpg",
    "updatedTimestamp": "Jan 23, 2021 8:02:30 PM",
    "createdTimestamp": "Jan 23, 2021 8:02:30 PM",
    "isNewlyAdded": false,
    "isActive": true,
    "isDealsEnabled": false,
    "quantity": 0
  },
  {
    "id": 6108,
    "code": "Crush Orange Diet Soda",
    "desc": "Crush Orange Diet Soda",
    "shortDesc": "Crush Orange Diet Soda",
    "tags": [
      "Soft Drinks"
    ],
    "categories": [
      {
        "code": "Beverages & Juices",
        "desc": "Beverages & Juices"
      }
    ],
    "subCategories": [
      {
        "code": "Soft Drinks & Seltzers",
        "desc": "Soft Drinks & Seltzers"
      }
    ],
    "brands": [
      {
        "code": "Crush",
        "desc": "Crush"
      }
    ],
    "price": {
      "basePrice": 2.5,
      "discountPrice": 2.5
    },
    "type": {
      "code": "Soft Drinks",
      "desc": "Soft Drinks"
    },
    "weight": "2 L",
    "UpcCode": "",
    "tax": 0.0,
    "spiceLevel": "",
    "aiselNo": "17",
    "store": "Market Basket",
    "weightType": "2 L",
    "imageName": "16628.jpg",
    "defaultImage": "16628.jpg",
    "updatedTimestamp": "Jan 23, 2021 8:02:30 PM",
    "createdTimestamp": "Jan 23, 2021 8:02:30 PM",
    "isNewlyAdded": false,
    "isActive": true,
    "isDealsEnabled": false,
    "quantity": 0
  },
  {
    "id": 8104,
    "code": "Progresso Reduced Sodium Chicken Broth",
    "desc": "Progresso Reduced Sodium Chicken Broth",
    "shortDesc": "Progresso Reduced Sodium Chicken Broth",
    "tags": [
      "Soup, Broth & Bouillon"
    ],
    "categories": [
      {
        "code": "Cooking Needs",
        "desc": "Cooking Needs"
      }
    ],
    "subCategories": [
      {
        "code": "Canned Food",
        "desc": "Canned Food"
      }
    ],
    "brands": [
      {
        "code": "Progresso",
        "desc": "Progresso"
      }
    ],
    "price": {
      "basePrice": 2.49,
      "discountPrice": 2.49
    },
    "type": {
      "code": "Soup, Broth & Bouillon",
      "desc": "Soup, Broth & Bouillon"
    },
    "weight": "32 oz",
    "UpcCode": "",
    "tax": 0.0,
    "spiceLevel": "",
    "aiselNo": "2",
    "store": "Market Basket",
    "weightType": "32 oz",
    "imageName": "No Image.jpg",
    "defaultImage": "No Image.jpg",
    "updatedTimestamp": "Jan 23, 2021 8:02:30 PM",
    "createdTimestamp": "Jan 23, 2021 8:02:30 PM",
    "isNewlyAdded": false,
    "isActive": true,
    "isDealsEnabled": false,
    "quantity": 0
  },
  {
    "id": 5052,
    "code": "Keebler E.L. Fudge Elfwich Double Stuffed",
    "desc": "Keebler E.L. Fudge Elfwich Double Stuffed",
    "shortDesc": "Keebler E.L. Fudge Elfwich Double Stuffed",
    "tags": [
      "Cookies & Cakes"
    ],
    "categories": [
      {
        "code": "Chips, Cookies & Snacks",
        "desc": "Chips, Cookies & Snacks"
      }
    ],
    "subCategories": [
      {
        "code": "Cookies & Crackers",
        "desc": "Cookies & Crackers"
      }
    ],
    "brands": [
      {
        "code": "Keebler",
        "desc": "Keebler"
      }
    ],
    "price": {
      "basePrice": 3.91,
      "discountPrice": 3.91
    },
    "type": {
      "code": "Cookies & Cakes",
      "desc": "Cookies & Cakes"
    },
    "weight": "12 oz",
    "UpcCode": "",
    "tax": 0.0,
    "spiceLevel": "",
    "aiselNo": "6",
    "store": "Market Basket",
    "weightType": "12 oz",
    "imageName": "No Image.jpg",
    "defaultImage": "No Image.jpg",
    "updatedTimestamp": "Jan 23, 2021 8:02:30 PM",
    "createdTimestamp": "Jan 23, 2021 8:02:30 PM",
    "isNewlyAdded": false,
    "isActive": true,
    "isDealsEnabled": false,
    "quantity": 0
  },
  {
    "id": 13507,
    "code": "Market Basket Reduced Fat Milk",
    "desc": "Market Basket Reduced Fat Milk",
    "shortDesc": "Market Basket Reduced Fat Milk",
    "tags": [
      "Milk"
    ],
    "categories": [
      {
        "code": "Breakfast & Dairy",
        "desc": "Breakfast & Dairy"
      }
    ],
    "subCategories": [
      {
        "code": "Dairy & Eggs",
        "desc": "Dairy & Eggs"
      }
    ],
    "brands": [
      {
        "code": "Market Basket",
        "desc": "Market Basket"
      }
    ],
    "price": {
      "basePrice": 4.59,
      "discountPrice": 4.59
    },
    "type": {
      "code": "Milk",
      "desc": "Milk"
    },
    "weight": "64 oz",
    "UpcCode": "",
    "tax": 0.0,
    "spiceLevel": "",
    "aiselNo": "1",
    "store": "Market Basket",
    "weightType": "64 oz",
    "imageName": "Market Basket.jpg",
    "defaultImage": "Market Basket.jpg",
    "updatedTimestamp": "Jan 23, 2021 8:02:30 PM",
    "createdTimestamp": "Jan 23, 2021 8:02:30 PM",
    "isNewlyAdded": false,
    "isActive": true,
    "isDealsEnabled": false,
    "quantity": 0
  },
  {
    "id": 3989,
    "code": "Wei Chuan Sliced Bamboo Shoots",
    "desc": "Wei Chuan Sliced Bamboo Shoots",
    "shortDesc": "Wei Chuan Sliced Bamboo Shoots",
    "tags": [
      "Speciality Produce"
    ],
    "categories": [
      {
        "code": "Fresh Produce",
        "desc": "Fresh Produce"
      }
    ],
    "subCategories": [
      {
        "code": "Fresh Vegetables",
        "desc": "Fresh Vegetables"
      }
    ],
    "brands": [
      {
        "code": "Market Basket",
        "desc": "Market Basket"
      }
    ],
    "price": {
      "basePrice": 1.71,
      "discountPrice": 1.71
    },
    "type": {
      "code": "Speciality Produce",
      "desc": "Speciality Produce"
    },
    "weight": "19 oz",
    "UpcCode": "",
    "tax": 0.0,
    "spiceLevel": "",
    "aiselNo": "20",
    "store": "Market Basket",
    "weightType": "19 oz",
    "imageName": "FP145.jpg",
    "defaultImage": "FP145.jpg",
    "updatedTimestamp": "Jan 23, 2021 8:02:30 PM",
    "createdTimestamp": "Jan 23, 2021 8:02:30 PM",
    "isNewlyAdded": false,
    "isActive": true,
    "isDealsEnabled": false,
    "quantity": 0
  },
  {
    "id": 8406,
    "code": "Goya Mojo Criollo Marinade",
    "desc": "Goya Mojo Criollo Marinade",
    "shortDesc": "Goya Mojo Criollo Marinade",
    "tags": [
      "Marinades & Meat Preparation"
    ],
    "categories": [
      {
        "code": "Condiments & Dressings",
        "desc": "Condiments & Dressings"
      }
    ],
    "subCategories": [
      {
        "code": "Marinades, Ketchup & Sauces",
        "desc": "Marinades, Ketchup & Sauces"
      }
    ],
    "brands": [
      {
        "code": "Goya",
        "desc": "Goya"
      }
    ],
    "price": {
      "basePrice": 2.49,
      "discountPrice": 2.49
    },
    "type": {
      "code": "Marinades & Meat Preparation",
      "desc": "Marinades & Meat Preparation"
    },
    "weight": "24 fl oz",
    "UpcCode": "",
    "tax": 0.0,
    "spiceLevel": "",
    "aiselNo": "9",
    "store": "Market Basket",
    "weightType": "24 fl oz",
    "imageName": "15567.jpg",
    "defaultImage": "15567.jpg",
    "updatedTimestamp": "Jan 23, 2021 8:02:30 PM",
    "createdTimestamp": "Jan 23, 2021 8:02:30 PM",
    "isNewlyAdded": false,
    "isActive": true,
    "isDealsEnabled": false,
    "quantity": 0
  },
  {
    "id": 14524,
    "code": "Bigelow Decaffeinated Classic Green Tea",
    "desc": "Bigelow Decaffeinated Classic Green Tea",
    "shortDesc": "Bigelow Decaffeinated Classic Green Tea",
    "tags": [
      "Tea"
    ],
    "categories": [
      {
        "code": "Breakfast & Dairy",
        "desc": "Breakfast & Dairy"
      }
    ],
    "subCategories": [
      {
        "code": "Tea & Coffee",
        "desc": "Tea & Coffee"
      }
    ],
    "brands": [
      {
        "code": "Bigelow ",
        "desc": "Bigelow "
      }
    ],
    "price": {
      "basePrice": 2.49,
      "discountPrice": 2.49
    },
    "type": {
      "code": "Tea",
      "desc": "Tea"
    },
    "weight": "20 count",
    "UpcCode": "",
    "tax": 0.0,
    "spiceLevel": "",
    "aiselNo": "8",
    "store": "Market Basket",
    "weightType": "20 count",
    "imageName": "3433.jpg",
    "defaultImage": "3433.jpg",
    "updatedTimestamp": "Jan 23, 2021 8:02:30 PM",
    "createdTimestamp": "Jan 23, 2021 8:02:30 PM",
    "isNewlyAdded": false,
    "isActive": true,
    "isDealsEnabled": false,
    "quantity": 0
  },
  {
    "id": 9832,
    "code": "Market Basket Baby Lima Beans",
    "desc": "Market Basket Baby Lima Beans",
    "shortDesc": "Market Basket Baby Lima Beans",
    "tags": [
      "Frozen Produce"
    ],
    "categories": [
      {
        "code": "Frozen Food",
        "desc": "Frozen Food"
      }
    ],
    "subCategories": [
      {
        "code": "Frozen Produce",
        "desc": "Frozen Produce"
      }
    ],
    "brands": [
      {
        "code": "Market Basket",
        "desc": "Market Basket"
      }
    ],
    "price": {
      "basePrice": 1.89,
      "discountPrice": 1.89
    },
    "type": {
      "code": "Frozen Produce",
      "desc": "Frozen Produce"
    },
    "weight": "16 oz",
    "UpcCode": "",
    "tax": 0.0,
    "spiceLevel": "",
    "aiselNo": "19",
    "store": "Market Basket",
    "weightType": "16 oz",
    "imageName": "2415.jpg",
    "defaultImage": "2415.jpg",
    "updatedTimestamp": "Jan 23, 2021 8:02:30 PM",
    "createdTimestamp": "Jan 23, 2021 8:02:30 PM",
    "isNewlyAdded": false,
    "isActive": true,
    "isDealsEnabled": false,
    "quantity": 0
  },
  {
    "id": 453,
    "code": "Market Basket Grip N Tie Tall Kitchen Bags",
    "desc": "Market Basket Grip N Tie Tall Kitchen Bags",
    "shortDesc": "Market Basket Grip N Tie Tall Kitchen Bags",
    "tags": [
      "Tall Trash Bags"
    ],
    "categories": [
      {
        "code": "Kitchen & Cleaning",
        "desc": "Kitchen & Cleaning"
      }
    ],
    "subCategories": [
      {
        "code": "Trash Bags & Liners",
        "desc": "Trash Bags & Liners"
      }
    ],
    "brands": [
      {
        "code": "Market Basket",
        "desc": "Market Basket"
      }
    ],
    "price": {
      "basePrice": 3.69,
      "discountPrice": 3.69
    },
    "type": {
      "code": "Tall Trash Bags",
      "desc": "Tall Trash Bags"
    },
    "weight": "30 count",
    "UpcCode": "",
    "tax": 1.0,
    "spiceLevel": "",
    "aiselNo": "12",
    "store": "Market Basket",
    "weightType": "30 count",
    "imageName": "Market Basket.jpg",
    "defaultImage": "Market Basket.jpg",
    "updatedTimestamp": "Jan 23, 2021 8:02:30 PM",
    "createdTimestamp": "Jan 23, 2021 8:02:30 PM",
    "isNewlyAdded": false,
    "isActive": true,
    "isDealsEnabled": false,
    "quantity": 0
  },
  {
    "id": 6278,
    "code": "Glaceau Smart Water Alkaline",
    "desc": "Glaceau Smart Water Alkaline",
    "shortDesc": "Glaceau Smart Water Alkaline",
    "tags": [
      "Water"
    ],
    "categories": [
      {
        "code": "Beverages & Juices",
        "desc": "Beverages & Juices"
      }
    ],
    "subCategories": [
      {
        "code": "Water",
        "desc": "Water"
      }
    ],
    "brands": [
      {
        "code": "Glaceau",
        "desc": "Glaceau"
      }
    ],
    "price": {
      "basePrice": 2.49,
      "discountPrice": 2.49
    },
    "type": {
      "code": "Water",
      "desc": "Water"
    },
    "weight": "50.7 fl oz",
    "UpcCode": "",
    "tax": 0.0,
    "spiceLevel": "",
    "aiselNo": "11",
    "store": "Market Basket",
    "weightType": "50.7 fl oz",
    "imageName": "No Image.jpg",
    "defaultImage": "No Image.jpg",
    "updatedTimestamp": "Jan 23, 2021 8:02:30 PM",
    "createdTimestamp": "Jan 23, 2021 8:02:30 PM",
    "isNewlyAdded": false,
    "isActive": true,
    "isDealsEnabled": false,
    "quantity": 0
  },
  {
    "id": 13391,
    "code": "NestlÃÂ© Coffee Mate The Original Powder Coffee Creamer",
    "desc": "NestlÃÂ© Coffee Mate The Original Powder Coffee Creamer",
    "shortDesc": "NestlÃÂ© Coffee Mate The Original Powder Coffee Creamer",
    "tags": [
      "Cream"
    ],
    "categories": [
      {
        "code": "Breakfast & Dairy",
        "desc": "Breakfast & Dairy"
      }
    ],
    "subCategories": [
      {
        "code": "Dairy & Eggs",
        "desc": "Dairy & Eggs"
      }
    ],
    "brands": [
      {
        "code": "Nestle",
        "desc": "Nestle"
      }
    ],
    "price": {
      "basePrice": 2.09,
      "discountPrice": 2.09
    },
    "type": {
      "code": "Cream",
      "desc": "Cream"
    },
    "weight": "6 oz",
    "UpcCode": "",
    "tax": 0.0,
    "spiceLevel": "",
    "aiselNo": "1",
    "store": "Market Basket",
    "weightType": "6 oz",
    "imageName": "546.jpg",
    "defaultImage": "546.jpg",
    "updatedTimestamp": "Jan 23, 2021 8:02:30 PM",
    "createdTimestamp": "Jan 23, 2021 8:02:30 PM",
    "isNewlyAdded": false,
    "isActive": true,
    "isDealsEnabled": false,
    "quantity": 0
  },
  {
    "id": 4108,
    "code": "Bell & Evans Chicken",
    "desc": "Bell & Evans Chicken",
    "shortDesc": "Bell & Evans Chicken",
    "tags": [
      "Chicken"
    ],
    "categories": [
      {
        "code": "Meat & Seafood",
        "desc": "Meat & Seafood"
      }
    ],
    "subCategories": [
      {
        "code": "Meat & Seafood Counter",
        "desc": "Meat & Seafood Counter"
      }
    ],
    "brands": [
      {
        "code": "Bell & Evans",
        "desc": "Bell & Evans"
      }
    ],
    "price": {
      "basePrice": 14.09,
      "discountPrice": 14.09
    },
    "type": {
      "code": "Chicken",
      "desc": "Chicken"
    },
    "weight": "1 lb",
    "UpcCode": "",
    "tax": 0.0,
    "spiceLevel": "",
    "aiselNo": "22",
    "store": "Market Basket",
    "weightType": "1 lb",
    "imageName": "No Image.jpg",
    "defaultImage": "No Image.jpg",
    "updatedTimestamp": "Jan 23, 2021 8:02:30 PM",
    "createdTimestamp": "Jan 23, 2021 8:02:30 PM",
    "isNewlyAdded": false,
    "isActive": true,
    "isDealsEnabled": false,
    "quantity": 0
  },
  {
    "id": 6076,
    "code": "Green Cola No Sugar",
    "desc": "Green Cola No Sugar",
    "shortDesc": "Green Cola No Sugar",
    "tags": [
      "Soft Drinks"
    ],
    "categories": [
      {
        "code": "Beverages & Juices",
        "desc": "Beverages & Juices"
      }
    ],
    "subCategories": [
      {
        "code": "Soft Drinks & Seltzers",
        "desc": "Soft Drinks & Seltzers"
      }
    ],
    "brands": [
      {
        "code": "Green Cola",
        "desc": "Green Cola"
      }
    ],
    "price": {
      "basePrice": 2.5,
      "discountPrice": 2.5
    },
    "type": {
      "code": "Soft Drinks",
      "desc": "Soft Drinks"
    },
    "weight": "67.6 fl oz",
    "UpcCode": "",
    "tax": 0.0,
    "spiceLevel": "",
    "aiselNo": "17",
    "store": "Market Basket",
    "weightType": "67.6 fl oz",
    "imageName": "No Image.jpg",
    "defaultImage": "No Image.jpg",
    "updatedTimestamp": "Jan 23, 2021 8:02:30 PM",
    "createdTimestamp": "Jan 23, 2021 8:02:30 PM",
    "isNewlyAdded": false,
    "isActive": true,
    "isDealsEnabled": false,
    "quantity": 0
  },
  {
    "id": 8817,
    "code": "Good Seasons Balsamic Dressing & Recipe Mix",
    "desc": "Good Seasons Balsamic Dressing & Recipe Mix",
    "shortDesc": "Good Seasons Balsamic Dressing & Recipe Mix",
    "tags": [
      "Salad Dressing & Toppings"
    ],
    "categories": [
      {
        "code": "Condiments & Dressings",
        "desc": "Condiments & Dressings"
      }
    ],
    "subCategories": [
      {
        "code": "Salad Dressings & Toppings",
        "desc": "Salad Dressings & Toppings"
      }
    ],
    "brands": [
      {
        "code": "Good Seasons",
        "desc": "Good Seasons"
      }
    ],
    "price": {
      "basePrice": 1.69,
      "discountPrice": 1.69
    },
    "type": {
      "code": "Salad Dressing & Toppings",
      "desc": "Salad Dressing & Toppings"
    },
    "weight": "0.7 oz",
    "UpcCode": "",
    "tax": 0.0,
    "spiceLevel": "",
    "aiselNo": "2",
    "store": "Market Basket",
    "weightType": "0.7 oz",
    "imageName": "15457.jpg",
    "defaultImage": "15457.jpg",
    "updatedTimestamp": "Jan 23, 2021 8:02:30 PM",
    "createdTimestamp": "Jan 23, 2021 8:02:30 PM",
    "isNewlyAdded": false,
    "isActive": true,
    "isDealsEnabled": false,
    "quantity": 0
  },
  {
    "id": 9968,
    "code": "Breyer's Frozen Dairy Dessert Butter Almond",
    "desc": "Breyer's Frozen Dairy Dessert Butter Almond",
    "shortDesc": "Breyer's Frozen Dairy Dessert Butter Almond",
    "tags": [
      "Ice Cream & Ice"
    ],
    "categories": [
      {
        "code": "Frozen Food",
        "desc": "Frozen Food"
      }
    ],
    "subCategories": [
      {
        "code": "Ice Cream & Ice",
        "desc": "Ice Cream & Ice"
      }
    ],
    "brands": [
      {
        "code": "Breyer's",
        "desc": "Breyer's"
      }
    ],
    "price": {
      "basePrice": 4.79,
      "discountPrice": 4.79
    },
    "type": {
      "code": "Ice Cream & Ice",
      "desc": "Ice Cream & Ice"
    },
    "weight": "48 oz",
    "UpcCode": "",
    "tax": 0.0,
    "spiceLevel": "",
    "aiselNo": "21",
    "store": "Market Basket",
    "weightType": "48 oz",
    "imageName": "16205.jpg",
    "defaultImage": "16205.jpg",
    "updatedTimestamp": "Jan 23, 2021 8:02:30 PM",
    "createdTimestamp": "Jan 23, 2021 8:02:30 PM",
    "isNewlyAdded": false,
    "isActive": true,
    "isDealsEnabled": false,
    "quantity": 0
  },
  {
    "id": 7874,
    "code": "Portofino Yellowfin Tuna In Extra Virgin Olive Oil",
    "desc": "Portofino Yellowfin Tuna In Extra Virgin Olive Oil",
    "shortDesc": "Portofino Yellowfin Tuna In Extra Virgin Olive Oil",
    "tags": [
      "Canned Meat & Seafood"
    ],
    "categories": [
      {
        "code": "Cooking Needs",
        "desc": "Cooking Needs"
      }
    ],
    "subCategories": [
      {
        "code": "Canned Food",
        "desc": "Canned Food"
      }
    ],
    "brands": [
      {
        "code": "Portofino",
        "desc": "Portofino"
      }
    ],
    "price": {
      "basePrice": 1.29,
      "discountPrice": 1.29
    },
    "type": {
      "code": "Canned Meat & Seafood",
      "desc": "Canned Meat & Seafood"
    },
    "weight": "4.5 oz",
    "UpcCode": "",
    "tax": 0.0,
    "spiceLevel": "",
    "aiselNo": "2",
    "store": "Market Basket",
    "weightType": "4.5 oz",
    "imageName": "17165.jpg",
    "defaultImage": "17165.jpg",
    "updatedTimestamp": "Jan 23, 2021 8:02:30 PM",
    "createdTimestamp": "Jan 23, 2021 8:02:30 PM",
    "isNewlyAdded": false,
    "isActive": true,
    "isDealsEnabled": false,
    "quantity": 0
  },
  {
    "id": 13893,
    "code": "Market Basket Vanilla Almondmilk",
    "desc": "Market Basket Vanilla Almondmilk",
    "shortDesc": "Market Basket Vanilla Almondmilk",
    "tags": [
      "Soy & Lactose-Free"
    ],
    "categories": [
      {
        "code": "Breakfast & Dairy",
        "desc": "Breakfast & Dairy"
      }
    ],
    "subCategories": [
      {
        "code": "Dairy & Eggs",
        "desc": "Dairy & Eggs"
      }
    ],
    "brands": [
      {
        "code": "Market Basket",
        "desc": "Market Basket"
      }
    ],
    "price": {
      "basePrice": 2.09,
      "discountPrice": 2.09
    },
    "type": {
      "code": "Soy & Lactose-Free",
      "desc": "Soy & Lactose-Free"
    },
    "weight": "32 fl oz",
    "UpcCode": "",
    "tax": 0.0,
    "spiceLevel": "",
    "aiselNo": "1",
    "store": "Market Basket",
    "weightType": "32 fl oz",
    "imageName": "Market Basket.jpg",
    "defaultImage": "Market Basket.jpg",
    "updatedTimestamp": "Jan 23, 2021 8:02:30 PM",
    "createdTimestamp": "Jan 23, 2021 8:02:30 PM",
    "isNewlyAdded": false,
    "isActive": true,
    "isDealsEnabled": false,
    "quantity": 0
  },
  {
    "id": 14905,
    "code": "O.B. Pro Comfort Super Tampons",
    "desc": "O.B. Pro Comfort Super Tampons",
    "shortDesc": "O.B. Pro Comfort Super Tampons",
    "tags": [
      "Tampon"
    ],
    "categories": [
      {
        "code": "Personal Care",
        "desc": "Personal Care"
      }
    ],
    "subCategories": [
      {
        "code": "Feminine Care",
        "desc": "Feminine Care"
      }
    ],
    "brands": [
      {
        "code": "O.B.",
        "desc": "O.B."
      }
    ],
    "price": {
      "basePrice": 5.62,
      "discountPrice": 5.62
    },
    "type": {
      "code": "Tampon",
      "desc": "Tampon"
    },
    "weight": "18 count",
    "UpcCode": "",
    "tax": 1.0,
    "spiceLevel": "",
    "aiselNo": "13",
    "store": "Market Basket",
    "weightType": "18 count",
    "imageName": "No Image.jpg",
    "defaultImage": "No Image.jpg",
    "updatedTimestamp": "Jan 23, 2021 8:02:30 PM",
    "createdTimestamp": "Jan 23, 2021 8:02:30 PM",
    "isNewlyAdded": false,
    "isActive": true,
    "isDealsEnabled": false,
    "quantity": 0
  },
  {
    "id": 5373,
    "code": "Kinnikinnick Kinnitoos Chocolate Sandwich Creme Cookies",
    "desc": "Kinnikinnick Kinnitoos Chocolate Sandwich Creme Cookies",
    "shortDesc": "Kinnikinnick Kinnitoos Chocolate Sandwich Creme Cookies",
    "tags": [
      "Cookies & Cakes"
    ],
    "categories": [
      {
        "code": "Chips, Cookies & Snacks",
        "desc": "Chips, Cookies & Snacks"
      }
    ],
    "subCategories": [
      {
        "code": "Cookies & Crackers",
        "desc": "Cookies & Crackers"
      }
    ],
    "brands": [
      {
        "code": "Kinnikinnick",
        "desc": "Kinnikinnick"
      }
    ],
    "price": {
      "basePrice": 6.23,
      "discountPrice": 6.23
    },
    "type": {
      "code": "Cookies & Cakes",
      "desc": "Cookies & Cakes"
    },
    "weight": "8 oz",
    "UpcCode": "",
    "tax": 0.0,
    "spiceLevel": "",
    "aiselNo": "6",
    "store": "Market Basket",
    "weightType": "8 oz",
    "imageName": "No Image.jpg",
    "defaultImage": "No Image.jpg",
    "updatedTimestamp": "Jan 23, 2021 8:02:30 PM",
    "createdTimestamp": "Jan 23, 2021 8:02:30 PM",
    "isNewlyAdded": false,
    "isActive": true,
    "isDealsEnabled": false,
    "quantity": 0
  },
  {
    "id": 4662,
    "code": "Goya Mussels, in Pickled Sauce",
    "desc": "Goya Mussels, in Pickled Sauce",
    "shortDesc": "Goya Mussels, in Pickled Sauce",
    "tags": [
      "Other Seafood"
    ],
    "categories": [
      {
        "code": "Meat & Seafood",
        "desc": "Meat & Seafood"
      }
    ],
    "subCategories": [
      {
        "code": "Canned Meat & Seafood",
        "desc": "Canned Meat & Seafood"
      }
    ],
    "brands": [
      {
        "code": "Goya",
        "desc": "Goya"
      }
    ],
    "price": {
      "basePrice": 3.89,
      "discountPrice": 3.89
    },
    "type": {
      "code": "Other Seafood",
      "desc": "Other Seafood"
    },
    "weight": "4 oz",
    "UpcCode": "",
    "tax": 0.0,
    "spiceLevel": "",
    "aiselNo": "2",
    "store": "Market Basket",
    "weightType": "4 oz",
    "imageName": "5226.jpg",
    "defaultImage": "5226.jpg",
    "updatedTimestamp": "Jan 23, 2021 8:02:30 PM",
    "createdTimestamp": "Jan 23, 2021 8:02:30 PM",
    "isNewlyAdded": false,
    "isActive": true,
    "isDealsEnabled": false,
    "quantity": 0
  },
  {
    "id": 5467,
    "code": "Hershey's Nuggets Special Dark Mildly Sweet Chocolate with Almonds",
    "desc": "Hershey's Nuggets Special Dark Mildly Sweet Chocolate with Almonds",
    "shortDesc": "Hershey's Nuggets Special Dark Mildly Sweet Chocolate with Almonds",
    "tags": [
      "Candy & Chocolate"
    ],
    "categories": [
      {
        "code": "Chips, Cookies & Snacks",
        "desc": "Chips, Cookies & Snacks"
      }
    ],
    "subCategories": [
      {
        "code": "Candy & Chocolates",
        "desc": "Candy & Chocolates"
      }
    ],
    "brands": [
      {
        "code": "Hershey's",
        "desc": "Hershey's"
      }
    ],
    "price": {
      "basePrice": 2.49,
      "discountPrice": 2.49
    },
    "type": {
      "code": "Candy & Chocolate",
      "desc": "Candy & Chocolate"
    },
    "weight": "10.56 oz",
    "UpcCode": "",
    "tax": 0.0,
    "spiceLevel": "",
    "aiselNo": "3",
    "store": "Market Basket",
    "weightType": "10.56 oz",
    "imageName": "993.jpg",
    "defaultImage": "993.jpg",
    "updatedTimestamp": "Jan 23, 2021 8:02:30 PM",
    "createdTimestamp": "Jan 23, 2021 8:02:30 PM",
    "isNewlyAdded": false,
    "isActive": true,
    "isDealsEnabled": false,
    "quantity": 0
  },
  {
    "id": 15358,
    "code": "Sundown Naturals Saw Palmetto Herbal Supplememt",
    "desc": "Sundown Naturals Saw Palmetto Herbal Supplememt",
    "shortDesc": "Sundown Naturals Saw Palmetto Herbal Supplememt",
    "tags": [
      "Vitamins & Supplements"
    ],
    "categories": [
      {
        "code": "Personal Care",
        "desc": "Personal Care"
      }
    ],
    "subCategories": [
      {
        "code": "Vitamins & Proteins",
        "desc": "Vitamins & Proteins"
      }
    ],
    "brands": [
      {
        "code": "Sundown Naturals",
        "desc": "Sundown Naturals"
      }
    ],
    "price": {
      "basePrice": 9.19,
      "discountPrice": 9.19
    },
    "type": {
      "code": "Vitamins & Supplements",
      "desc": "Vitamins & Supplements"
    },
    "weight": "100 count",
    "UpcCode": "",
    "tax": 1.0,
    "spiceLevel": "",
    "aiselNo": "13",
    "store": "Market Basket",
    "weightType": "100 count",
    "imageName": "No Image.jpg",
    "defaultImage": "No Image.jpg",
    "updatedTimestamp": "Jan 23, 2021 8:02:30 PM",
    "createdTimestamp": "Jan 23, 2021 8:02:30 PM",
    "isNewlyAdded": false,
    "isActive": true,
    "isDealsEnabled": false,
    "quantity": 0
  },
  {
    "id": 3612,
    "code": "Thai Egg Plant",
    "desc": "Thai Egg Plant",
    "shortDesc": "Thai Egg Plant",
    "tags": [
      "Eggplant"
    ],
    "categories": [
      {
        "code": "Fresh Produce",
        "desc": "Fresh Produce"
      }
    ],
    "subCategories": [
      {
        "code": "Fresh Vegetables",
        "desc": "Fresh Vegetables"
      }
    ],
    "brands": [
      {
        "code": "Market Basket",
        "desc": "Market Basket"
      }
    ],
    "price": {
      "basePrice": 2.19,
      "discountPrice": 2.19
    },
    "type": {
      "code": "Eggplant",
      "desc": "Eggplant"
    },
    "weight": "1 lb",
    "UpcCode": "",
    "tax": 0.0,
    "spiceLevel": "",
    "aiselNo": "20",
    "store": "Market Basket",
    "weightType": "1 lb",
    "imageName": "f195.jpg",
    "defaultImage": "f195.jpg",
    "updatedTimestamp": "Jan 23, 2021 8:02:30 PM",
    "createdTimestamp": "Jan 23, 2021 8:02:30 PM",
    "isNewlyAdded": false,
    "isActive": true,
    "isDealsEnabled": false,
    "quantity": 0
  },
  {
    "id": 8081,
    "code": "Nongshim Bowl Noodle Soup Spicy Shrimp",
    "desc": "Nongshim Bowl Noodle Soup Spicy Shrimp",
    "shortDesc": "Nongshim Bowl Noodle Soup Spicy Shrimp",
    "tags": [
      "Soup, Broth & Bouillon"
    ],
    "categories": [
      {
        "code": "Cooking Needs",
        "desc": "Cooking Needs"
      }
    ],
    "subCategories": [
      {
        "code": "Canned Food",
        "desc": "Canned Food"
      }
    ],
    "brands": [
      {
        "code": "Nongshim",
        "desc": "Nongshim"
      }
    ],
    "price": {
      "basePrice": 1.29,
      "discountPrice": 1.29
    },
    "type": {
      "code": "Soup, Broth & Bouillon",
      "desc": "Soup, Broth & Bouillon"
    },
    "weight": "3.03 oz",
    "UpcCode": "",
    "tax": 0.0,
    "spiceLevel": "",
    "aiselNo": "2",
    "store": "Market Basket",
    "weightType": "3.03 oz",
    "imageName": "17187.jpg",
    "defaultImage": "17187.jpg",
    "updatedTimestamp": "Jan 23, 2021 8:02:30 PM",
    "createdTimestamp": "Jan 23, 2021 8:02:30 PM",
    "isNewlyAdded": false,
    "isActive": true,
    "isDealsEnabled": false,
    "quantity": 0
  },
  {
    "id": 14646,
    "code": "Twinings of London Herbal Tea Pure Rooibos Red",
    "desc": "Twinings of London Herbal Tea Pure Rooibos Red",
    "shortDesc": "Twinings of London Herbal Tea Pure Rooibos Red",
    "tags": [
      "Tea"
    ],
    "categories": [
      {
        "code": "Breakfast & Dairy",
        "desc": "Breakfast & Dairy"
      }
    ],
    "subCategories": [
      {
        "code": "Tea & Coffee",
        "desc": "Tea & Coffee"
      }
    ],
    "brands": [
      {
        "code": "Twinings",
        "desc": "Twinings"
      }
    ],
    "price": {
      "basePrice": 3.69,
      "discountPrice": 3.69
    },
    "type": {
      "code": "Tea",
      "desc": "Tea"
    },
    "weight": "20 count",
    "UpcCode": "",
    "tax": 0.0,
    "spiceLevel": "",
    "aiselNo": "8",
    "store": "Market Basket",
    "weightType": "20 count",
    "imageName": "3444.jpg",
    "defaultImage": "3444.jpg",
    "updatedTimestamp": "Jan 23, 2021 8:02:30 PM",
    "createdTimestamp": "Jan 23, 2021 8:02:30 PM",
    "isNewlyAdded": false,
    "isActive": true,
    "isDealsEnabled": false,
    "quantity": 0
  },
  {
    "id": 12689,
    "code": "Food for Life Food 4 Life Bread",
    "desc": "Food for Life Food 4 Life Bread",
    "shortDesc": "Food for Life Food 4 Life Bread",
    "tags": [
      "Bread"
    ],
    "categories": [
      {
        "code": "Breakfast & Dairy",
        "desc": "Breakfast & Dairy"
      }
    ],
    "subCategories": [
      {
        "code": "Breads & Rolls",
        "desc": "Breads & Rolls"
      }
    ],
    "brands": [
      {
        "code": "Food For Life",
        "desc": "Food For Life"
      }
    ],
    "price": {
      "basePrice": 5.99,
      "discountPrice": 5.99
    },
    "type": {
      "code": "Bread",
      "desc": "Bread"
    },
    "weight": "24 oz",
    "UpcCode": "",
    "tax": 0.0,
    "spiceLevel": "",
    "aiselNo": "18",
    "store": "Market Basket",
    "weightType": "24 oz",
    "imageName": "4775.jpg",
    "defaultImage": "4775.jpg",
    "updatedTimestamp": "Jan 23, 2021 8:02:30 PM",
    "createdTimestamp": "Jan 23, 2021 8:02:30 PM",
    "isNewlyAdded": false,
    "isActive": true,
    "isDealsEnabled": false,
    "quantity": 0
  },
  {
    "id": 13983,
    "code": "Stella Freshly Crumbled Blue Cheese",
    "desc": "Stella Freshly Crumbled Blue Cheese",
    "shortDesc": "Stella Freshly Crumbled Blue Cheese",
    "tags": [
      "Specialty Cheeses"
    ],
    "categories": [
      {
        "code": "Breakfast & Dairy",
        "desc": "Breakfast & Dairy"
      }
    ],
    "subCategories": [
      {
        "code": "Dairy & Eggs",
        "desc": "Dairy & Eggs"
      }
    ],
    "brands": [
      {
        "code": "Stella",
        "desc": "Stella"
      }
    ],
    "price": {
      "basePrice": 4.79,
      "discountPrice": 4.79
    },
    "type": {
      "code": "Specialty Cheeses",
      "desc": "Specialty Cheeses"
    },
    "weight": "10 oz",
    "UpcCode": "",
    "tax": 0.0,
    "spiceLevel": "",
    "aiselNo": "1",
    "store": "Market Basket",
    "weightType": "10 oz",
    "imageName": "Market Basket.jpg",
    "defaultImage": "Market Basket.jpg",
    "updatedTimestamp": "Jan 23, 2021 8:02:30 PM",
    "createdTimestamp": "Jan 23, 2021 8:02:30 PM",
    "isNewlyAdded": false,
    "isActive": true,
    "isDealsEnabled": false,
    "quantity": 0
  },
  {
    "id": 6247,
    "code": "Canada Dry Tonic Water",
    "desc": "Canada Dry Tonic Water",
    "shortDesc": "Canada Dry Tonic Water",
    "tags": [
      "Tonic Water"
    ],
    "categories": [
      {
        "code": "Beverages & Juices",
        "desc": "Beverages & Juices"
      }
    ],
    "subCategories": [
      {
        "code": "Water",
        "desc": "Water"
      }
    ],
    "brands": [
      {
        "code": "Canada Dry",
        "desc": "Canada Dry"
      }
    ],
    "price": {
      "basePrice": 1.24,
      "discountPrice": 1.24
    },
    "type": {
      "code": "Tonic Water",
      "desc": "Tonic Water"
    },
    "weight": "1 L",
    "UpcCode": "",
    "tax": 0.0,
    "spiceLevel": "",
    "aiselNo": "11",
    "store": "Market Basket",
    "weightType": "1 L",
    "imageName": "No Image.jpg",
    "defaultImage": "No Image.jpg",
    "updatedTimestamp": "Jan 23, 2021 8:02:30 PM",
    "createdTimestamp": "Jan 23, 2021 8:02:30 PM",
    "isNewlyAdded": false,
    "isActive": true,
    "isDealsEnabled": false,
    "quantity": 0
  },
  {
    "id": 8923,
    "code": "Marzetti Dressing Classic Ranch",
    "desc": "Marzetti Dressing Classic Ranch",
    "shortDesc": "Marzetti Dressing Classic Ranch",
    "tags": [
      "Salad Dressing & Toppings"
    ],
    "categories": [
      {
        "code": "Condiments & Dressings",
        "desc": "Condiments & Dressings"
      }
    ],
    "subCategories": [
      {
        "code": "Salad Dressings & Toppings",
        "desc": "Salad Dressings & Toppings"
      }
    ],
    "brands": [
      {
        "code": "Marzetti",
        "desc": "Marzetti"
      }
    ],
    "price": {
      "basePrice": 3.39,
      "discountPrice": 3.39
    },
    "type": {
      "code": "Salad Dressing & Toppings",
      "desc": "Salad Dressing & Toppings"
    },
    "weight": "15 fl oz",
    "UpcCode": "",
    "tax": 0.0,
    "spiceLevel": "",
    "aiselNo": "2",
    "store": "Market Basket",
    "weightType": "15 fl oz",
    "imageName": "15440.jpg",
    "defaultImage": "15440.jpg",
    "updatedTimestamp": "Jan 23, 2021 8:02:30 PM",
    "createdTimestamp": "Jan 23, 2021 8:02:30 PM",
    "isNewlyAdded": false,
    "isActive": true,
    "isDealsEnabled": false,
    "quantity": 0
  },
  {
    "id": 12845,
    "code": "Market Basket Raisin Bran Muffin",
    "desc": "Market Basket Raisin Bran Muffin",
    "shortDesc": "Market Basket Raisin Bran Muffin",
    "tags": [
      "Muffin"
    ],
    "categories": [
      {
        "code": "Breakfast & Dairy",
        "desc": "Breakfast & Dairy"
      }
    ],
    "subCategories": [
      {
        "code": "Breads & Rolls",
        "desc": "Breads & Rolls"
      }
    ],
    "brands": [
      {
        "code": "Market Basket",
        "desc": "Market Basket"
      }
    ],
    "price": {
      "basePrice": 2.19,
      "discountPrice": 2.19
    },
    "type": {
      "code": "Muffin",
      "desc": "Muffin"
    },
    "weight": "10 oz",
    "UpcCode": "",
    "tax": 0.0,
    "spiceLevel": "",
    "aiselNo": "0",
    "store": "Market Basket",
    "weightType": "10 oz",
    "imageName": "Market Basket.jpg",
    "defaultImage": "Market Basket.jpg",
    "updatedTimestamp": "Jan 23, 2021 8:02:30 PM",
    "createdTimestamp": "Jan 23, 2021 8:02:30 PM",
    "isNewlyAdded": false,
    "isActive": true,
    "isDealsEnabled": false,
    "quantity": 0
  },
  {
    "id": 14791,
    "code": "Suave Conditioner Deep Moisture",
    "desc": "Suave Conditioner Deep Moisture",
    "shortDesc": "Suave Conditioner Deep Moisture",
    "tags": [
      "Hair Care"
    ],
    "categories": [
      {
        "code": "Personal Care",
        "desc": "Personal Care"
      }
    ],
    "subCategories": [
      {
        "code": "Body Wash, Soap & Hair Care",
        "desc": "Body Wash, Soap & Hair Care"
      }
    ],
    "brands": [
      {
        "code": "Suave",
        "desc": "Suave"
      }
    ],
    "price": {
      "basePrice": 2.86,
      "discountPrice": 2.86
    },
    "type": {
      "code": "Hair Care",
      "desc": "Hair Care"
    },
    "weight": "12.6 fl oz",
    "UpcCode": "",
    "tax": 1.0,
    "spiceLevel": "",
    "aiselNo": "13",
    "store": "Market Basket",
    "weightType": "12.6 fl oz",
    "imageName": "6560.jpg",
    "defaultImage": "6560.jpg",
    "updatedTimestamp": "Jan 23, 2021 8:02:30 PM",
    "createdTimestamp": "Jan 23, 2021 8:02:30 PM",
    "isNewlyAdded": false,
    "isActive": true,
    "isDealsEnabled": false,
    "quantity": 0
  },
  {
    "id": 5425,
    "code": "Andes Creme De Menthe Thins",
    "desc": "Andes Creme De Menthe Thins",
    "shortDesc": "Andes Creme De Menthe Thins",
    "tags": [
      "Candy & Chocolate"
    ],
    "categories": [
      {
        "code": "Chips, Cookies & Snacks",
        "desc": "Chips, Cookies & Snacks"
      }
    ],
    "subCategories": [
      {
        "code": "Candy & Chocolates",
        "desc": "Candy & Chocolates"
      }
    ],
    "brands": [
      {
        "code": "Andes",
        "desc": "Andes"
      }
    ],
    "price": {
      "basePrice": 2.49,
      "discountPrice": 2.49
    },
    "type": {
      "code": "Candy & Chocolate",
      "desc": "Candy & Chocolate"
    },
    "weight": "4.67 oz",
    "UpcCode": "",
    "tax": 0.0,
    "spiceLevel": "",
    "aiselNo": "3",
    "store": "Market Basket",
    "weightType": "4.67 oz",
    "imageName": "14945.jpg",
    "defaultImage": "14945.jpg",
    "updatedTimestamp": "Jan 23, 2021 8:02:30 PM",
    "createdTimestamp": "Jan 23, 2021 8:02:30 PM",
    "isNewlyAdded": false,
    "isActive": true,
    "isDealsEnabled": false,
    "quantity": 0
  },
  {
    "id": 7238,
    "code": "Litehouse Freeze Dried Red Onion",
    "desc": "Litehouse Freeze Dried Red Onion",
    "shortDesc": "Litehouse Freeze Dried Red Onion",
    "tags": [
      "Spices & Seasonings"
    ],
    "categories": [
      {
        "code": "Cooking Needs",
        "desc": "Cooking Needs"
      }
    ],
    "subCategories": [
      {
        "code": "Spices & Seasonings",
        "desc": "Spices & Seasonings"
      }
    ],
    "brands": [
      {
        "code": "Litehouse",
        "desc": "Litehouse"
      }
    ],
    "price": {
      "basePrice": 4.09,
      "discountPrice": 4.09
    },
    "type": {
      "code": "Spices & Seasonings",
      "desc": "Spices & Seasonings"
    },
    "weight": "0.35 oz",
    "UpcCode": "",
    "tax": 0.0,
    "spiceLevel": "",
    "aiselNo": "9",
    "store": "Market Basket",
    "weightType": "0.35 oz",
    "imageName": "2280.jpg",
    "defaultImage": "2280.jpg",
    "updatedTimestamp": "Jan 23, 2021 8:02:30 PM",
    "createdTimestamp": "Jan 23, 2021 8:02:30 PM",
    "isNewlyAdded": false,
    "isActive": true,
    "isDealsEnabled": false,
    "quantity": 0
  },
  {
    "id": 7735,
    "code": "Eden Navy Beans, No Salt Added",
    "desc": "Eden Navy Beans, No Salt Added",
    "shortDesc": "Eden Navy Beans, No Salt Added",
    "tags": [
      "Canned Meals & Beans"
    ],
    "categories": [
      {
        "code": "Cooking Needs",
        "desc": "Cooking Needs"
      }
    ],
    "subCategories": [
      {
        "code": "Canned Food",
        "desc": "Canned Food"
      }
    ],
    "brands": [
      {
        "code": "Eden",
        "desc": "Eden"
      }
    ],
    "price": {
      "basePrice": 3.09,
      "discountPrice": 3.09
    },
    "type": {
      "code": "Canned Meals & Beans",
      "desc": "Canned Meals & Beans"
    },
    "weight": "15 oz",
    "UpcCode": "",
    "tax": 0.0,
    "spiceLevel": "",
    "aiselNo": "2",
    "store": "Market Basket",
    "weightType": "15 oz",
    "imageName": "17139.jpg",
    "defaultImage": "17139.jpg",
    "updatedTimestamp": "Jan 23, 2021 8:02:30 PM",
    "createdTimestamp": "Jan 23, 2021 8:02:30 PM",
    "isNewlyAdded": false,
    "isActive": true,
    "isDealsEnabled": false,
    "quantity": 0
  },
  {
    "id": 5128,
    "code": "Pepperidge Farm Lemon Flavored Chocolate Cookies",
    "desc": "Pepperidge Farm Lemon Flavored Chocolate Cookies",
    "shortDesc": "Pepperidge Farm Lemon Flavored Chocolate Cookies",
    "tags": [
      "Cookies & Cakes"
    ],
    "categories": [
      {
        "code": "Chips, Cookies & Snacks",
        "desc": "Chips, Cookies & Snacks"
      }
    ],
    "subCategories": [
      {
        "code": "Cookies & Crackers",
        "desc": "Cookies & Crackers"
      }
    ],
    "brands": [
      {
        "code": "Pepperidge Farm Milano",
        "desc": "Pepperidge Farm Milano"
      }
    ],
    "price": {
      "basePrice": 4.69,
      "discountPrice": 4.69
    },
    "type": {
      "code": "Cookies & Cakes",
      "desc": "Cookies & Cakes"
    },
    "weight": "7 oz",
    "UpcCode": "",
    "tax": 0.0,
    "spiceLevel": "",
    "aiselNo": "6",
    "store": "Market Basket",
    "weightType": "7 oz",
    "imageName": "No Image.jpg",
    "defaultImage": "No Image.jpg",
    "updatedTimestamp": "Jan 23, 2021 8:02:30 PM",
    "createdTimestamp": "Jan 23, 2021 8:02:30 PM",
    "isNewlyAdded": false,
    "isActive": true,
    "isDealsEnabled": false,
    "quantity": 0
  },
  {
    "id": 6231,
    "code": "Aha Sparkling Water Citrus + Green Tea",
    "desc": "Aha Sparkling Water Citrus + Green Tea",
    "shortDesc": "Aha Sparkling Water Citrus + Green Tea",
    "tags": [
      "Sparkling Water"
    ],
    "categories": [
      {
        "code": "Beverages & Juices",
        "desc": "Beverages & Juices"
      }
    ],
    "subCategories": [
      {
        "code": "Water",
        "desc": "Water"
      }
    ],
    "brands": [
      {
        "code": "Aha",
        "desc": "Aha"
      }
    ],
    "price": {
      "basePrice": 4.18,
      "discountPrice": 4.18
    },
    "type": {
      "code": "Sparkling Water",
      "desc": "Sparkling Water"
    },
    "weight": "8 x 12 fl oz",
    "UpcCode": "",
    "tax": 0.0,
    "spiceLevel": "",
    "aiselNo": "11",
    "store": "Market Basket",
    "weightType": "8 x 12 fl oz",
    "imageName": "No Image.jpg",
    "defaultImage": "No Image.jpg",
    "updatedTimestamp": "Jan 23, 2021 8:02:30 PM",
    "createdTimestamp": "Jan 23, 2021 8:02:30 PM",
    "isNewlyAdded": false,
    "isActive": true,
    "isDealsEnabled": false,
    "quantity": 0
  },
  {
    "id": 6947,
    "code": "Bob's Red Mill Organic Coconut Sugar",
    "desc": "Bob's Red Mill Organic Coconut Sugar",
    "shortDesc": "Bob's Red Mill Organic Coconut Sugar",
    "tags": [
      "Doughs, Gelatins & Bake Mixes"
    ],
    "categories": [
      {
        "code": "Cooking Needs",
        "desc": "Cooking Needs"
      }
    ],
    "subCategories": [
      {
        "code": "Baking & Cooking",
        "desc": "Baking & Cooking"
      }
    ],
    "brands": [
      {
        "code": "Bob's Red Mill",
        "desc": "Bob's Red Mill"
      }
    ],
    "price": {
      "basePrice": 5.49,
      "discountPrice": 5.49
    },
    "type": {
      "code": "Doughs, Gelatins & Bake Mixes",
      "desc": "Doughs, Gelatins & Bake Mixes"
    },
    "weight": "16 oz",
    "UpcCode": "",
    "tax": 0.0,
    "spiceLevel": "",
    "aiselNo": "8",
    "store": "Market Basket",
    "weightType": "16 oz",
    "imageName": "15615.jpg",
    "defaultImage": "15615.jpg",
    "updatedTimestamp": "Jan 23, 2021 8:02:30 PM",
    "createdTimestamp": "Jan 23, 2021 8:02:30 PM",
    "isNewlyAdded": false,
    "isActive": true,
    "isDealsEnabled": false,
    "quantity": 0
  },
  {
    "id": 14702,
    "code": "Market Basket High Power Body Wash Sport Scent",
    "desc": "Market Basket High Power Body Wash Sport Scent",
    "shortDesc": "Market Basket High Power Body Wash Sport Scent",
    "tags": [
      "Body Wash"
    ],
    "categories": [
      {
        "code": "Personal Care",
        "desc": "Personal Care"
      }
    ],
    "subCategories": [
      {
        "code": "Body Wash, Soap & Hair Care",
        "desc": "Body Wash, Soap & Hair Care"
      }
    ],
    "brands": [
      {
        "code": "Market Basket",
        "desc": "Market Basket"
      }
    ],
    "price": {
      "basePrice": 4.24,
      "discountPrice": 4.24
    },
    "type": {
      "code": "Body Wash",
      "desc": "Body Wash"
    },
    "weight": "18 fl oz",
    "UpcCode": "",
    "tax": 1.0,
    "spiceLevel": "",
    "aiselNo": "13",
    "store": "Market Basket",
    "weightType": "18 fl oz",
    "imageName": "Market Basket.jpg",
    "defaultImage": "Market Basket.jpg",
    "updatedTimestamp": "Jan 23, 2021 8:02:30 PM",
    "createdTimestamp": "Jan 23, 2021 8:02:30 PM",
    "isNewlyAdded": false,
    "isActive": true,
    "isDealsEnabled": false,
    "quantity": 0
  },
  {
    "id": 7905,
    "code": "Amy's Organic Low Fat Soups Split Pea",
    "desc": "Amy's Organic Low Fat Soups Split Pea",
    "shortDesc": "Amy's Organic Low Fat Soups Split Pea",
    "tags": [
      "Soup, Broth & Bouillon"
    ],
    "categories": [
      {
        "code": "Cooking Needs",
        "desc": "Cooking Needs"
      }
    ],
    "subCategories": [
      {
        "code": "Canned Food",
        "desc": "Canned Food"
      }
    ],
    "brands": [
      {
        "code": "Amy's",
        "desc": "Amy's"
      }
    ],
    "price": {
      "basePrice": 3.49,
      "discountPrice": 3.49
    },
    "type": {
      "code": "Soup, Broth & Bouillon",
      "desc": "Soup, Broth & Bouillon"
    },
    "weight": "14.1 oz",
    "UpcCode": "",
    "tax": 0.0,
    "spiceLevel": "",
    "aiselNo": "2",
    "store": "Market Basket",
    "weightType": "14.1 oz",
    "imageName": "17234.jpg",
    "defaultImage": "17234.jpg",
    "updatedTimestamp": "Jan 23, 2021 8:02:30 PM",
    "createdTimestamp": "Jan 23, 2021 8:02:30 PM",
    "isNewlyAdded": false,
    "isActive": true,
    "isDealsEnabled": false,
    "quantity": 0
  },
  {
    "id": 9997,
    "code": "Brigham's Ice Cream Vanilla",
    "desc": "Brigham's Ice Cream Vanilla",
    "shortDesc": "Brigham's Ice Cream Vanilla",
    "tags": [
      "Ice Cream & Ice"
    ],
    "categories": [
      {
        "code": "Frozen Food",
        "desc": "Frozen Food"
      }
    ],
    "subCategories": [
      {
        "code": "Ice Cream & Ice",
        "desc": "Ice Cream & Ice"
      }
    ],
    "brands": [
      {
        "code": "Brigham's Ice Cream",
        "desc": "Brigham's Ice Cream"
      }
    ],
    "price": {
      "basePrice": 4.79,
      "discountPrice": 4.79
    },
    "type": {
      "code": "Ice Cream & Ice",
      "desc": "Ice Cream & Ice"
    },
    "weight": "1 quart",
    "UpcCode": "",
    "tax": 0.0,
    "spiceLevel": "",
    "aiselNo": "21",
    "store": "Market Basket",
    "weightType": "1 quart",
    "imageName": "16127.jpg",
    "defaultImage": "16127.jpg",
    "updatedTimestamp": "Jan 23, 2021 8:02:30 PM",
    "createdTimestamp": "Jan 23, 2021 8:02:30 PM",
    "isNewlyAdded": false,
    "isActive": true,
    "isDealsEnabled": false,
    "quantity": 0
  },
  {
    "id": 8047,
    "code": "Market Basket Chicken With Rice Condensed Soup",
    "desc": "Market Basket Chicken With Rice Condensed Soup",
    "shortDesc": "Market Basket Chicken With Rice Condensed Soup",
    "tags": [
      "Soup, Broth & Bouillon"
    ],
    "categories": [
      {
        "code": "Cooking Needs",
        "desc": "Cooking Needs"
      }
    ],
    "subCategories": [
      {
        "code": "Canned Food",
        "desc": "Canned Food"
      }
    ],
    "brands": [
      {
        "code": "Market Basket",
        "desc": "Market Basket"
      }
    ],
    "price": {
      "basePrice": 0.99,
      "discountPrice": 0.99
    },
    "type": {
      "code": "Soup, Broth & Bouillon",
      "desc": "Soup, Broth & Bouillon"
    },
    "weight": "10.5 oz",
    "UpcCode": "",
    "tax": 0.0,
    "spiceLevel": "",
    "aiselNo": "2",
    "store": "Market Basket",
    "weightType": "10.5 oz",
    "imageName": "Market Basket.jpg",
    "defaultImage": "Market Basket.jpg",
    "updatedTimestamp": "Jan 23, 2021 8:02:30 PM",
    "createdTimestamp": "Jan 23, 2021 8:02:30 PM",
    "isNewlyAdded": false,
    "isActive": true,
    "isDealsEnabled": false,
    "quantity": 0
  },
  {
    "id": 132,
    "code": "Libman Scrubster Mop",
    "desc": "Libman Scrubster Mop",
    "shortDesc": "Libman Scrubster Mop",
    "tags": [
      "Mop"
    ],
    "categories": [
      {
        "code": "Kitchen & Cleaning",
        "desc": "Kitchen & Cleaning"
      }
    ],
    "subCategories": [
      {
        "code": "Cleaning Products",
        "desc": "Cleaning Products"
      }
    ],
    "brands": [
      {
        "code": "Libman",
        "desc": "Libman"
      }
    ],
    "price": {
      "basePrice": 12.19,
      "discountPrice": 12.19
    },
    "type": {
      "code": "Mop",
      "desc": "Mop"
    },
    "weight": "1 count",
    "UpcCode": "",
    "tax": 1.0,
    "spiceLevel": "",
    "aiselNo": "15",
    "store": "Market Basket",
    "weightType": "1 count",
    "imageName": "4323.jpg",
    "defaultImage": "4323.jpg",
    "updatedTimestamp": "Jan 23, 2021 8:02:30 PM",
    "createdTimestamp": "Jan 23, 2021 8:02:30 PM",
    "isNewlyAdded": false,
    "isActive": true,
    "isDealsEnabled": false,
    "quantity": 0
  },
  {
    "id": 15067,
    "code": "Bausch & Lomb Genuine Sensitive Eyes Rewetting Drops",
    "desc": "Bausch & Lomb Genuine Sensitive Eyes Rewetting Drops",
    "shortDesc": "Bausch & Lomb Genuine Sensitive Eyes Rewetting Drops",
    "tags": [
      "Eye & Ear Care"
    ],
    "categories": [
      {
        "code": "Personal Care",
        "desc": "Personal Care"
      }
    ],
    "subCategories": [
      {
        "code": "Personal Needs",
        "desc": "Personal Needs"
      }
    ],
    "brands": [
      {
        "code": "Bausch & Lomb",
        "desc": "Bausch & Lomb"
      }
    ],
    "price": {
      "basePrice": 9.88,
      "discountPrice": 9.88
    },
    "type": {
      "code": "Eye & Ear Care",
      "desc": "Eye & Ear Care"
    },
    "weight": "1 fl oz",
    "UpcCode": "",
    "tax": 1.0,
    "spiceLevel": "",
    "aiselNo": "13",
    "store": "Market Basket",
    "weightType": "1 fl oz",
    "imageName": "6480.jpg",
    "defaultImage": "6480.jpg",
    "updatedTimestamp": "Jan 23, 2021 8:02:30 PM",
    "createdTimestamp": "Jan 23, 2021 8:02:30 PM",
    "isNewlyAdded": false,
    "isActive": true,
    "isDealsEnabled": false,
    "quantity": 0
  },
  {
    "id": 7599,
    "code": "Spice World Garlic Minced",
    "desc": "Spice World Garlic Minced",
    "shortDesc": "Spice World Garlic Minced",
    "tags": [
      "Canned & Jarred Vegetables"
    ],
    "categories": [
      {
        "code": "Cooking Needs",
        "desc": "Cooking Needs"
      }
    ],
    "subCategories": [
      {
        "code": "Canned Food",
        "desc": "Canned Food"
      }
    ],
    "brands": [
      {
        "code": "Spice World",
        "desc": "Spice World"
      }
    ],
    "price": {
      "basePrice": 2.69,
      "discountPrice": 2.69
    },
    "type": {
      "code": "Canned & Jarred Vegetables",
      "desc": "Canned & Jarred Vegetables"
    },
    "weight": "8 oz container",
    "UpcCode": "",
    "tax": 0.0,
    "spiceLevel": "",
    "aiselNo": "9",
    "store": "Market Basket",
    "weightType": "8 oz container",
    "imageName": "17112.jpg",
    "defaultImage": "17112.jpg",
    "updatedTimestamp": "Jan 23, 2021 8:02:30 PM",
    "createdTimestamp": "Jan 23, 2021 8:02:30 PM",
    "isNewlyAdded": false,
    "isActive": true,
    "isDealsEnabled": false,
    "quantity": 0
  },
  {
    "id": 3491,
    "code": "Infinite Herbs Organic Basil Herb",
    "desc": "Infinite Herbs Organic Basil Herb",
    "shortDesc": "Infinite Herbs Organic Basil Herb",
    "tags": [
      "Basil"
    ],
    "categories": [
      {
        "code": "Fresh Produce",
        "desc": "Fresh Produce"
      }
    ],
    "subCategories": [
      {
        "code": "Fresh Organic Herbs",
        "desc": "Fresh Organic Herbs"
      }
    ],
    "brands": [
      {
        "code": "Infinite Herbs",
        "desc": "Infinite Herbs"
      }
    ],
    "price": {
      "basePrice": 4.7,
      "discountPrice": 4.7
    },
    "type": {
      "code": "Basil",
      "desc": "Basil"
    },
    "weight": "0.75 oz",
    "UpcCode": "",
    "tax": 0.0,
    "spiceLevel": "",
    "aiselNo": "20",
    "store": "Market Basket",
    "weightType": "0.75 oz",
    "imageName": "88.jpg",
    "defaultImage": "88.jpg",
    "updatedTimestamp": "Jan 23, 2021 8:02:30 PM",
    "createdTimestamp": "Jan 23, 2021 8:02:30 PM",
    "isNewlyAdded": false,
    "isActive": true,
    "isDealsEnabled": false,
    "quantity": 0
  },
  {
    "id": 4482,
    "code": "Shady Brook Farms Lean Turkey Sausage Original",
    "desc": "Shady Brook Farms Lean Turkey Sausage Original",
    "shortDesc": "Shady Brook Farms Lean Turkey Sausage Original",
    "tags": [
      "Sausage"
    ],
    "categories": [
      {
        "code": "Meat & Seafood",
        "desc": "Meat & Seafood"
      }
    ],
    "subCategories": [
      {
        "code": "Hot Dogs, Bacon & Sausage",
        "desc": "Hot Dogs, Bacon & Sausage"
      }
    ],
    "brands": [
      {
        "code": "Shady Brook Farms",
        "desc": "Shady Brook Farms"
      }
    ],
    "price": {
      "basePrice": 6.09,
      "discountPrice": 6.09
    },
    "type": {
      "code": "Sausage",
      "desc": "Sausage"
    },
    "weight": "16 oz",
    "UpcCode": "",
    "tax": 0.0,
    "spiceLevel": "",
    "aiselNo": "1",
    "store": "Market Basket",
    "weightType": "16 oz",
    "imageName": "16746.jpg",
    "defaultImage": "16746.jpg",
    "updatedTimestamp": "Jan 23, 2021 8:02:30 PM",
    "createdTimestamp": "Jan 23, 2021 8:02:30 PM",
    "isNewlyAdded": false,
    "isActive": true,
    "isDealsEnabled": false,
    "quantity": 0
  },
  {
    "id": 5382,
    "code": "Simple Mills Almond Flour Crackers Sun Dried Tomato & Basil",
    "desc": "Simple Mills Almond Flour Crackers Sun Dried Tomato & Basil",
    "shortDesc": "Simple Mills Almond Flour Crackers Sun Dried Tomato & Basil",
    "tags": [
      "Crackers"
    ],
    "categories": [
      {
        "code": "Chips, Cookies & Snacks",
        "desc": "Chips, Cookies & Snacks"
      }
    ],
    "subCategories": [
      {
        "code": "Cookies & Crackers",
        "desc": "Cookies & Crackers"
      }
    ],
    "brands": [
      {
        "code": "Simple Mills",
        "desc": "Simple Mills"
      }
    ],
    "price": {
      "basePrice": 6.23,
      "discountPrice": 6.23
    },
    "type": {
      "code": "Crackers",
      "desc": "Crackers"
    },
    "weight": "4.25 oz",
    "UpcCode": "",
    "tax": 0.0,
    "spiceLevel": "",
    "aiselNo": "6",
    "store": "Market Basket",
    "weightType": "4.25 oz",
    "imageName": "No Image.jpg",
    "defaultImage": "No Image.jpg",
    "updatedTimestamp": "Jan 23, 2021 8:02:30 PM",
    "createdTimestamp": "Jan 23, 2021 8:02:30 PM",
    "isNewlyAdded": false,
    "isActive": true,
    "isDealsEnabled": false,
    "quantity": 0
  },
  {
    "id": 14460,
    "code": "Peet's Coffee French Roast Dark Roast Ground Coffee",
    "desc": "Peet's Coffee French Roast Dark Roast Ground Coffee",
    "shortDesc": "Peet's Coffee French Roast Dark Roast Ground Coffee",
    "tags": [
      "Coffee"
    ],
    "categories": [
      {
        "code": "Breakfast & Dairy",
        "desc": "Breakfast & Dairy"
      }
    ],
    "subCategories": [
      {
        "code": "Tea & Coffee",
        "desc": "Tea & Coffee"
      }
    ],
    "brands": [
      {
        "code": "Peet's Coffee",
        "desc": "Peet's Coffee"
      }
    ],
    "price": {
      "basePrice": 10.99,
      "discountPrice": 10.99
    },
    "type": {
      "code": "Coffee",
      "desc": "Coffee"
    },
    "weight": "12 oz",
    "UpcCode": "",
    "tax": 0.0,
    "spiceLevel": "",
    "aiselNo": "8",
    "store": "Market Basket",
    "weightType": "12 oz",
    "imageName": "3327.jpg",
    "defaultImage": "3327.jpg",
    "updatedTimestamp": "Jan 23, 2021 8:02:30 PM",
    "createdTimestamp": "Jan 23, 2021 8:02:30 PM",
    "isNewlyAdded": false,
    "isActive": true,
    "isDealsEnabled": false,
    "quantity": 0
  },
  {
    "id": 5646,
    "code": "Extra Smooth Mint Sugarfree Gum",
    "desc": "Extra Smooth Mint Sugarfree Gum",
    "shortDesc": "Extra Smooth Mint Sugarfree Gum",
    "tags": [
      "Mint & Gum"
    ],
    "categories": [
      {
        "code": "Chips, Cookies & Snacks",
        "desc": "Chips, Cookies & Snacks"
      }
    ],
    "subCategories": [
      {
        "code": "Candy & Chocolates",
        "desc": "Candy & Chocolates"
      }
    ],
    "brands": [
      {
        "code": "Extra",
        "desc": "Extra"
      }
    ],
    "price": {
      "basePrice": 3.09,
      "discountPrice": 3.09
    },
    "type": {
      "code": "Mint & Gum",
      "desc": "Mint & Gum"
    },
    "weight": "3 ct",
    "UpcCode": "",
    "tax": 0.0,
    "spiceLevel": "",
    "aiselNo": "3",
    "store": "Market Basket",
    "weightType": "3 ct",
    "imageName": "1500.jpg",
    "defaultImage": "1500.jpg",
    "updatedTimestamp": "Jan 23, 2021 8:02:30 PM",
    "createdTimestamp": "Jan 23, 2021 8:02:30 PM",
    "isNewlyAdded": false,
    "isActive": true,
    "isDealsEnabled": false,
    "quantity": 0
  },
  {
    "id": 5021,
    "code": "Wise Lightly Salted Potato Chips",
    "desc": "Wise Lightly Salted Potato Chips",
    "shortDesc": "Wise Lightly Salted Potato Chips",
    "tags": [
      "Chips & Pretzels"
    ],
    "categories": [
      {
        "code": "Chips, Cookies & Snacks",
        "desc": "Chips, Cookies & Snacks"
      }
    ],
    "subCategories": [
      {
        "code": "Chips & Fruit Snacks",
        "desc": "Chips & Fruit Snacks"
      }
    ],
    "brands": [
      {
        "code": "Wise",
        "desc": "Wise"
      }
    ],
    "price": {
      "basePrice": 4.69,
      "discountPrice": 4.69
    },
    "type": {
      "code": "Chips & Pretzels",
      "desc": "Chips & Pretzels"
    },
    "weight": "9 oz",
    "UpcCode": "",
    "tax": 0.0,
    "spiceLevel": "",
    "aiselNo": "0",
    "store": "Market Basket",
    "weightType": "9 oz",
    "imageName": "947.jpg",
    "defaultImage": "947.jpg",
    "updatedTimestamp": "Jan 23, 2021 8:02:30 PM",
    "createdTimestamp": "Jan 23, 2021 8:02:30 PM",
    "isNewlyAdded": false,
    "isActive": true,
    "isDealsEnabled": false,
    "quantity": 0
  },
  {
    "id": 6147,
    "code": "Mountain Dew Can",
    "desc": "Mountain Dew Can",
    "shortDesc": "Mountain Dew Can",
    "tags": [
      "Soft Drinks"
    ],
    "categories": [
      {
        "code": "Beverages & Juices",
        "desc": "Beverages & Juices"
      }
    ],
    "subCategories": [
      {
        "code": "Soft Drinks & Seltzers",
        "desc": "Soft Drinks & Seltzers"
      }
    ],
    "brands": [
      {
        "code": "Mountain Dew",
        "desc": "Mountain Dew"
      }
    ],
    "price": {
      "basePrice": 5.63,
      "discountPrice": 5.63
    },
    "type": {
      "code": "Soft Drinks",
      "desc": "Soft Drinks"
    },
    "weight": "10 x 7.5 fl oz",
    "UpcCode": "",
    "tax": 0.0,
    "spiceLevel": "",
    "aiselNo": "17",
    "store": "Market Basket",
    "weightType": "10 x 7.5 fl oz",
    "imageName": "No Image.jpg",
    "defaultImage": "No Image.jpg",
    "updatedTimestamp": "Jan 23, 2021 8:02:30 PM",
    "createdTimestamp": "Jan 23, 2021 8:02:30 PM",
    "isNewlyAdded": false,
    "isActive": true,
    "isDealsEnabled": false,
    "quantity": 0
  },
  {
    "id": 4177,
    "code": "Selected Thin Sliced NY Sirloin Petite",
    "desc": "Selected Thin Sliced NY Sirloin Petite",
    "shortDesc": "Selected Thin Sliced NY Sirloin Petite",
    "tags": [
      "Beef"
    ],
    "categories": [
      {
        "code": "Meat & Seafood",
        "desc": "Meat & Seafood"
      }
    ],
    "subCategories": [
      {
        "code": "Packaged Meat & Seafood",
        "desc": "Packaged Meat & Seafood"
      }
    ],
    "brands": [
      {
        "code": "Market Basket",
        "desc": "Market Basket"
      }
    ],
    "price": {
      "basePrice": 6.09,
      "discountPrice": 6.09
    },
    "type": {
      "code": "Beef",
      "desc": "Beef"
    },
    "weight": "1 lb",
    "UpcCode": "",
    "tax": 0.0,
    "spiceLevel": "",
    "aiselNo": "22",
    "store": "Market Basket",
    "weightType": "1 lb",
    "imageName": "Market Basket.jpg",
    "defaultImage": "Market Basket.jpg",
    "updatedTimestamp": "Jan 23, 2021 8:02:30 PM",
    "createdTimestamp": "Jan 23, 2021 8:02:30 PM",
    "isNewlyAdded": false,
    "isActive": true,
    "isDealsEnabled": false,
    "quantity": 0
  },
  {
    "id": 8821,
    "code": "Good Seasons Zesty Italian Dry Salad Dressing and Recipe Mix",
    "desc": "Good Seasons Zesty Italian Dry Salad Dressing and Recipe Mix",
    "shortDesc": "Good Seasons Zesty Italian Dry Salad Dressing and Recipe Mix",
    "tags": [
      "Salad Dressing & Toppings"
    ],
    "categories": [
      {
        "code": "Condiments & Dressings",
        "desc": "Condiments & Dressings"
      }
    ],
    "subCategories": [
      {
        "code": "Salad Dressings & Toppings",
        "desc": "Salad Dressings & Toppings"
      }
    ],
    "brands": [
      {
        "code": "Good Seasons",
        "desc": "Good Seasons"
      }
    ],
    "price": {
      "basePrice": 1.69,
      "discountPrice": 1.69
    },
    "type": {
      "code": "Salad Dressing & Toppings",
      "desc": "Salad Dressing & Toppings"
    },
    "weight": "0.6 oz",
    "UpcCode": "",
    "tax": 0.0,
    "spiceLevel": "",
    "aiselNo": "2",
    "store": "Market Basket",
    "weightType": "0.6 oz",
    "imageName": "15475.jpg",
    "defaultImage": "15475.jpg",
    "updatedTimestamp": "Jan 23, 2021 8:02:30 PM",
    "createdTimestamp": "Jan 23, 2021 8:02:30 PM",
    "isNewlyAdded": false,
    "isActive": true,
    "isDealsEnabled": false,
    "quantity": 0
  },
  {
    "id": 9332,
    "code": "Carvel Ice Cream Cake",
    "desc": "Carvel Ice Cream Cake",
    "shortDesc": "Carvel Ice Cream Cake",
    "tags": [
      "Frozen Dessert"
    ],
    "categories": [
      {
        "code": "Frozen Food",
        "desc": "Frozen Food"
      }
    ],
    "subCategories": [
      {
        "code": "Frozen Dessert",
        "desc": "Frozen Dessert"
      }
    ],
    "brands": [
      {
        "code": "Carvel",
        "desc": "Carvel"
      }
    ],
    "price": {
      "basePrice": 28.09,
      "discountPrice": 28.09
    },
    "type": {
      "code": "Frozen Dessert",
      "desc": "Frozen Dessert"
    },
    "weight": "75 fl oz",
    "UpcCode": "",
    "tax": 0.0,
    "spiceLevel": "",
    "aiselNo": "19",
    "store": "Market Basket",
    "weightType": "75 fl oz",
    "imageName": "2972.jpg",
    "defaultImage": "2972.jpg",
    "updatedTimestamp": "Jan 23, 2021 8:02:30 PM",
    "createdTimestamp": "Jan 23, 2021 8:02:30 PM",
    "isNewlyAdded": false,
    "isActive": true,
    "isDealsEnabled": false,
    "quantity": 0
  },
  {
    "id": 3763,
    "code": "Rosemary",
    "desc": "Rosemary",
    "shortDesc": "Rosemary",
    "tags": [
      "Rosemary"
    ],
    "categories": [
      {
        "code": "Fresh Produce",
        "desc": "Fresh Produce"
      }
    ],
    "subCategories": [
      {
        "code": "Fresh Herbs",
        "desc": "Fresh Herbs"
      }
    ],
    "brands": [
      {
        "code": "Market Basket",
        "desc": "Market Basket"
      }
    ],
    "price": {
      "basePrice": 44.72,
      "discountPrice": 44.72
    },
    "type": {
      "code": "Rosemary",
      "desc": "Rosemary"
    },
    "weight": "1 bunch",
    "UpcCode": "",
    "tax": 0.0,
    "spiceLevel": "",
    "aiselNo": "20",
    "store": "Market Basket",
    "weightType": "1 bunch",
    "imageName": "14556.jpg",
    "defaultImage": "14556.jpg",
    "updatedTimestamp": "Jan 23, 2021 8:02:30 PM",
    "createdTimestamp": "Jan 23, 2021 8:02:30 PM",
    "isNewlyAdded": false,
    "isActive": true,
    "isDealsEnabled": false,
    "quantity": 0
  },
  {
    "id": 14746,
    "code": "Herbal Essences Color Me Happy Conditioner for Color-Treated Hair",
    "desc": "Herbal Essences Color Me Happy Conditioner for Color-Treated Hair",
    "shortDesc": "Herbal Essences Color Me Happy Conditioner for Color-Treated Hair",
    "tags": [
      "Hair Care"
    ],
    "categories": [
      {
        "code": "Personal Care",
        "desc": "Personal Care"
      }
    ],
    "subCategories": [
      {
        "code": "Body Wash, Soap & Hair Care",
        "desc": "Body Wash, Soap & Hair Care"
      }
    ],
    "brands": [
      {
        "code": "Herbal Essences",
        "desc": "Herbal Essences"
      }
    ],
    "price": {
      "basePrice": 4.82,
      "discountPrice": 4.82
    },
    "type": {
      "code": "Hair Care",
      "desc": "Hair Care"
    },
    "weight": "11.7 count",
    "UpcCode": "",
    "tax": 1.0,
    "spiceLevel": "",
    "aiselNo": "13",
    "store": "Market Basket",
    "weightType": "11.7 count",
    "imageName": "6589.jpg",
    "defaultImage": "6589.jpg",
    "updatedTimestamp": "Jan 23, 2021 8:02:30 PM",
    "createdTimestamp": "Jan 23, 2021 8:02:30 PM",
    "isNewlyAdded": false,
    "isActive": true,
    "isDealsEnabled": false,
    "quantity": 0
  },
  {
    "id": 15194,
    "code": "Crest Pro-Health Mouthwash, Alcohol Free, Clean Mint Multi-Protection",
    "desc": "Crest Pro-Health Mouthwash, Alcohol Free, Clean Mint Multi-Protection",
    "shortDesc": "Crest Pro-Health Mouthwash, Alcohol Free, Clean Mint Multi-Protection",
    "tags": [
      "Oral Hygiene"
    ],
    "categories": [
      {
        "code": "Personal Care",
        "desc": "Personal Care"
      }
    ],
    "subCategories": [
      {
        "code": "Personal Needs",
        "desc": "Personal Needs"
      }
    ],
    "brands": [
      {
        "code": "Crest",
        "desc": "Crest"
      }
    ],
    "price": {
      "basePrice": 8.5,
      "discountPrice": 8.5
    },
    "type": {
      "code": "Oral Hygiene",
      "desc": "Oral Hygiene"
    },
    "weight": "1 L",
    "UpcCode": "",
    "tax": 1.0,
    "spiceLevel": "",
    "aiselNo": "13",
    "store": "Market Basket",
    "weightType": "1 L",
    "imageName": "6407.jpg",
    "defaultImage": "6407.jpg",
    "updatedTimestamp": "Jan 23, 2021 8:02:30 PM",
    "createdTimestamp": "Jan 23, 2021 8:02:30 PM",
    "isNewlyAdded": false,
    "isActive": true,
    "isDealsEnabled": false,
    "quantity": 0
  },
  {
    "id": 4366,
    "code": "Market Basket Swordfish Steaks",
    "desc": "Market Basket Swordfish Steaks",
    "shortDesc": "Market Basket Swordfish Steaks",
    "tags": [
      "Swordfish"
    ],
    "categories": [
      {
        "code": "Meat & Seafood",
        "desc": "Meat & Seafood"
      }
    ],
    "subCategories": [
      {
        "code": "Meat & Seafood Counter",
        "desc": "Meat & Seafood Counter"
      }
    ],
    "brands": [
      {
        "code": "Market Basket",
        "desc": "Market Basket"
      }
    ],
    "price": {
      "basePrice": 18.29,
      "discountPrice": 18.29
    },
    "type": {
      "code": "Swordfish",
      "desc": "Swordfish"
    },
    "weight": "Approx: 1.00 lb at $18.2/lb",
    "UpcCode": "",
    "tax": 0.0,
    "spiceLevel": "",
    "aiselNo": "22",
    "store": "Market Basket",
    "weightType": "Approx: 1.00 lb at $18.2/lb",
    "imageName": "Market Basket.jpg",
    "defaultImage": "Market Basket.jpg",
    "updatedTimestamp": "Jan 23, 2021 8:02:30 PM",
    "createdTimestamp": "Jan 23, 2021 8:02:30 PM",
    "isNewlyAdded": false,
    "isActive": true,
    "isDealsEnabled": false,
    "quantity": 0
  },
  {
    "id": 14456,
    "code": "Peet's Coffee Dark Roast Ground Coffee Colombia",
    "desc": "Peet's Coffee Dark Roast Ground Coffee Colombia",
    "shortDesc": "Peet's Coffee Dark Roast Ground Coffee Colombia",
    "tags": [
      "Coffee"
    ],
    "categories": [
      {
        "code": "Breakfast & Dairy",
        "desc": "Breakfast & Dairy"
      }
    ],
    "subCategories": [
      {
        "code": "Tea & Coffee",
        "desc": "Tea & Coffee"
      }
    ],
    "brands": [
      {
        "code": "Peet's Coffee",
        "desc": "Peet's Coffee"
      }
    ],
    "price": {
      "basePrice": 10.99,
      "discountPrice": 10.99
    },
    "type": {
      "code": "Coffee",
      "desc": "Coffee"
    },
    "weight": "12 oz",
    "UpcCode": "",
    "tax": 0.0,
    "spiceLevel": "",
    "aiselNo": "8",
    "store": "Market Basket",
    "weightType": "12 oz",
    "imageName": "3330.jpg",
    "defaultImage": "3330.jpg",
    "updatedTimestamp": "Jan 23, 2021 8:02:30 PM",
    "createdTimestamp": "Jan 23, 2021 8:02:30 PM",
    "isNewlyAdded": false,
    "isActive": true,
    "isDealsEnabled": false,
    "quantity": 0
  },
  {
    "id": 13850,
    "code": "Snack Pack Pudding Chocolate Butter Scotch Family Pack",
    "desc": "Snack Pack Pudding Chocolate Butter Scotch Family Pack",
    "shortDesc": "Snack Pack Pudding Chocolate Butter Scotch Family Pack",
    "tags": [
      "Refrigerated Pudding & Desserts"
    ],
    "categories": [
      {
        "code": "Breakfast & Dairy",
        "desc": "Breakfast & Dairy"
      }
    ],
    "subCategories": [
      {
        "code": "Dairy & Eggs",
        "desc": "Dairy & Eggs"
      }
    ],
    "brands": [
      {
        "code": "Snack Pack",
        "desc": "Snack Pack"
      }
    ],
    "price": {
      "basePrice": 4.09,
      "discountPrice": 4.09
    },
    "type": {
      "code": "Refrigerated Pudding & Desserts",
      "desc": "Refrigerated Pudding & Desserts"
    },
    "weight": "12 x 3.25 oz",
    "UpcCode": "",
    "tax": 0.0,
    "spiceLevel": "",
    "aiselNo": "19",
    "store": "Market Basket",
    "weightType": "12 x 3.25 oz",
    "imageName": "811.jpg",
    "defaultImage": "811.jpg",
    "updatedTimestamp": "Jan 23, 2021 8:02:30 PM",
    "createdTimestamp": "Jan 23, 2021 8:02:30 PM",
    "isNewlyAdded": false,
    "isActive": true,
    "isDealsEnabled": false,
    "quantity": 0
  },
  {
    "id": 6135,
    "code": "Market Basket Ginger Ale",
    "desc": "Market Basket Ginger Ale",
    "shortDesc": "Market Basket Ginger Ale",
    "tags": [
      "Ginger Ale"
    ],
    "categories": [
      {
        "code": "Beverages & Juices",
        "desc": "Beverages & Juices"
      }
    ],
    "subCategories": [
      {
        "code": "Ginger Ale & Ginger Beer",
        "desc": "Ginger Ale & Ginger Beer"
      }
    ],
    "brands": [
      {
        "code": "Market Basket",
        "desc": "Market Basket"
      }
    ],
    "price": {
      "basePrice": 1.1,
      "discountPrice": 1.1
    },
    "type": {
      "code": "Ginger Ale",
      "desc": "Ginger Ale"
    },
    "weight": "2 L",
    "UpcCode": "",
    "tax": 0.0,
    "spiceLevel": "",
    "aiselNo": "17",
    "store": "Market Basket",
    "weightType": "2 L",
    "imageName": "Market Basket.jpg",
    "defaultImage": "Market Basket.jpg",
    "updatedTimestamp": "Jan 23, 2021 8:02:29 PM",
    "createdTimestamp": "Jan 23, 2021 8:02:29 PM",
    "isNewlyAdded": false,
    "isActive": true,
    "isDealsEnabled": false,
    "quantity": 0
  },
  {
    "id": 4608,
    "code": "Plainville Farms Organic Turkey Breast",
    "desc": "Plainville Farms Organic Turkey Breast",
    "shortDesc": "Plainville Farms Organic Turkey Breast",
    "tags": [
      "Turkey"
    ],
    "categories": [
      {
        "code": "Meat & Seafood",
        "desc": "Meat & Seafood"
      }
    ],
    "subCategories": [
      {
        "code": "Lunch Meat",
        "desc": "Lunch Meat"
      }
    ],
    "brands": [
      {
        "code": "Plainville Farms",
        "desc": "Plainville Farms"
      }
    ],
    "price": {
      "basePrice": 6.09,
      "discountPrice": 6.09
    },
    "type": {
      "code": "Turkey",
      "desc": "Turkey"
    },
    "weight": "6 oz",
    "UpcCode": "",
    "tax": 0.0,
    "spiceLevel": "",
    "aiselNo": "22",
    "store": "Market Basket",
    "weightType": "6 oz",
    "imageName": "17295.jpg",
    "defaultImage": "17295.jpg",
    "updatedTimestamp": "Jan 23, 2021 8:02:30 PM",
    "createdTimestamp": "Jan 23, 2021 8:02:30 PM",
    "isNewlyAdded": false,
    "isActive": true,
    "isDealsEnabled": false,
    "quantity": 0
  },
  {
    "id": 14529,
    "code": "Bigelow Green Chai",
    "desc": "Bigelow Green Chai",
    "shortDesc": "Bigelow Green Chai",
    "tags": [
      "Tea"
    ],
    "categories": [
      {
        "code": "Breakfast & Dairy",
        "desc": "Breakfast & Dairy"
      }
    ],
    "subCategories": [
      {
        "code": "Tea & Coffee",
        "desc": "Tea & Coffee"
      }
    ],
    "brands": [
      {
        "code": "Bigelow ",
        "desc": "Bigelow "
      }
    ],
    "price": {
      "basePrice": 3.09,
      "discountPrice": 3.09
    },
    "type": {
      "code": "Tea",
      "desc": "Tea"
    },
    "weight": "1.37 oz",
    "UpcCode": "",
    "tax": 0.0,
    "spiceLevel": "",
    "aiselNo": "8",
    "store": "Market Basket",
    "weightType": "1.37 oz",
    "imageName": "3429.jpg",
    "defaultImage": "3429.jpg",
    "updatedTimestamp": "Jan 23, 2021 8:02:30 PM",
    "createdTimestamp": "Jan 23, 2021 8:02:30 PM",
    "isNewlyAdded": false,
    "isActive": true,
    "isDealsEnabled": false,
    "quantity": 0
  },
  {
    "id": 15086,
    "code": "Visine A.C. Astringent/Redness Reliever Eye Drops",
    "desc": "Visine A.C. Astringent/Redness Reliever Eye Drops",
    "shortDesc": "Visine A.C. Astringent/Redness Reliever Eye Drops",
    "tags": [
      "Eye & Ear Care"
    ],
    "categories": [
      {
        "code": "Personal Care",
        "desc": "Personal Care"
      }
    ],
    "subCategories": [
      {
        "code": "Personal Needs",
        "desc": "Personal Needs"
      }
    ],
    "brands": [
      {
        "code": "Visine",
        "desc": "Visine"
      }
    ],
    "price": {
      "basePrice": 7.0,
      "discountPrice": 7.0
    },
    "type": {
      "code": "Eye & Ear Care",
      "desc": "Eye & Ear Care"
    },
    "weight": "0.5 fl oz",
    "UpcCode": "",
    "tax": 1.0,
    "spiceLevel": "",
    "aiselNo": "13",
    "store": "Market Basket",
    "weightType": "0.5 fl oz",
    "imageName": "6473.jpg",
    "defaultImage": "6473.jpg",
    "updatedTimestamp": "Jan 23, 2021 8:02:30 PM",
    "createdTimestamp": "Jan 23, 2021 8:02:30 PM",
    "isNewlyAdded": false,
    "isActive": true,
    "isDealsEnabled": false,
    "quantity": 0
  },
  {
    "id": 14425,
    "code": "Melitta Classic Blend Medium Roast Ground Coffee",
    "desc": "Melitta Classic Blend Medium Roast Ground Coffee",
    "shortDesc": "Melitta Classic Blend Medium Roast Ground Coffee",
    "tags": [
      "Coffee"
    ],
    "categories": [
      {
        "code": "Breakfast & Dairy",
        "desc": "Breakfast & Dairy"
      }
    ],
    "subCategories": [
      {
        "code": "Tea & Coffee",
        "desc": "Tea & Coffee"
      }
    ],
    "brands": [
      {
        "code": "Melitta",
        "desc": "Melitta"
      }
    ],
    "price": {
      "basePrice": 12.19,
      "discountPrice": 12.19
    },
    "type": {
      "code": "Coffee",
      "desc": "Coffee"
    },
    "weight": "22 oz",
    "UpcCode": "",
    "tax": 0.0,
    "spiceLevel": "",
    "aiselNo": "8",
    "store": "Market Basket",
    "weightType": "22 oz",
    "imageName": "3394.jpg",
    "defaultImage": "3394.jpg",
    "updatedTimestamp": "Jan 23, 2021 8:02:30 PM",
    "createdTimestamp": "Jan 23, 2021 8:02:30 PM",
    "isNewlyAdded": false,
    "isActive": true,
    "isDealsEnabled": false,
    "quantity": 0
  },
  {
    "id": 6215,
    "code": "Sunkist Orange Soda Box of Cans",
    "desc": "Sunkist Orange Soda Box of Cans",
    "shortDesc": "Sunkist Orange Soda Box of Cans",
    "tags": [
      "Soft Drinks"
    ],
    "categories": [
      {
        "code": "Beverages & Juices",
        "desc": "Beverages & Juices"
      }
    ],
    "subCategories": [
      {
        "code": "Soft Drinks & Seltzers",
        "desc": "Soft Drinks & Seltzers"
      }
    ],
    "brands": [
      {
        "code": "Sunkist",
        "desc": "Sunkist"
      }
    ],
    "price": {
      "basePrice": 5.63,
      "discountPrice": 5.63
    },
    "type": {
      "code": "Soft Drinks",
      "desc": "Soft Drinks"
    },
    "weight": "10 x 7.5 fl oz",
    "UpcCode": "",
    "tax": 0.0,
    "spiceLevel": "",
    "aiselNo": "17",
    "store": "Market Basket",
    "weightType": "10 x 7.5 fl oz",
    "imageName": "16627.jpg",
    "defaultImage": "16627.jpg",
    "updatedTimestamp": "Jan 23, 2021 8:02:30 PM",
    "createdTimestamp": "Jan 23, 2021 8:02:30 PM",
    "isNewlyAdded": false,
    "isActive": true,
    "isDealsEnabled": false,
    "quantity": 0
  },
  {
    "id": 4777,
    "code": "Frozen Haddock",
    "desc": "Frozen Haddock",
    "shortDesc": "Frozen Haddock",
    "tags": [
      "Frozen Haddock"
    ],
    "categories": [
      {
        "code": "Meat & Seafood",
        "desc": "Meat & Seafood"
      }
    ],
    "subCategories": [
      {
        "code": "Frozen Meat & Seafood",
        "desc": "Frozen Meat & Seafood"
      }
    ],
    "brands": [
      {
        "code": "Market Basket",
        "desc": "Market Basket"
      }
    ],
    "price": {
      "basePrice": 16.59,
      "discountPrice": 16.59
    },
    "type": {
      "code": "Frozen Haddock",
      "desc": "Frozen Haddock"
    },
    "weight": "32 oz",
    "UpcCode": "",
    "tax": 0.0,
    "spiceLevel": "",
    "aiselNo": "18",
    "store": "Market Basket",
    "weightType": "32 oz",
    "imageName": "Market Basket.jpg",
    "defaultImage": "Market Basket.jpg",
    "updatedTimestamp": "Jan 23, 2021 8:02:30 PM",
    "createdTimestamp": "Jan 23, 2021 8:02:30 PM",
    "isNewlyAdded": false,
    "isActive": true,
    "isDealsEnabled": false,
    "quantity": 0
  },
  {
    "id": 13831,
    "code": "Jell O Ready to Eat Strawberry Kiwi Sugar Free Gelatin",
    "desc": "Jell O Ready to Eat Strawberry Kiwi Sugar Free Gelatin",
    "shortDesc": "Jell O Ready to Eat Strawberry Kiwi Sugar Free Gelatin",
    "tags": [
      "Refrigerated Pudding & Desserts"
    ],
    "categories": [
      {
        "code": "Breakfast & Dairy",
        "desc": "Breakfast & Dairy"
      }
    ],
    "subCategories": [
      {
        "code": "Dairy & Eggs",
        "desc": "Dairy & Eggs"
      }
    ],
    "brands": [
      {
        "code": "Jell-O",
        "desc": "Jell-O"
      }
    ],
    "price": {
      "basePrice": 3.09,
      "discountPrice": 3.09
    },
    "type": {
      "code": "Refrigerated Pudding & Desserts",
      "desc": "Refrigerated Pudding & Desserts"
    },
    "weight": "3.125 oz",
    "UpcCode": "",
    "tax": 0.0,
    "spiceLevel": "",
    "aiselNo": "19",
    "store": "Market Basket",
    "weightType": "3.125 oz",
    "imageName": "800.jpg",
    "defaultImage": "800.jpg",
    "updatedTimestamp": "Jan 23, 2021 8:02:30 PM",
    "createdTimestamp": "Jan 23, 2021 8:02:30 PM",
    "isNewlyAdded": false,
    "isActive": true,
    "isDealsEnabled": false,
    "quantity": 0
  },
  {
    "id": 5889,
    "code": "Dunkin' Donuts French Vanilla",
    "desc": "Dunkin' Donuts French Vanilla",
    "shortDesc": "Dunkin' Donuts French Vanilla",
    "tags": [
      "Single To-Go Coffee"
    ],
    "categories": [
      {
        "code": "Beverages & Juices",
        "desc": "Beverages & Juices"
      }
    ],
    "subCategories": [
      {
        "code": "Tea, Coffee, Milk & Coconut Water",
        "desc": "Tea, Coffee, Milk & Coconut Water"
      }
    ],
    "brands": [
      {
        "code": "Dunkin' Donuts",
        "desc": "Dunkin' Donuts"
      }
    ],
    "price": {
      "basePrice": 3.13,
      "discountPrice": 3.13
    },
    "type": {
      "code": "Single To-Go Coffee",
      "desc": "Single To-Go Coffee"
    },
    "weight": "13.7 fl oz",
    "UpcCode": "",
    "tax": 0.0,
    "spiceLevel": "",
    "aiselNo": "17",
    "store": "Market Basket",
    "weightType": "13.7 fl oz",
    "imageName": "No Image.jpg",
    "defaultImage": "No Image.jpg",
    "updatedTimestamp": "Jan 23, 2021 8:02:30 PM",
    "createdTimestamp": "Jan 23, 2021 8:02:30 PM",
    "isNewlyAdded": false,
    "isActive": true,
    "isDealsEnabled": false,
    "quantity": 0
  },
  {
    "id": 13857,
    "code": "Swiss Miss Creamy Vanilla Pudding",
    "desc": "Swiss Miss Creamy Vanilla Pudding",
    "shortDesc": "Swiss Miss Creamy Vanilla Pudding",
    "tags": [
      "Refrigerated Pudding & Desserts"
    ],
    "categories": [
      {
        "code": "Breakfast & Dairy",
        "desc": "Breakfast & Dairy"
      }
    ],
    "subCategories": [
      {
        "code": "Dairy & Eggs",
        "desc": "Dairy & Eggs"
      }
    ],
    "brands": [
      {
        "code": "Swiss Miss",
        "desc": "Swiss Miss"
      }
    ],
    "price": {
      "basePrice": 3.69,
      "discountPrice": 3.69
    },
    "type": {
      "code": "Refrigerated Pudding & Desserts",
      "desc": "Refrigerated Pudding & Desserts"
    },
    "weight": "4 oz",
    "UpcCode": "",
    "tax": 0.0,
    "spiceLevel": "",
    "aiselNo": "19",
    "store": "Market Basket",
    "weightType": "4 oz",
    "imageName": "827.jpg",
    "defaultImage": "827.jpg",
    "updatedTimestamp": "Jan 23, 2021 8:02:30 PM",
    "createdTimestamp": "Jan 23, 2021 8:02:30 PM",
    "isNewlyAdded": false,
    "isActive": true,
    "isDealsEnabled": false,
    "quantity": 0
  },
  {
    "id": 6524,
    "code": "Sunmaid Chopped Dates",
    "desc": "Sunmaid Chopped Dates",
    "shortDesc": "Sunmaid Chopped Dates",
    "tags": [
      "Nuts, Seeds & Dried Fruit"
    ],
    "categories": [
      {
        "code": "Chips, Cookies & Snacks",
        "desc": "Chips, Cookies & Snacks"
      }
    ],
    "subCategories": [
      {
        "code": "Nuts, Seeds & Dried Fruit",
        "desc": "Nuts, Seeds & Dried Fruit"
      }
    ],
    "brands": [
      {
        "code": "Sunmaid",
        "desc": "Sunmaid"
      }
    ],
    "price": {
      "basePrice": 3.36,
      "discountPrice": 3.36
    },
    "type": {
      "code": "Nuts, Seeds & Dried Fruit",
      "desc": "Nuts, Seeds & Dried Fruit"
    },
    "weight": "8 oz",
    "UpcCode": "",
    "tax": 0.0,
    "spiceLevel": "",
    "aiselNo": "6",
    "store": "Market Basket",
    "weightType": "8 oz",
    "imageName": "No Image.jpg",
    "defaultImage": "No Image.jpg",
    "updatedTimestamp": "Jan 23, 2021 8:02:30 PM",
    "createdTimestamp": "Jan 23, 2021 8:02:30 PM",
    "isNewlyAdded": false,
    "isActive": true,
    "isDealsEnabled": false,
    "quantity": 0
  },
  {
    "id": 15104,
    "code": "Garnier Skin Renew Clinical Dark Spot Overnight Peel",
    "desc": "Garnier Skin Renew Clinical Dark Spot Overnight Peel",
    "shortDesc": "Garnier Skin Renew Clinical Dark Spot Overnight Peel",
    "tags": [
      "Facial Care"
    ],
    "categories": [
      {
        "code": "Personal Care",
        "desc": "Personal Care"
      }
    ],
    "subCategories": [
      {
        "code": "Personal Needs",
        "desc": "Personal Needs"
      }
    ],
    "brands": [
      {
        "code": "Garnier",
        "desc": "Garnier"
      }
    ],
    "price": {
      "basePrice": 19.65,
      "discountPrice": 19.65
    },
    "type": {
      "code": "Facial Care",
      "desc": "Facial Care"
    },
    "weight": "1.6 fl oz",
    "UpcCode": "",
    "tax": 1.0,
    "spiceLevel": "",
    "aiselNo": "13",
    "store": "Market Basket",
    "weightType": "1.6 fl oz",
    "imageName": "17690.jpg",
    "defaultImage": "17690.jpg",
    "updatedTimestamp": "Jan 23, 2021 8:02:30 PM",
    "createdTimestamp": "Jan 23, 2021 8:02:30 PM",
    "isNewlyAdded": false,
    "isActive": true,
    "isDealsEnabled": false,
    "quantity": 0
  },
  {
    "id": 7179,
    "code": "Alessi Sea Salt, Coarse",
    "desc": "Alessi Sea Salt, Coarse",
    "shortDesc": "Alessi Sea Salt, Coarse",
    "tags": [
      "Spices & Seasonings"
    ],
    "categories": [
      {
        "code": "Cooking Needs",
        "desc": "Cooking Needs"
      }
    ],
    "subCategories": [
      {
        "code": "Spices & Seasonings",
        "desc": "Spices & Seasonings"
      }
    ],
    "brands": [
      {
        "code": "Alessi",
        "desc": "Alessi"
      }
    ],
    "price": {
      "basePrice": 2.69,
      "discountPrice": 2.69
    },
    "type": {
      "code": "Spices & Seasonings",
      "desc": "Spices & Seasonings"
    },
    "weight": "24 oz",
    "UpcCode": "",
    "tax": 0.0,
    "spiceLevel": "",
    "aiselNo": "9",
    "store": "Market Basket",
    "weightType": "24 oz",
    "imageName": "15636.jpg",
    "defaultImage": "15636.jpg",
    "updatedTimestamp": "Jan 23, 2021 8:02:30 PM",
    "createdTimestamp": "Jan 23, 2021 8:02:30 PM",
    "isNewlyAdded": false,
    "isActive": true,
    "isDealsEnabled": false,
    "quantity": 0
  },
  {
    "id": 13754,
    "code": "Market Basket Pepperjack Cheese Slices",
    "desc": "Market Basket Pepperjack Cheese Slices",
    "shortDesc": "Market Basket Pepperjack Cheese Slices",
    "tags": [
      "Packaged Cheese"
    ],
    "categories": [
      {
        "code": "Breakfast & Dairy",
        "desc": "Breakfast & Dairy"
      }
    ],
    "subCategories": [
      {
        "code": "Dairy & Eggs",
        "desc": "Dairy & Eggs"
      }
    ],
    "brands": [
      {
        "code": "Market Basket",
        "desc": "Market Basket"
      }
    ],
    "price": {
      "basePrice": 2.69,
      "discountPrice": 2.69
    },
    "type": {
      "code": "Packaged Cheese",
      "desc": "Packaged Cheese"
    },
    "weight": "8 oz",
    "UpcCode": "",
    "tax": 0.0,
    "spiceLevel": "",
    "aiselNo": "1",
    "store": "Market Basket",
    "weightType": "8 oz",
    "imageName": "Market Basket.jpg",
    "defaultImage": "Market Basket.jpg",
    "updatedTimestamp": "Jan 23, 2021 8:02:30 PM",
    "createdTimestamp": "Jan 23, 2021 8:02:30 PM",
    "isNewlyAdded": false,
    "isActive": true,
    "isDealsEnabled": false,
    "quantity": 0
  },
  {
    "id": 15148,
    "code": "Aquafresh Toothpaste, Fluoride, Deep Action, Mint Zest",
    "desc": "Aquafresh Toothpaste, Fluoride, Deep Action, Mint Zest",
    "shortDesc": "Aquafresh Toothpaste, Fluoride, Deep Action, Mint Zest",
    "tags": [
      "Oral Hygiene"
    ],
    "categories": [
      {
        "code": "Personal Care",
        "desc": "Personal Care"
      }
    ],
    "subCategories": [
      {
        "code": "Personal Needs",
        "desc": "Personal Needs"
      }
    ],
    "brands": [
      {
        "code": "Aquafresh",
        "desc": "Aquafresh"
      }
    ],
    "price": {
      "basePrice": 4.93,
      "discountPrice": 4.93
    },
    "type": {
      "code": "Oral Hygiene",
      "desc": "Oral Hygiene"
    },
    "weight": "5.6 oz",
    "UpcCode": "",
    "tax": 1.0,
    "spiceLevel": "",
    "aiselNo": "13",
    "store": "Market Basket",
    "weightType": "5.6 oz",
    "imageName": "6450.jpg",
    "defaultImage": "6450.jpg",
    "updatedTimestamp": "Jan 23, 2021 8:02:30 PM",
    "createdTimestamp": "Jan 23, 2021 8:02:30 PM",
    "isNewlyAdded": false,
    "isActive": true,
    "isDealsEnabled": false,
    "quantity": 0
  },
  {
    "id": 7754,
    "code": "Goya Pinto Beans",
    "desc": "Goya Pinto Beans",
    "shortDesc": "Goya Pinto Beans",
    "tags": [
      "Canned Meals & Beans"
    ],
    "categories": [
      {
        "code": "Cooking Needs",
        "desc": "Cooking Needs"
      }
    ],
    "subCategories": [
      {
        "code": "Canned Food",
        "desc": "Canned Food"
      }
    ],
    "brands": [
      {
        "code": "Goya",
        "desc": "Goya"
      }
    ],
    "price": {
      "basePrice": 1.09,
      "discountPrice": 1.09
    },
    "type": {
      "code": "Canned Meals & Beans",
      "desc": "Canned Meals & Beans"
    },
    "weight": "15.5 oz",
    "UpcCode": "",
    "tax": 0.0,
    "spiceLevel": "",
    "aiselNo": "7",
    "store": "Market Basket",
    "weightType": "15.5 oz",
    "imageName": "5117.jpg",
    "defaultImage": "5117.jpg",
    "updatedTimestamp": "Jan 23, 2021 8:02:30 PM",
    "createdTimestamp": "Jan 23, 2021 8:02:30 PM",
    "isNewlyAdded": false,
    "isActive": true,
    "isDealsEnabled": false,
    "quantity": 0
  },
  {
    "id": 5074,
    "code": "Market Basket Fudge Graham Cookies",
    "desc": "Market Basket Fudge Graham Cookies",
    "shortDesc": "Market Basket Fudge Graham Cookies",
    "tags": [
      "Cookies & Cakes"
    ],
    "categories": [
      {
        "code": "Chips, Cookies & Snacks",
        "desc": "Chips, Cookies & Snacks"
      }
    ],
    "subCategories": [
      {
        "code": "Cookies & Crackers",
        "desc": "Cookies & Crackers"
      }
    ],
    "brands": [
      {
        "code": "Market Basket",
        "desc": "Market Basket"
      }
    ],
    "price": {
      "basePrice": 2.34,
      "discountPrice": 2.34
    },
    "type": {
      "code": "Cookies & Cakes",
      "desc": "Cookies & Cakes"
    },
    "weight": "13 oz",
    "UpcCode": "",
    "tax": 0.0,
    "spiceLevel": "",
    "aiselNo": "6",
    "store": "Market Basket",
    "weightType": "13 oz",
    "imageName": "Market Basket.jpg",
    "defaultImage": "Market Basket.jpg",
    "updatedTimestamp": "Jan 23, 2021 8:02:30 PM",
    "createdTimestamp": "Jan 23, 2021 8:02:30 PM",
    "isNewlyAdded": false,
    "isActive": true,
    "isDealsEnabled": false,
    "quantity": 0
  },
  {
    "id": 14645,
    "code": "Twinings of London Herbal Tea Camomile, Honey & Vanilla",
    "desc": "Twinings of London Herbal Tea Camomile, Honey & Vanilla",
    "shortDesc": "Twinings of London Herbal Tea Camomile, Honey & Vanilla",
    "tags": [
      "Tea"
    ],
    "categories": [
      {
        "code": "Breakfast & Dairy",
        "desc": "Breakfast & Dairy"
      }
    ],
    "subCategories": [
      {
        "code": "Tea & Coffee",
        "desc": "Tea & Coffee"
      }
    ],
    "brands": [
      {
        "code": "Twinings",
        "desc": "Twinings"
      }
    ],
    "price": {
      "basePrice": 3.69,
      "discountPrice": 3.69
    },
    "type": {
      "code": "Tea",
      "desc": "Tea"
    },
    "weight": "20 count",
    "UpcCode": "",
    "tax": 0.0,
    "spiceLevel": "",
    "aiselNo": "8",
    "store": "Market Basket",
    "weightType": "20 count",
    "imageName": "3446.jpg",
    "defaultImage": "3446.jpg",
    "updatedTimestamp": "Jan 23, 2021 8:02:30 PM",
    "createdTimestamp": "Jan 23, 2021 8:02:30 PM",
    "isNewlyAdded": false,
    "isActive": true,
    "isDealsEnabled": false,
    "quantity": 0
  },
  {
    "id": 14995,
    "code": "Market Basket Extra Strength Non Aspirin Pain Relief Acetaminophen",
    "desc": "Market Basket Extra Strength Non Aspirin Pain Relief Acetaminophen",
    "shortDesc": "Market Basket Extra Strength Non Aspirin Pain Relief Acetaminophen",
    "tags": [
      "Muscles, Joints & Pain Relief"
    ],
    "categories": [
      {
        "code": "Personal Care",
        "desc": "Personal Care"
      }
    ],
    "subCategories": [
      {
        "code": "First Aid & Healthcare",
        "desc": "First Aid & Healthcare"
      }
    ],
    "brands": [
      {
        "code": "Market Basket",
        "desc": "Market Basket"
      }
    ],
    "price": {
      "basePrice": 5.62,
      "discountPrice": 5.62
    },
    "type": {
      "code": "Muscles, Joints & Pain Relief",
      "desc": "Muscles, Joints & Pain Relief"
    },
    "weight": "100 count",
    "UpcCode": "",
    "tax": 1.0,
    "spiceLevel": "",
    "aiselNo": "13",
    "store": "Market Basket",
    "weightType": "100 count",
    "imageName": "Market Basket.jpg",
    "defaultImage": "Market Basket.jpg",
    "updatedTimestamp": "Jan 23, 2021 8:02:30 PM",
    "createdTimestamp": "Jan 23, 2021 8:02:30 PM",
    "isNewlyAdded": false,
    "isActive": true,
    "isDealsEnabled": false,
    "quantity": 0
  },
  {
    "id": 13353,
    "code": "Hood Light Cream",
    "desc": "Hood Light Cream",
    "shortDesc": "Hood Light Cream",
    "tags": [
      "Cream"
    ],
    "categories": [
      {
        "code": "Breakfast & Dairy",
        "desc": "Breakfast & Dairy"
      }
    ],
    "subCategories": [
      {
        "code": "Dairy & Eggs",
        "desc": "Dairy & Eggs"
      }
    ],
    "brands": [
      {
        "code": "Hood",
        "desc": "Hood"
      }
    ],
    "price": {
      "basePrice": 2.49,
      "discountPrice": 2.49
    },
    "type": {
      "code": "Cream",
      "desc": "Cream"
    },
    "weight": "16 fl oz",
    "UpcCode": "",
    "tax": 0.0,
    "spiceLevel": "",
    "aiselNo": "1",
    "store": "Market Basket",
    "weightType": "16 fl oz",
    "imageName": "573.jpg",
    "defaultImage": "573.jpg",
    "updatedTimestamp": "Jan 23, 2021 8:02:30 PM",
    "createdTimestamp": "Jan 23, 2021 8:02:30 PM",
    "isNewlyAdded": false,
    "isActive": true,
    "isDealsEnabled": false,
    "quantity": 0
  },
  {
    "id": 13984,
    "code": "Tropical White Cheese Queso Blanco",
    "desc": "Tropical White Cheese Queso Blanco",
    "shortDesc": "Tropical White Cheese Queso Blanco",
    "tags": [
      "Specialty Cheeses"
    ],
    "categories": [
      {
        "code": "Breakfast & Dairy",
        "desc": "Breakfast & Dairy"
      }
    ],
    "subCategories": [
      {
        "code": "Dairy & Eggs",
        "desc": "Dairy & Eggs"
      }
    ],
    "brands": [
      {
        "code": "Tropical",
        "desc": "Tropical"
      }
    ],
    "price": {
      "basePrice": 6.69,
      "discountPrice": 6.69
    },
    "type": {
      "code": "Specialty Cheeses",
      "desc": "Specialty Cheeses"
    },
    "weight": "16 oz",
    "UpcCode": "",
    "tax": 0.0,
    "spiceLevel": "",
    "aiselNo": "1",
    "store": "Market Basket",
    "weightType": "16 oz",
    "imageName": "17301.jpg",
    "defaultImage": "17301.jpg",
    "updatedTimestamp": "Jan 23, 2021 8:02:30 PM",
    "createdTimestamp": "Jan 23, 2021 8:02:30 PM",
    "isNewlyAdded": false,
    "isActive": true,
    "isDealsEnabled": false,
    "quantity": 0
  },
  {
    "id": 5053,
    "code": "Keebler Country Style Oatmeal Cookies With Raisin",
    "desc": "Keebler Country Style Oatmeal Cookies With Raisin",
    "shortDesc": "Keebler Country Style Oatmeal Cookies With Raisin",
    "tags": [
      "Cookies & Cakes"
    ],
    "categories": [
      {
        "code": "Chips, Cookies & Snacks",
        "desc": "Chips, Cookies & Snacks"
      }
    ],
    "subCategories": [
      {
        "code": "Cookies & Crackers",
        "desc": "Cookies & Crackers"
      }
    ],
    "brands": [
      {
        "code": "Keebler",
        "desc": "Keebler"
      }
    ],
    "price": {
      "basePrice": 3.91,
      "discountPrice": 3.91
    },
    "type": {
      "code": "Cookies & Cakes",
      "desc": "Cookies & Cakes"
    },
    "weight": "10.5 oz",
    "UpcCode": "",
    "tax": 0.0,
    "spiceLevel": "",
    "aiselNo": "6",
    "store": "Market Basket",
    "weightType": "10.5 oz",
    "imageName": "No Image.jpg",
    "defaultImage": "No Image.jpg",
    "updatedTimestamp": "Jan 23, 2021 8:02:30 PM",
    "createdTimestamp": "Jan 23, 2021 8:02:30 PM",
    "isNewlyAdded": false,
    "isActive": true,
    "isDealsEnabled": false,
    "quantity": 0
  },
  {
    "id": 14420,
    "code": "Maxwell House Morning Boost Ground Coffee",
    "desc": "Maxwell House Morning Boost Ground Coffee",
    "shortDesc": "Maxwell House Morning Boost Ground Coffee",
    "tags": [
      "Coffee"
    ],
    "categories": [
      {
        "code": "Breakfast & Dairy",
        "desc": "Breakfast & Dairy"
      }
    ],
    "subCategories": [
      {
        "code": "Tea & Coffee",
        "desc": "Tea & Coffee"
      }
    ],
    "brands": [
      {
        "code": "Maxwell House",
        "desc": "Maxwell House"
      }
    ],
    "price": {
      "basePrice": 4.29,
      "discountPrice": 4.29
    },
    "type": {
      "code": "Coffee",
      "desc": "Coffee"
    },
    "weight": "11.5 oz",
    "UpcCode": "",
    "tax": 0.0,
    "spiceLevel": "",
    "aiselNo": "8",
    "store": "Market Basket",
    "weightType": "11.5 oz",
    "imageName": "3384.jpg",
    "defaultImage": "3384.jpg",
    "updatedTimestamp": "Jan 23, 2021 8:02:30 PM",
    "createdTimestamp": "Jan 23, 2021 8:02:30 PM",
    "isNewlyAdded": false,
    "isActive": true,
    "isDealsEnabled": false,
    "quantity": 0
  },
  {
    "id": 5893,
    "code": "Starbucks Doubleshot Americano Cans 4 Pack",
    "desc": "Starbucks Doubleshot Americano Cans 4 Pack",
    "shortDesc": "Starbucks Doubleshot Americano Cans 4 Pack",
    "tags": [
      "Single To-Go Coffee"
    ],
    "categories": [
      {
        "code": "Beverages & Juices",
        "desc": "Beverages & Juices"
      }
    ],
    "subCategories": [
      {
        "code": "Tea, Coffee, Milk & Coconut Water",
        "desc": "Tea, Coffee, Milk & Coconut Water"
      }
    ],
    "brands": [
      {
        "code": "StarBucks",
        "desc": "StarBucks"
      }
    ],
    "price": {
      "basePrice": 3.11,
      "discountPrice": 3.11
    },
    "type": {
      "code": "Single To-Go Coffee",
      "desc": "Single To-Go Coffee"
    },
    "weight": "4 x 6.5 fl oz",
    "UpcCode": "",
    "tax": 0.0,
    "spiceLevel": "",
    "aiselNo": "17",
    "store": "Market Basket",
    "weightType": "4 x 6.5 fl oz",
    "imageName": "No Image.jpg",
    "defaultImage": "No Image.jpg",
    "updatedTimestamp": "Jan 23, 2021 8:02:30 PM",
    "createdTimestamp": "Jan 23, 2021 8:02:30 PM",
    "isNewlyAdded": false,
    "isActive": true,
    "isDealsEnabled": false,
    "quantity": 0
  },
  {
    "id": 367,
    "code": "Ziploc S Square 4 Pk",
    "desc": "Ziploc S Square 4 Pk",
    "shortDesc": "Ziploc S Square 4 Pk",
    "tags": [
      "Storage Containers"
    ],
    "categories": [
      {
        "code": "Kitchen & Cleaning",
        "desc": "Kitchen & Cleaning"
      }
    ],
    "subCategories": [
      {
        "code": "Food Storage & Kitchen Supplies",
        "desc": "Food Storage & Kitchen Supplies"
      }
    ],
    "brands": [
      {
        "code": "Ziploc",
        "desc": "Ziploc"
      }
    ],
    "price": {
      "basePrice": 3.49,
      "discountPrice": 3.49
    },
    "type": {
      "code": "Storage Containers",
      "desc": "Storage Containers"
    },
    "weight": "4 count",
    "UpcCode": "",
    "tax": 1.0,
    "spiceLevel": "",
    "aiselNo": "12",
    "store": "Market Basket",
    "weightType": "4 count",
    "imageName": "No Image.jpg",
    "defaultImage": "No Image.jpg",
    "updatedTimestamp": "Jan 23, 2021 8:02:30 PM",
    "createdTimestamp": "Jan 23, 2021 8:02:30 PM",
    "isNewlyAdded": false,
    "isActive": true,
    "isDealsEnabled": false,
    "quantity": 0
  },
  {
    "id": 14787,
    "code": "Smooth'n Shine Polishing Bodifying Mousse Sweet Almond Oil Extra Hold",
    "desc": "Smooth'n Shine Polishing Bodifying Mousse Sweet Almond Oil Extra Hold",
    "shortDesc": "Smooth'n Shine Polishing Bodifying Mousse Sweet Almond Oil Extra Hold",
    "tags": [
      "Hair Care"
    ],
    "categories": [
      {
        "code": "Personal Care",
        "desc": "Personal Care"
      }
    ],
    "subCategories": [
      {
        "code": "Body Wash, Soap & Hair Care",
        "desc": "Body Wash, Soap & Hair Care"
      }
    ],
    "brands": [
      {
        "code": "Smooth'n Shine",
        "desc": "Smooth'n Shine"
      }
    ],
    "price": {
      "basePrice": 5.62,
      "discountPrice": 5.62
    },
    "type": {
      "code": "Hair Care",
      "desc": "Hair Care"
    },
    "weight": "9 oz",
    "UpcCode": "",
    "tax": 1.0,
    "spiceLevel": "",
    "aiselNo": "13",
    "store": "Market Basket",
    "weightType": "9 oz",
    "imageName": "17845.jpg",
    "defaultImage": "17845.jpg",
    "updatedTimestamp": "Jan 23, 2021 8:02:30 PM",
    "createdTimestamp": "Jan 23, 2021 8:02:30 PM",
    "isNewlyAdded": false,
    "isActive": true,
    "isDealsEnabled": false,
    "quantity": 0
  },
  {
    "id": 14703,
    "code": "Market Basket Sweet Pea Body Wash Enriched With Papaya & Aloe",
    "desc": "Market Basket Sweet Pea Body Wash Enriched With Papaya & Aloe",
    "shortDesc": "Market Basket Sweet Pea Body Wash Enriched With Papaya & Aloe",
    "tags": [
      "Body Wash"
    ],
    "categories": [
      {
        "code": "Personal Care",
        "desc": "Personal Care"
      }
    ],
    "subCategories": [
      {
        "code": "Body Wash, Soap & Hair Care",
        "desc": "Body Wash, Soap & Hair Care"
      }
    ],
    "brands": [
      {
        "code": "Market Basket",
        "desc": "Market Basket"
      }
    ],
    "price": {
      "basePrice": 3.21,
      "discountPrice": 3.21
    },
    "type": {
      "code": "Body Wash",
      "desc": "Body Wash"
    },
    "weight": "20 fl oz",
    "UpcCode": "",
    "tax": 1.0,
    "spiceLevel": "",
    "aiselNo": "13",
    "store": "Market Basket",
    "weightType": "20 fl oz",
    "imageName": "Market Basket.jpg",
    "defaultImage": "Market Basket.jpg",
    "updatedTimestamp": "Jan 23, 2021 8:02:30 PM",
    "createdTimestamp": "Jan 23, 2021 8:02:30 PM",
    "isNewlyAdded": false,
    "isActive": true,
    "isDealsEnabled": false,
    "quantity": 0
  },
  {
    "id": 6704,
    "code": "Entenmann's Raspberry Danish Twist",
    "desc": "Entenmann's Raspberry Danish Twist",
    "shortDesc": "Entenmann's Raspberry Danish Twist",
    "tags": [
      "Twists"
    ],
    "categories": [
      {
        "code": "Chips, Cookies & Snacks",
        "desc": "Chips, Cookies & Snacks"
      }
    ],
    "subCategories": [
      {
        "code": "Cookies & Crackers",
        "desc": "Cookies & Crackers"
      }
    ],
    "brands": [
      {
        "code": "Entenmann's",
        "desc": "Entenmann's"
      }
    ],
    "price": {
      "basePrice": 8.69,
      "discountPrice": 8.69
    },
    "type": {
      "code": "Twists",
      "desc": "Twists"
    },
    "weight": "15 oz",
    "UpcCode": "",
    "tax": 0.0,
    "spiceLevel": "",
    "aiselNo": "19",
    "store": "Market Basket",
    "weightType": "15 oz",
    "imageName": "6223.jpg",
    "defaultImage": "6223.jpg",
    "updatedTimestamp": "Jan 23, 2021 8:02:30 PM",
    "createdTimestamp": "Jan 23, 2021 8:02:30 PM",
    "isNewlyAdded": false,
    "isActive": true,
    "isDealsEnabled": false,
    "quantity": 0
  },
  {
    "id": 5954,
    "code": "Mr & Mrs T Bold & Spicy Bloody Mary Mix",
    "desc": "Mr & Mrs T Bold & Spicy Bloody Mary Mix",
    "shortDesc": "Mr & Mrs T Bold & Spicy Bloody Mary Mix",
    "tags": [
      "Cocoa & Drink Mixes"
    ],
    "categories": [
      {
        "code": "Beverages & Juices",
        "desc": "Beverages & Juices"
      }
    ],
    "subCategories": [
      {
        "code": "Cocoa & Drink Mixes",
        "desc": "Cocoa & Drink Mixes"
      }
    ],
    "brands": [
      {
        "code": "Mr & Mrs T",
        "desc": "Mr & Mrs T"
      }
    ],
    "price": {
      "basePrice": 4.99,
      "discountPrice": 4.99
    },
    "type": {
      "code": "Cocoa & Drink Mixes",
      "desc": "Cocoa & Drink Mixes"
    },
    "weight": "1 L",
    "UpcCode": "",
    "tax": 0.0,
    "spiceLevel": "",
    "aiselNo": "17",
    "store": "Market Basket",
    "weightType": "1 L",
    "imageName": "No Image.jpg",
    "defaultImage": "No Image.jpg",
    "updatedTimestamp": "Jan 23, 2021 8:02:29 PM",
    "createdTimestamp": "Jan 23, 2021 8:02:29 PM",
    "isNewlyAdded": false,
    "isActive": true,
    "isDealsEnabled": false,
    "quantity": 0
  },
  {
    "id": 7534,
    "code": "Market Basket Watermelon Sour Jacks",
    "desc": "Market Basket Watermelon Sour Jacks",
    "shortDesc": "Market Basket Watermelon Sour Jacks",
    "tags": [
      "Canned & Jarred Vegetables"
    ],
    "categories": [
      {
        "code": "Cooking Needs",
        "desc": "Cooking Needs"
      }
    ],
    "subCategories": [
      {
        "code": "Canned Food",
        "desc": "Canned Food"
      }
    ],
    "brands": [
      {
        "code": "Market Basket",
        "desc": "Market Basket"
      }
    ],
    "price": {
      "basePrice": 1.29,
      "discountPrice": 1.29
    },
    "type": {
      "code": "Canned & Jarred Vegetables",
      "desc": "Canned & Jarred Vegetables"
    },
    "weight": "5 oz",
    "UpcCode": "",
    "tax": 0.0,
    "spiceLevel": "",
    "aiselNo": "9",
    "store": "Market Basket",
    "weightType": "5 oz",
    "imageName": "Market Basket.jpg",
    "defaultImage": "Market Basket.jpg",
    "updatedTimestamp": "Jan 23, 2021 8:02:30 PM",
    "createdTimestamp": "Jan 23, 2021 8:02:30 PM",
    "isNewlyAdded": false,
    "isActive": true,
    "isDealsEnabled": false,
    "quantity": 0
  },
  {
    "id": 6806,
    "code": "Brer Rabbit Blackstrap Unsulphured Molasses",
    "desc": "Brer Rabbit Blackstrap Unsulphured Molasses",
    "shortDesc": "Brer Rabbit Blackstrap Unsulphured Molasses",
    "tags": [
      "Baking Ingredients"
    ],
    "categories": [
      {
        "code": "Cooking Needs",
        "desc": "Cooking Needs"
      }
    ],
    "subCategories": [
      {
        "code": "Baking & Cooking",
        "desc": "Baking & Cooking"
      }
    ],
    "brands": [
      {
        "code": "Brer Rabbit",
        "desc": "Brer Rabbit"
      }
    ],
    "price": {
      "basePrice": 4.89,
      "discountPrice": 4.89
    },
    "type": {
      "code": "Baking Ingredients",
      "desc": "Baking Ingredients"
    },
    "weight": "12 fl oz",
    "UpcCode": "",
    "tax": 0.0,
    "spiceLevel": "",
    "aiselNo": "8",
    "store": "Market Basket",
    "weightType": "12 fl oz",
    "imageName": "15705.jpg",
    "defaultImage": "15705.jpg",
    "updatedTimestamp": "Jan 23, 2021 8:02:30 PM",
    "createdTimestamp": "Jan 23, 2021 8:02:30 PM",
    "isNewlyAdded": false,
    "isActive": true,
    "isDealsEnabled": false,
    "quantity": 0
  },
  {
    "id": 14847,
    "code": "Irish Spring Deodorant Soap Icy Blast",
    "desc": "Irish Spring Deodorant Soap Icy Blast",
    "shortDesc": "Irish Spring Deodorant Soap Icy Blast",
    "tags": [
      "Soap"
    ],
    "categories": [
      {
        "code": "Personal Care",
        "desc": "Personal Care"
      }
    ],
    "subCategories": [
      {
        "code": "Body Wash, Soap & Hair Care",
        "desc": "Body Wash, Soap & Hair Care"
      }
    ],
    "brands": [
      {
        "code": "Irish Spring",
        "desc": "Irish Spring"
      }
    ],
    "price": {
      "basePrice": 4.93,
      "discountPrice": 4.93
    },
    "type": {
      "code": "Soap",
      "desc": "Soap"
    },
    "weight": "8 x 3.75 oz",
    "UpcCode": "",
    "tax": 1.0,
    "spiceLevel": "",
    "aiselNo": "13",
    "store": "Market Basket",
    "weightType": "8 x 3.75 oz",
    "imageName": "6358.jpg",
    "defaultImage": "6358.jpg",
    "updatedTimestamp": "Jan 23, 2021 8:02:30 PM",
    "createdTimestamp": "Jan 23, 2021 8:02:30 PM",
    "isNewlyAdded": false,
    "isActive": true,
    "isDealsEnabled": false,
    "quantity": 0
  },
  {
    "id": 6957,
    "code": "Duncan Hines Pie Filling & Topping, Blueberry",
    "desc": "Duncan Hines Pie Filling & Topping, Blueberry",
    "shortDesc": "Duncan Hines Pie Filling & Topping, Blueberry",
    "tags": [
      "Doughs, Gelatins & Bake Mixes"
    ],
    "categories": [
      {
        "code": "Cooking Needs",
        "desc": "Cooking Needs"
      }
    ],
    "subCategories": [
      {
        "code": "Baking & Cooking",
        "desc": "Baking & Cooking"
      }
    ],
    "brands": [
      {
        "code": "Duncan Hines",
        "desc": "Duncan Hines"
      }
    ],
    "price": {
      "basePrice": 3.09,
      "discountPrice": 3.09
    },
    "type": {
      "code": "Doughs, Gelatins & Bake Mixes",
      "desc": "Doughs, Gelatins & Bake Mixes"
    },
    "weight": "21 oz",
    "UpcCode": "",
    "tax": 0.0,
    "spiceLevel": "",
    "aiselNo": "8",
    "store": "Market Basket",
    "weightType": "21 oz",
    "imageName": "2092.jpg",
    "defaultImage": "2092.jpg",
    "updatedTimestamp": "Jan 23, 2021 8:02:30 PM",
    "createdTimestamp": "Jan 23, 2021 8:02:30 PM",
    "isNewlyAdded": false,
    "isActive": true,
    "isDealsEnabled": false,
    "quantity": 0
  },
  {
    "id": 5899,
    "code": "Starbucks Doubleshot Energy Mocha",
    "desc": "Starbucks Doubleshot Energy Mocha",
    "shortDesc": "Starbucks Doubleshot Energy Mocha",
    "tags": [
      "Single To-Go Coffee"
    ],
    "categories": [
      {
        "code": "Beverages & Juices",
        "desc": "Beverages & Juices"
      }
    ],
    "subCategories": [
      {
        "code": "Tea, Coffee, Milk & Coconut Water",
        "desc": "Tea, Coffee, Milk & Coconut Water"
      }
    ],
    "brands": [
      {
        "code": "StarBucks",
        "desc": "StarBucks"
      }
    ],
    "price": {
      "basePrice": 3.36,
      "discountPrice": 3.36
    },
    "type": {
      "code": "Single To-Go Coffee",
      "desc": "Single To-Go Coffee"
    },
    "weight": "15 fl oz",
    "UpcCode": "",
    "tax": 0.0,
    "spiceLevel": "",
    "aiselNo": "17",
    "store": "Market Basket",
    "weightType": "15 fl oz",
    "imageName": "No Image.jpg",
    "defaultImage": "No Image.jpg",
    "updatedTimestamp": "Jan 23, 2021 8:02:30 PM",
    "createdTimestamp": "Jan 23, 2021 8:02:30 PM",
    "isNewlyAdded": false,
    "isActive": true,
    "isDealsEnabled": false,
    "quantity": 0
  },
  {
    "id": 14738,
    "code": "Grisi Detangling Lotion, Kids",
    "desc": "Grisi Detangling Lotion, Kids",
    "shortDesc": "Grisi Detangling Lotion, Kids",
    "tags": [
      "Hair Care"
    ],
    "categories": [
      {
        "code": "Personal Care",
        "desc": "Personal Care"
      }
    ],
    "subCategories": [
      {
        "code": "Body Wash, Soap & Hair Care",
        "desc": "Body Wash, Soap & Hair Care"
      }
    ],
    "brands": [
      {
        "code": "Grisi",
        "desc": "Grisi"
      }
    ],
    "price": {
      "basePrice": 2.86,
      "discountPrice": 2.86
    },
    "type": {
      "code": "Hair Care",
      "desc": "Hair Care"
    },
    "weight": "8.4 oz",
    "UpcCode": "",
    "tax": 1.0,
    "spiceLevel": "",
    "aiselNo": "13",
    "store": "Market Basket",
    "weightType": "8.4 oz",
    "imageName": "17818.jpg",
    "defaultImage": "17818.jpg",
    "updatedTimestamp": "Jan 23, 2021 8:02:30 PM",
    "createdTimestamp": "Jan 23, 2021 8:02:30 PM",
    "isNewlyAdded": false,
    "isActive": true,
    "isDealsEnabled": false,
    "quantity": 0
  },
  {
    "id": 15327,
    "code": "Nature Made Calcium (Carbonate) 500 mg w/D Tablets Value Size",
    "desc": "Nature Made Calcium (Carbonate) 500 mg w/D Tablets Value Size",
    "shortDesc": "Nature Made Calcium (Carbonate) 500 mg w/D Tablets Value Size",
    "tags": [
      "Vitamins & Supplements"
    ],
    "categories": [
      {
        "code": "Personal Care",
        "desc": "Personal Care"
      }
    ],
    "subCategories": [
      {
        "code": "Vitamins & Proteins",
        "desc": "Vitamins & Proteins"
      }
    ],
    "brands": [
      {
        "code": "Nature Made",
        "desc": "Nature Made"
      }
    ],
    "price": {
      "basePrice": 18.27,
      "discountPrice": 18.27
    },
    "type": {
      "code": "Vitamins & Supplements",
      "desc": "Vitamins & Supplements"
    },
    "weight": "300 count",
    "UpcCode": "",
    "tax": 1.0,
    "spiceLevel": "",
    "aiselNo": "13",
    "store": "Market Basket",
    "weightType": "300 count",
    "imageName": "18182.jpg",
    "defaultImage": "18182.jpg",
    "updatedTimestamp": "Jan 23, 2021 8:02:30 PM",
    "createdTimestamp": "Jan 23, 2021 8:02:30 PM",
    "isNewlyAdded": false,
    "isActive": true,
    "isDealsEnabled": false,
    "quantity": 0
  },
  {
    "id": 497,
    "code": "Tide Fresh Coral Blast Detergent 64 Loads",
    "desc": "Tide Fresh Coral Blast Detergent 64 Loads",
    "shortDesc": "Tide Fresh Coral Blast Detergent 64 Loads",
    "tags": [
      "Laundry Detergent"
    ],
    "categories": [
      {
        "code": "Laundry & Paper Goods",
        "desc": "Laundry & Paper Goods"
      }
    ],
    "subCategories": [
      {
        "code": "Laundry",
        "desc": "Laundry"
      }
    ],
    "brands": [
      {
        "code": "Tide",
        "desc": "Tide"
      }
    ],
    "price": {
      "basePrice": 14.99,
      "discountPrice": 14.99
    },
    "type": {
      "code": "Laundry Detergent",
      "desc": "Laundry Detergent"
    },
    "weight": "92 fl oz",
    "UpcCode": "",
    "tax": 1.0,
    "spiceLevel": "",
    "aiselNo": "15",
    "store": "Market Basket",
    "weightType": "92 fl oz",
    "imageName": "No Image.jpg",
    "defaultImage": "No Image.jpg",
    "updatedTimestamp": "Jan 23, 2021 8:02:30 PM",
    "createdTimestamp": "Jan 23, 2021 8:02:30 PM",
    "isNewlyAdded": false,
    "isActive": true,
    "isDealsEnabled": false,
    "quantity": 0
  },
  {
    "id": 13708,
    "code": "Kraft Velveeta Original Loaf",
    "desc": "Kraft Velveeta Original Loaf",
    "shortDesc": "Kraft Velveeta Original Loaf",
    "tags": [
      "Packaged Cheese"
    ],
    "categories": [
      {
        "code": "Breakfast & Dairy",
        "desc": "Breakfast & Dairy"
      }
    ],
    "subCategories": [
      {
        "code": "Dairy & Eggs",
        "desc": "Dairy & Eggs"
      }
    ],
    "brands": [
      {
        "code": "Kraft",
        "desc": "Kraft"
      }
    ],
    "price": {
      "basePrice": 8.59,
      "discountPrice": 8.59
    },
    "type": {
      "code": "Packaged Cheese",
      "desc": "Packaged Cheese"
    },
    "weight": "32 oz",
    "UpcCode": "",
    "tax": 0.0,
    "spiceLevel": "",
    "aiselNo": "1",
    "store": "Market Basket",
    "weightType": "32 oz",
    "imageName": "14617.jpg",
    "defaultImage": "14617.jpg",
    "updatedTimestamp": "Jan 23, 2021 8:02:30 PM",
    "createdTimestamp": "Jan 23, 2021 8:02:30 PM",
    "isNewlyAdded": false,
    "isActive": true,
    "isDealsEnabled": false,
    "quantity": 0
  },
  {
    "id": 7140,
    "code": "Marukan Lite Rice Vinegar Dressing",
    "desc": "Marukan Lite Rice Vinegar Dressing",
    "shortDesc": "Marukan Lite Rice Vinegar Dressing",
    "tags": [
      "Oils & Vinegars"
    ],
    "categories": [
      {
        "code": "Cooking Needs",
        "desc": "Cooking Needs"
      }
    ],
    "subCategories": [
      {
        "code": "Oils & Vinegars",
        "desc": "Oils & Vinegars"
      }
    ],
    "brands": [
      {
        "code": "Marukan",
        "desc": "Marukan"
      }
    ],
    "price": {
      "basePrice": 3.69,
      "discountPrice": 3.69
    },
    "type": {
      "code": "Oils & Vinegars",
      "desc": "Oils & Vinegars"
    },
    "weight": "12 fl oz",
    "UpcCode": "",
    "tax": 0.0,
    "spiceLevel": "",
    "aiselNo": "2",
    "store": "Market Basket",
    "weightType": "12 fl oz",
    "imageName": "15515.jpg",
    "defaultImage": "15515.jpg",
    "updatedTimestamp": "Jan 23, 2021 8:02:30 PM",
    "createdTimestamp": "Jan 23, 2021 8:02:30 PM",
    "isNewlyAdded": false,
    "isActive": true,
    "isDealsEnabled": false,
    "quantity": 0
  },
  {
    "id": 118,
    "code": "Weiman Leather Wipes",
    "desc": "Weiman Leather Wipes",
    "shortDesc": "Weiman Leather Wipes",
    "tags": [
      "Cleaning Wipes"
    ],
    "categories": [
      {
        "code": "Kitchen & Cleaning",
        "desc": "Kitchen & Cleaning"
      }
    ],
    "subCategories": [
      {
        "code": "Cleaning Products",
        "desc": "Cleaning Products"
      }
    ],
    "brands": [
      {
        "code": "Weiman",
        "desc": "Weiman"
      }
    ],
    "price": {
      "basePrice": 3.69,
      "discountPrice": 3.69
    },
    "type": {
      "code": "Cleaning Wipes",
      "desc": "Cleaning Wipes"
    },
    "weight": "30 count",
    "UpcCode": "",
    "tax": 1.0,
    "spiceLevel": "",
    "aiselNo": "15",
    "store": "Market Basket",
    "weightType": "30 count",
    "imageName": "4309.jpg",
    "defaultImage": "4309.jpg",
    "updatedTimestamp": "Jan 23, 2021 8:02:30 PM",
    "createdTimestamp": "Jan 23, 2021 8:02:30 PM",
    "isNewlyAdded": false,
    "isActive": true,
    "isDealsEnabled": false,
    "quantity": 0
  },
  {
    "id": 3742,
    "code": "Sweet Hot Basil",
    "desc": "Sweet Hot Basil",
    "shortDesc": "Sweet Hot Basil",
    "tags": [
      "Basil"
    ],
    "categories": [
      {
        "code": "Fresh Produce",
        "desc": "Fresh Produce"
      }
    ],
    "subCategories": [
      {
        "code": "Fresh Herbs",
        "desc": "Fresh Herbs"
      }
    ],
    "brands": [
      {
        "code": "Market Basket",
        "desc": "Market Basket"
      }
    ],
    "price": {
      "basePrice": 11.26,
      "discountPrice": 11.26
    },
    "type": {
      "code": "Basil",
      "desc": "Basil"
    },
    "weight": "1 lb",
    "UpcCode": "",
    "tax": 0.0,
    "spiceLevel": "",
    "aiselNo": "20",
    "store": "Market Basket",
    "weightType": "1 lb",
    "imageName": "FP58.jpg",
    "defaultImage": "FP58.jpg",
    "updatedTimestamp": "Jan 23, 2021 8:02:30 PM",
    "createdTimestamp": "Jan 23, 2021 8:02:30 PM",
    "isNewlyAdded": false,
    "isActive": true,
    "isDealsEnabled": false,
    "quantity": 0
  },
  {
    "id": 5617,
    "code": "Calavo Single Serve Guacamole",
    "desc": "Calavo Single Serve Guacamole",
    "shortDesc": "Calavo Single Serve Guacamole",
    "tags": [
      "Fruit & Vegetable Snacks"
    ],
    "categories": [
      {
        "code": "Chips, Cookies & Snacks",
        "desc": "Chips, Cookies & Snacks"
      }
    ],
    "subCategories": [
      {
        "code": "Chips & Fruit Snacks",
        "desc": "Chips & Fruit Snacks"
      }
    ],
    "brands": [
      {
        "code": "Calavo",
        "desc": "Calavo"
      }
    ],
    "price": {
      "basePrice": 4.89,
      "discountPrice": 4.89
    },
    "type": {
      "code": "Fruit & Vegetable Snacks",
      "desc": "Fruit & Vegetable Snacks"
    },
    "weight": "6 ct",
    "UpcCode": "",
    "tax": 0.0,
    "spiceLevel": "",
    "aiselNo": "20",
    "store": "Market Basket",
    "weightType": "6 ct",
    "imageName": "No Image.jpg",
    "defaultImage": "No Image.jpg",
    "updatedTimestamp": "Jan 23, 2021 8:02:30 PM",
    "createdTimestamp": "Jan 23, 2021 8:02:30 PM",
    "isNewlyAdded": false,
    "isActive": true,
    "isDealsEnabled": false,
    "quantity": 0
  },
  {
    "id": 4978,
    "code": "Tositos Cantina Traditional Tortilla Chips",
    "desc": "Tositos Cantina Traditional Tortilla Chips",
    "shortDesc": "Tositos Cantina Traditional Tortilla Chips",
    "tags": [
      "Chips & Pretzels"
    ],
    "categories": [
      {
        "code": "Chips, Cookies & Snacks",
        "desc": "Chips, Cookies & Snacks"
      }
    ],
    "subCategories": [
      {
        "code": "Chips & Fruit Snacks",
        "desc": "Chips & Fruit Snacks"
      }
    ],
    "brands": [
      {
        "code": "Tostitos",
        "desc": "Tostitos"
      }
    ],
    "price": {
      "basePrice": 5.14,
      "discountPrice": 5.14
    },
    "type": {
      "code": "Chips & Pretzels",
      "desc": "Chips & Pretzels"
    },
    "weight": "12 oz",
    "UpcCode": "",
    "tax": 0.0,
    "spiceLevel": "",
    "aiselNo": "0",
    "store": "Market Basket",
    "weightType": "12 oz",
    "imageName": "No Image.jpg",
    "defaultImage": "No Image.jpg",
    "updatedTimestamp": "Jan 23, 2021 8:02:30 PM",
    "createdTimestamp": "Jan 23, 2021 8:02:30 PM",
    "isNewlyAdded": false,
    "isActive": true,
    "isDealsEnabled": false,
    "quantity": 0
  },
  {
    "id": 10109,
    "code": "Hood Rainbow Fat Free Sherbet",
    "desc": "Hood Rainbow Fat Free Sherbet",
    "shortDesc": "Hood Rainbow Fat Free Sherbet",
    "tags": [
      "Ice Cream & Ice"
    ],
    "categories": [
      {
        "code": "Frozen Food",
        "desc": "Frozen Food"
      }
    ],
    "subCategories": [
      {
        "code": "Ice Cream & Ice",
        "desc": "Ice Cream & Ice"
      }
    ],
    "brands": [
      {
        "code": "Hood",
        "desc": "Hood"
      }
    ],
    "price": {
      "basePrice": 3.69,
      "discountPrice": 3.69
    },
    "type": {
      "code": "Ice Cream & Ice",
      "desc": "Ice Cream & Ice"
    },
    "weight": "1.5 quart",
    "UpcCode": "",
    "tax": 0.0,
    "spiceLevel": "",
    "aiselNo": "21",
    "store": "Market Basket",
    "weightType": "1.5 quart",
    "imageName": "3100.jpg",
    "defaultImage": "3100.jpg",
    "updatedTimestamp": "Jan 23, 2021 8:02:30 PM",
    "createdTimestamp": "Jan 23, 2021 8:02:30 PM",
    "isNewlyAdded": false,
    "isActive": true,
    "isDealsEnabled": false,
    "quantity": 0
  },
  {
    "id": 7805,
    "code": "Pastene Red Kidney Beans",
    "desc": "Pastene Red Kidney Beans",
    "shortDesc": "Pastene Red Kidney Beans",
    "tags": [
      "Canned Meals & Beans"
    ],
    "categories": [
      {
        "code": "Cooking Needs",
        "desc": "Cooking Needs"
      }
    ],
    "subCategories": [
      {
        "code": "Canned Food",
        "desc": "Canned Food"
      }
    ],
    "brands": [
      {
        "code": "Pastene",
        "desc": "Pastene"
      }
    ],
    "price": {
      "basePrice": 1.29,
      "discountPrice": 1.29
    },
    "type": {
      "code": "Canned Meals & Beans",
      "desc": "Canned Meals & Beans"
    },
    "weight": "14 oz",
    "UpcCode": "",
    "tax": 0.0,
    "spiceLevel": "",
    "aiselNo": "2",
    "store": "Market Basket",
    "weightType": "14 oz",
    "imageName": "17144.jpg",
    "defaultImage": "17144.jpg",
    "updatedTimestamp": "Jan 23, 2021 8:02:30 PM",
    "createdTimestamp": "Jan 23, 2021 8:02:30 PM",
    "isNewlyAdded": false,
    "isActive": true,
    "isDealsEnabled": false,
    "quantity": 0
  },
  {
    "id": 14862,
    "code": "Market Basket Moisturizing She's Butter Bath Bars",
    "desc": "Market Basket Moisturizing She's Butter Bath Bars",
    "shortDesc": "Market Basket Moisturizing She's Butter Bath Bars",
    "tags": [
      "Soap"
    ],
    "categories": [
      {
        "code": "Personal Care",
        "desc": "Personal Care"
      }
    ],
    "subCategories": [
      {
        "code": "Body Wash, Soap & Hair Care",
        "desc": "Body Wash, Soap & Hair Care"
      }
    ],
    "brands": [
      {
        "code": "Market Basket",
        "desc": "Market Basket"
      }
    ],
    "price": {
      "basePrice": 5.62,
      "discountPrice": 5.62
    },
    "type": {
      "code": "Soap",
      "desc": "Soap"
    },
    "weight": "24 oz",
    "UpcCode": "",
    "tax": 1.0,
    "spiceLevel": "",
    "aiselNo": "13",
    "store": "Market Basket",
    "weightType": "24 oz",
    "imageName": "Market Basket.jpg",
    "defaultImage": "Market Basket.jpg",
    "updatedTimestamp": "Jan 23, 2021 8:02:30 PM",
    "createdTimestamp": "Jan 23, 2021 8:02:30 PM",
    "isNewlyAdded": false,
    "isActive": true,
    "isDealsEnabled": false,
    "quantity": 0
  },
  {
    "id": 10011,
    "code": "Edy's/dreyer's Fudge Tracks Light Ice Cream",
    "desc": "Edy's/dreyer's Fudge Tracks Light Ice Cream",
    "shortDesc": "Edy's/dreyer's Fudge Tracks Light Ice Cream",
    "tags": [
      "Ice Cream & Ice"
    ],
    "categories": [
      {
        "code": "Frozen Food",
        "desc": "Frozen Food"
      }
    ],
    "subCategories": [
      {
        "code": "Ice Cream & Ice",
        "desc": "Ice Cream & Ice"
      }
    ],
    "brands": [
      {
        "code": "Edy's/dreyer's",
        "desc": "Edy's/dreyer's"
      }
    ],
    "price": {
      "basePrice": 3.69,
      "discountPrice": 3.69
    },
    "type": {
      "code": "Ice Cream & Ice",
      "desc": "Ice Cream & Ice"
    },
    "weight": "48 fl oz",
    "UpcCode": "",
    "tax": 0.0,
    "spiceLevel": "",
    "aiselNo": "21",
    "store": "Market Basket",
    "weightType": "48 fl oz",
    "imageName": "3034.jpg",
    "defaultImage": "3034.jpg",
    "updatedTimestamp": "Jan 23, 2021 8:02:30 PM",
    "createdTimestamp": "Jan 23, 2021 8:02:30 PM",
    "isNewlyAdded": false,
    "isActive": true,
    "isDealsEnabled": false,
    "quantity": 0
  },
  {
    "id": 151,
    "code": "Mr. Clean with Febreze Freshness Lavender Vanilla & Comfort Multi-Purpose Cleaner",
    "desc": "Mr. Clean with Febreze Freshness Lavender Vanilla & Comfort Multi-Purpose Cleaner",
    "shortDesc": "Mr. Clean with Febreze Freshness Lavender Vanilla & Comfort Multi-Purpose Cleaner",
    "tags": [
      "Other Cleaning Products"
    ],
    "categories": [
      {
        "code": "Kitchen & Cleaning",
        "desc": "Kitchen & Cleaning"
      }
    ],
    "subCategories": [
      {
        "code": "Cleaning Products",
        "desc": "Cleaning Products"
      }
    ],
    "brands": [
      {
        "code": "Febreze",
        "desc": "Febreze"
      }
    ],
    "price": {
      "basePrice": 3.69,
      "discountPrice": 3.69
    },
    "type": {
      "code": "Other Cleaning Products",
      "desc": "Other Cleaning Products"
    },
    "weight": "40 fl oz",
    "UpcCode": "",
    "tax": 1.0,
    "spiceLevel": "",
    "aiselNo": "15",
    "store": "Market Basket",
    "weightType": "40 fl oz",
    "imageName": "18052.jpg",
    "defaultImage": "18052.jpg",
    "updatedTimestamp": "Jan 23, 2021 8:02:30 PM",
    "createdTimestamp": "Jan 23, 2021 8:02:30 PM",
    "isNewlyAdded": false,
    "isActive": true,
    "isDealsEnabled": false,
    "quantity": 0
  },
  {
    "id": 4759,
    "code": "Alaska Gold Coho Salmon Fillet",
    "desc": "Alaska Gold Coho Salmon Fillet",
    "shortDesc": "Alaska Gold Coho Salmon Fillet",
    "tags": [
      "Frozen Salmon"
    ],
    "categories": [
      {
        "code": "Meat & Seafood",
        "desc": "Meat & Seafood"
      }
    ],
    "subCategories": [
      {
        "code": "Frozen Meat & Seafood",
        "desc": "Frozen Meat & Seafood"
      }
    ],
    "brands": [
      {
        "code": "Alaska Gold",
        "desc": "Alaska Gold"
      }
    ],
    "price": {
      "basePrice": 41.12,
      "discountPrice": 41.12
    },
    "type": {
      "code": "Frozen Salmon",
      "desc": "Frozen Salmon"
    },
    "weight": "Approx: 4.20 lb at $9.79/lb",
    "UpcCode": "",
    "tax": 0.0,
    "spiceLevel": "",
    "aiselNo": "18",
    "store": "Market Basket",
    "weightType": "Approx: 4.20 lb at $9.79/lb",
    "imageName": "No Image.jpg",
    "defaultImage": "No Image.jpg",
    "updatedTimestamp": "Jan 23, 2021 8:02:30 PM",
    "createdTimestamp": "Jan 23, 2021 8:02:30 PM",
    "isNewlyAdded": false,
    "isActive": true,
    "isDealsEnabled": false,
    "quantity": 0
  },
  {
    "id": 5798,
    "code": "Odwalla Blueberry Swirl Superfood Bar",
    "desc": "Odwalla Blueberry Swirl Superfood Bar",
    "shortDesc": "Odwalla Blueberry Swirl Superfood Bar",
    "tags": [
      "Protien Bars"
    ],
    "categories": [
      {
        "code": "Breakfast & Dairy",
        "desc": "Breakfast & Dairy"
      }
    ],
    "subCategories": [
      {
        "code": "Bars & Pastries",
        "desc": "Bars & Pastries"
      }
    ],
    "brands": [
      {
        "code": "Odwalla",
        "desc": "Odwalla"
      }
    ],
    "price": {
      "basePrice": 2.49,
      "discountPrice": 2.49
    },
    "type": {
      "code": "Protien Bars",
      "desc": "Protien Bars"
    },
    "weight": "2 oz",
    "UpcCode": "",
    "tax": 0.0,
    "spiceLevel": "",
    "aiselNo": "3",
    "store": "Market Basket",
    "weightType": "2 oz",
    "imageName": "15265.jpg",
    "defaultImage": "15265.jpg",
    "updatedTimestamp": "Jan 23, 2021 8:02:30 PM",
    "createdTimestamp": "Jan 23, 2021 8:02:30 PM",
    "isNewlyAdded": false,
    "isActive": true,
    "isDealsEnabled": false,
    "quantity": 0
  },
  {
    "id": 13942,
    "code": "La Ricura Jalisco Cheese",
    "desc": "La Ricura Jalisco Cheese",
    "shortDesc": "La Ricura Jalisco Cheese",
    "tags": [
      "Specialty Cheeses"
    ],
    "categories": [
      {
        "code": "Breakfast & Dairy",
        "desc": "Breakfast & Dairy"
      }
    ],
    "subCategories": [
      {
        "code": "Dairy & Eggs",
        "desc": "Dairy & Eggs"
      }
    ],
    "brands": [
      {
        "code": "La Ricura",
        "desc": "La Ricura"
      }
    ],
    "price": {
      "basePrice": 8.59,
      "discountPrice": 8.59
    },
    "type": {
      "code": "Specialty Cheeses",
      "desc": "Specialty Cheeses"
    },
    "weight": "14 oz",
    "UpcCode": "",
    "tax": 0.0,
    "spiceLevel": "",
    "aiselNo": "1",
    "store": "Market Basket",
    "weightType": "14 oz",
    "imageName": "Market Basket.jpg",
    "defaultImage": "Market Basket.jpg",
    "updatedTimestamp": "Jan 23, 2021 8:02:30 PM",
    "createdTimestamp": "Jan 23, 2021 8:02:30 PM",
    "isNewlyAdded": false,
    "isActive": true,
    "isDealsEnabled": false,
    "quantity": 0
  },
  {
    "id": 5986,
    "code": "Master of Mixes Blood Orange Margarita Mixer",
    "desc": "Master of Mixes Blood Orange Margarita Mixer",
    "shortDesc": "Master of Mixes Blood Orange Margarita Mixer",
    "tags": [
      "Cocoa & Drink Mixes"
    ],
    "categories": [
      {
        "code": "Beverages & Juices",
        "desc": "Beverages & Juices"
      }
    ],
    "subCategories": [
      {
        "code": "Cocoa & Drink Mixes",
        "desc": "Cocoa & Drink Mixes"
      }
    ],
    "brands": [
      {
        "code": "Master of Mixes",
        "desc": "Master of Mixes"
      }
    ],
    "price": {
      "basePrice": 7.49,
      "discountPrice": 7.49
    },
    "type": {
      "code": "Cocoa & Drink Mixes",
      "desc": "Cocoa & Drink Mixes"
    },
    "weight": "1.75 L",
    "UpcCode": "",
    "tax": 0.0,
    "spiceLevel": "",
    "aiselNo": "17",
    "store": "Market Basket",
    "weightType": "1.75 L",
    "imageName": "No Image.jpg",
    "defaultImage": "No Image.jpg",
    "updatedTimestamp": "Jan 23, 2021 8:02:29 PM",
    "createdTimestamp": "Jan 23, 2021 8:02:29 PM",
    "isNewlyAdded": false,
    "isActive": true,
    "isDealsEnabled": false,
    "quantity": 0
  },
  {
    "id": 13689,
    "code": "Galbani Mozzarella Fresca",
    "desc": "Galbani Mozzarella Fresca",
    "shortDesc": "Galbani Mozzarella Fresca",
    "tags": [
      "Packaged Cheese"
    ],
    "categories": [
      {
        "code": "Breakfast & Dairy",
        "desc": "Breakfast & Dairy"
      }
    ],
    "subCategories": [
      {
        "code": "Dairy & Eggs",
        "desc": "Dairy & Eggs"
      }
    ],
    "brands": [
      {
        "code": "Galbani",
        "desc": "Galbani"
      }
    ],
    "price": {
      "basePrice": 6.09,
      "discountPrice": 6.09
    },
    "type": {
      "code": "Packaged Cheese",
      "desc": "Packaged Cheese"
    },
    "weight": "1 lb",
    "UpcCode": "",
    "tax": 0.0,
    "spiceLevel": "",
    "aiselNo": "1",
    "store": "Market Basket",
    "weightType": "1 lb",
    "imageName": "158.jpg",
    "defaultImage": "158.jpg",
    "updatedTimestamp": "Jan 23, 2021 8:02:30 PM",
    "createdTimestamp": "Jan 23, 2021 8:02:30 PM",
    "isNewlyAdded": false,
    "isActive": true,
    "isDealsEnabled": false,
    "quantity": 0
  },
  {
    "id": 3923,
    "code": "Poblano Peppers (Mild)",
    "desc": "Poblano Peppers (Mild)",
    "shortDesc": "Poblano Peppers (Mild)",
    "tags": [
      "Pepper"
    ],
    "categories": [
      {
        "code": "Fresh Produce",
        "desc": "Fresh Produce"
      }
    ],
    "subCategories": [
      {
        "code": "Fresh Vegetables",
        "desc": "Fresh Vegetables"
      }
    ],
    "brands": [
      {
        "code": "Market Basket",
        "desc": "Market Basket"
      }
    ],
    "price": {
      "basePrice": 3.29,
      "discountPrice": 3.29
    },
    "type": {
      "code": "Pepper",
      "desc": "Pepper"
    },
    "weight": "1 lb",
    "UpcCode": "",
    "tax": 0.0,
    "spiceLevel": "",
    "aiselNo": "20",
    "store": "Market Basket",
    "weightType": "1 lb",
    "imageName": "f251.jpg",
    "defaultImage": "f251.jpg",
    "updatedTimestamp": "Jan 23, 2021 8:02:30 PM",
    "createdTimestamp": "Jan 23, 2021 8:02:30 PM",
    "isNewlyAdded": false,
    "isActive": true,
    "isDealsEnabled": false,
    "quantity": 0
  },
  {
    "id": 9978,
    "code": "Breyers Frozen Dairy Dessert Chocolate Chip Cookie Dough",
    "desc": "Breyers Frozen Dairy Dessert Chocolate Chip Cookie Dough",
    "shortDesc": "Breyers Frozen Dairy Dessert Chocolate Chip Cookie Dough",
    "tags": [
      "Ice Cream & Ice"
    ],
    "categories": [
      {
        "code": "Frozen Food",
        "desc": "Frozen Food"
      }
    ],
    "subCategories": [
      {
        "code": "Ice Cream & Ice",
        "desc": "Ice Cream & Ice"
      }
    ],
    "brands": [
      {
        "code": "Breyer's",
        "desc": "Breyer's"
      }
    ],
    "price": {
      "basePrice": 4.09,
      "discountPrice": 4.09
    },
    "type": {
      "code": "Ice Cream & Ice",
      "desc": "Ice Cream & Ice"
    },
    "weight": "48 oz",
    "UpcCode": "",
    "tax": 0.0,
    "spiceLevel": "",
    "aiselNo": "21",
    "store": "Market Basket",
    "weightType": "48 oz",
    "imageName": "17999.jpg",
    "defaultImage": "17999.jpg",
    "updatedTimestamp": "Jan 23, 2021 8:02:30 PM",
    "createdTimestamp": "Jan 23, 2021 8:02:30 PM",
    "isNewlyAdded": false,
    "isActive": true,
    "isDealsEnabled": false,
    "quantity": 0
  },
  {
    "id": 6289,
    "code": "Market Basket Alkaline Water Plus Electrolytes",
    "desc": "Market Basket Alkaline Water Plus Electrolytes",
    "shortDesc": "Market Basket Alkaline Water Plus Electrolytes",
    "tags": [
      "Water"
    ],
    "categories": [
      {
        "code": "Beverages & Juices",
        "desc": "Beverages & Juices"
      }
    ],
    "subCategories": [
      {
        "code": "Water",
        "desc": "Water"
      }
    ],
    "brands": [
      {
        "code": "Market Basket",
        "desc": "Market Basket"
      }
    ],
    "price": {
      "basePrice": 1.24,
      "discountPrice": 1.24
    },
    "type": {
      "code": "Water",
      "desc": "Water"
    },
    "weight": "20.3 fl oz",
    "UpcCode": "",
    "tax": 0.0,
    "spiceLevel": "",
    "aiselNo": "11",
    "store": "Market Basket",
    "weightType": "20.3 fl oz",
    "imageName": "Market Basket.jpg",
    "defaultImage": "Market Basket.jpg",
    "updatedTimestamp": "Jan 23, 2021 8:02:30 PM",
    "createdTimestamp": "Jan 23, 2021 8:02:30 PM",
    "isNewlyAdded": false,
    "isActive": true,
    "isDealsEnabled": false,
    "quantity": 0
  },
  {
    "id": 9162,
    "code": "McCain Seasoned Shredded Potatoes",
    "desc": "McCain Seasoned Shredded Potatoes",
    "shortDesc": "McCain Seasoned Shredded Potatoes",
    "tags": [
      "Frozen Appetizers & Sides"
    ],
    "categories": [
      {
        "code": "Frozen Food",
        "desc": "Frozen Food"
      }
    ],
    "subCategories": [
      {
        "code": "Frozen Dinners & Entrees",
        "desc": "Frozen Dinners & Entrees"
      }
    ],
    "brands": [
      {
        "code": "McCain",
        "desc": "McCain"
      }
    ],
    "price": {
      "basePrice": 2.49,
      "discountPrice": 2.49
    },
    "type": {
      "code": "Frozen Appetizers & Sides",
      "desc": "Frozen Appetizers & Sides"
    },
    "weight": "32 oz",
    "UpcCode": "",
    "tax": 0.0,
    "spiceLevel": "",
    "aiselNo": "18",
    "store": "Market Basket",
    "weightType": "32 oz",
    "imageName": "2586.jpg",
    "defaultImage": "2586.jpg",
    "updatedTimestamp": "Jan 23, 2021 8:02:30 PM",
    "createdTimestamp": "Jan 23, 2021 8:02:30 PM",
    "isNewlyAdded": false,
    "isActive": true,
    "isDealsEnabled": false,
    "quantity": 0
  },
  {
    "id": 7084,
    "code": "Olympiana Early Harvest Extra Virgin Olive Oil",
    "desc": "Olympiana Early Harvest Extra Virgin Olive Oil",
    "shortDesc": "Olympiana Early Harvest Extra Virgin Olive Oil",
    "tags": [
      "Oils & Vinegars"
    ],
    "categories": [
      {
        "code": "Cooking Needs",
        "desc": "Cooking Needs"
      }
    ],
    "subCategories": [
      {
        "code": "Oils & Vinegars",
        "desc": "Oils & Vinegars"
      }
    ],
    "brands": [
      {
        "code": "Olympiana",
        "desc": "Olympiana"
      }
    ],
    "price": {
      "basePrice": 7.39,
      "discountPrice": 7.39
    },
    "type": {
      "code": "Oils & Vinegars",
      "desc": "Oils & Vinegars"
    },
    "weight": "16.9 fl oz",
    "UpcCode": "",
    "tax": 0.0,
    "spiceLevel": "",
    "aiselNo": "2",
    "store": "Market Basket",
    "weightType": "16.9 fl oz",
    "imageName": "No Image.jpg",
    "defaultImage": "No Image.jpg",
    "updatedTimestamp": "Jan 23, 2021 8:02:30 PM",
    "createdTimestamp": "Jan 23, 2021 8:02:30 PM",
    "isNewlyAdded": false,
    "isActive": true,
    "isDealsEnabled": false,
    "quantity": 0
  },
  {
    "id": 7242,
    "code": "Litehouse Salad Dressing Herb Blend",
    "desc": "Litehouse Salad Dressing Herb Blend",
    "shortDesc": "Litehouse Salad Dressing Herb Blend",
    "tags": [
      "Spices & Seasonings"
    ],
    "categories": [
      {
        "code": "Cooking Needs",
        "desc": "Cooking Needs"
      }
    ],
    "subCategories": [
      {
        "code": "Spices & Seasonings",
        "desc": "Spices & Seasonings"
      }
    ],
    "brands": [
      {
        "code": "Litehouse",
        "desc": "Litehouse"
      }
    ],
    "price": {
      "basePrice": 4.09,
      "discountPrice": 4.09
    },
    "type": {
      "code": "Spices & Seasonings",
      "desc": "Spices & Seasonings"
    },
    "weight": "0.42 oz",
    "UpcCode": "",
    "tax": 0.0,
    "spiceLevel": "",
    "aiselNo": "9",
    "store": "Market Basket",
    "weightType": "0.42 oz",
    "imageName": "2276.jpg",
    "defaultImage": "2276.jpg",
    "updatedTimestamp": "Jan 23, 2021 8:02:30 PM",
    "createdTimestamp": "Jan 23, 2021 8:02:30 PM",
    "isNewlyAdded": false,
    "isActive": true,
    "isDealsEnabled": false,
    "quantity": 0
  },
  {
    "id": 15288,
    "code": "Ensure Nutrition Shake",
    "desc": "Ensure Nutrition Shake",
    "shortDesc": "Ensure Nutrition Shake",
    "tags": [
      "Protien Drinks"
    ],
    "categories": [
      {
        "code": "Personal Care",
        "desc": "Personal Care"
      }
    ],
    "subCategories": [
      {
        "code": "Vitamins & Proteins",
        "desc": "Vitamins & Proteins"
      }
    ],
    "brands": [
      {
        "code": "Ensure",
        "desc": "Ensure"
      }
    ],
    "price": {
      "basePrice": 14.02,
      "discountPrice": 14.02
    },
    "type": {
      "code": "Protien Drinks",
      "desc": "Protien Drinks"
    },
    "weight": "6 x 8 fl oz",
    "UpcCode": "",
    "tax": 1.0,
    "spiceLevel": "",
    "aiselNo": "13",
    "store": "Market Basket",
    "weightType": "6 x 8 fl oz",
    "imageName": "6720.jpg",
    "defaultImage": "6720.jpg",
    "updatedTimestamp": "Jan 23, 2021 8:02:30 PM",
    "createdTimestamp": "Jan 23, 2021 8:02:30 PM",
    "isNewlyAdded": false,
    "isActive": true,
    "isDealsEnabled": false,
    "quantity": 0
  },
  {
    "id": 13973,
    "code": "Queso Fresco Guatemala",
    "desc": "Queso Fresco Guatemala",
    "shortDesc": "Queso Fresco Guatemala",
    "tags": [
      "Specialty Cheeses"
    ],
    "categories": [
      {
        "code": "Breakfast & Dairy",
        "desc": "Breakfast & Dairy"
      }
    ],
    "subCategories": [
      {
        "code": "Dairy & Eggs",
        "desc": "Dairy & Eggs"
      }
    ],
    "brands": [
      {
        "code": "Market Basket",
        "desc": "Market Basket"
      }
    ],
    "price": {
      "basePrice": 4.79,
      "discountPrice": 4.79
    },
    "type": {
      "code": "Specialty Cheeses",
      "desc": "Specialty Cheeses"
    },
    "weight": "12 oz",
    "UpcCode": "",
    "tax": 0.0,
    "spiceLevel": "",
    "aiselNo": "1",
    "store": "Market Basket",
    "weightType": "12 oz",
    "imageName": "Market Basket.jpg",
    "defaultImage": "Market Basket.jpg",
    "updatedTimestamp": "Jan 23, 2021 8:02:30 PM",
    "createdTimestamp": "Jan 23, 2021 8:02:30 PM",
    "isNewlyAdded": false,
    "isActive": true,
    "isDealsEnabled": false,
    "quantity": 0
  },
  {
    "id": 4378,
    "code": "Market Basket Whole Wild Whiting",
    "desc": "Market Basket Whole Wild Whiting",
    "shortDesc": "Market Basket Whole Wild Whiting",
    "tags": [
      "Whiting"
    ],
    "categories": [
      {
        "code": "Meat & Seafood",
        "desc": "Meat & Seafood"
      }
    ],
    "subCategories": [
      {
        "code": "Meat & Seafood Counter",
        "desc": "Meat & Seafood Counter"
      }
    ],
    "brands": [
      {
        "code": "Market Basket",
        "desc": "Market Basket"
      }
    ],
    "price": {
      "basePrice": 4.98,
      "discountPrice": 4.98
    },
    "type": {
      "code": "Whiting",
      "desc": "Whiting"
    },
    "weight": "Approx: 1.13 lb at $4.39/lb",
    "UpcCode": "",
    "tax": 0.0,
    "spiceLevel": "",
    "aiselNo": "22",
    "store": "Market Basket",
    "weightType": "Approx: 1.13 lb at $4.39/lb",
    "imageName": "Market Basket.jpg",
    "defaultImage": "Market Basket.jpg",
    "updatedTimestamp": "Jan 23, 2021 8:02:30 PM",
    "createdTimestamp": "Jan 23, 2021 8:02:30 PM",
    "isNewlyAdded": false,
    "isActive": true,
    "isDealsEnabled": false,
    "quantity": 0
  },
  {
    "id": 7981,
    "code": "Campbell's Ready to Serve Low Sodium Cream of Mushroom Soup",
    "desc": "Campbell's Ready to Serve Low Sodium Cream of Mushroom Soup",
    "shortDesc": "Campbell's Ready to Serve Low Sodium Cream of Mushroom Soup",
    "tags": [
      "Soup, Broth & Bouillon"
    ],
    "categories": [
      {
        "code": "Cooking Needs",
        "desc": "Cooking Needs"
      }
    ],
    "subCategories": [
      {
        "code": "Canned Food",
        "desc": "Canned Food"
      }
    ],
    "brands": [
      {
        "code": "Campbell's",
        "desc": "Campbell's"
      }
    ],
    "price": {
      "basePrice": 2.09,
      "discountPrice": 2.09
    },
    "type": {
      "code": "Soup, Broth & Bouillon",
      "desc": "Soup, Broth & Bouillon"
    },
    "weight": "10.5 oz",
    "UpcCode": "",
    "tax": 0.0,
    "spiceLevel": "",
    "aiselNo": "2",
    "store": "Market Basket",
    "weightType": "10.5 oz",
    "imageName": "5379.jpg",
    "defaultImage": "5379.jpg",
    "updatedTimestamp": "Jan 23, 2021 8:02:30 PM",
    "createdTimestamp": "Jan 23, 2021 8:02:30 PM",
    "isNewlyAdded": false,
    "isActive": true,
    "isDealsEnabled": false,
    "quantity": 0
  },
  {
    "id": 14957,
    "code": "Cortizone-10 Intensive Healing Formula Maximum Strength Anti-Itch Creme",
    "desc": "Cortizone-10 Intensive Healing Formula Maximum Strength Anti-Itch Creme",
    "shortDesc": "Cortizone-10 Intensive Healing Formula Maximum Strength Anti-Itch Creme",
    "tags": [
      "First Aid"
    ],
    "categories": [
      {
        "code": "Personal Care",
        "desc": "Personal Care"
      }
    ],
    "subCategories": [
      {
        "code": "First Aid & Healthcare",
        "desc": "First Aid & Healthcare"
      }
    ],
    "brands": [
      {
        "code": "Cortizone-10",
        "desc": "Cortizone-10"
      }
    ],
    "price": {
      "basePrice": 8.15,
      "discountPrice": 8.15
    },
    "type": {
      "code": "First Aid",
      "desc": "First Aid"
    },
    "weight": "1 oz",
    "UpcCode": "",
    "tax": 1.0,
    "spiceLevel": "",
    "aiselNo": "13",
    "store": "Market Basket",
    "weightType": "1 oz",
    "imageName": "6533.jpg",
    "defaultImage": "6533.jpg",
    "updatedTimestamp": "Jan 23, 2021 8:02:30 PM",
    "createdTimestamp": "Jan 23, 2021 8:02:30 PM",
    "isNewlyAdded": false,
    "isActive": true,
    "isDealsEnabled": false,
    "quantity": 0
  },
  {
    "id": 13401,
    "code": "Egg Beaters Southwestern",
    "desc": "Egg Beaters Southwestern",
    "shortDesc": "Egg Beaters Southwestern",
    "tags": [
      "Eggs"
    ],
    "categories": [
      {
        "code": "Breakfast & Dairy",
        "desc": "Breakfast & Dairy"
      }
    ],
    "subCategories": [
      {
        "code": "Dairy & Eggs",
        "desc": "Dairy & Eggs"
      }
    ],
    "brands": [
      {
        "code": "Egg Beaters",
        "desc": "Egg Beaters"
      }
    ],
    "price": {
      "basePrice": 3.09,
      "discountPrice": 3.09
    },
    "type": {
      "code": "Eggs",
      "desc": "Eggs"
    },
    "weight": "15 oz",
    "UpcCode": "",
    "tax": 0.0,
    "spiceLevel": "",
    "aiselNo": "1",
    "store": "Market Basket",
    "weightType": "15 oz",
    "imageName": "601.jpg",
    "defaultImage": "601.jpg",
    "updatedTimestamp": "Jan 23, 2021 8:02:30 PM",
    "createdTimestamp": "Jan 23, 2021 8:02:30 PM",
    "isNewlyAdded": false,
    "isActive": true,
    "isDealsEnabled": false,
    "quantity": 0
  },
  {
    "id": 7910,
    "code": "Bar Harbor Bar All Natural Harbor New England Style Lobster Bisque Soup",
    "desc": "Bar Harbor Bar All Natural Harbor New England Style Lobster Bisque Soup",
    "shortDesc": "Bar Harbor Bar All Natural Harbor New England Style Lobster Bisque Soup",
    "tags": [
      "Soup, Broth & Bouillon"
    ],
    "categories": [
      {
        "code": "Cooking Needs",
        "desc": "Cooking Needs"
      }
    ],
    "subCategories": [
      {
        "code": "Canned Food",
        "desc": "Canned Food"
      }
    ],
    "brands": [
      {
        "code": "Bar Harbor",
        "desc": "Bar Harbor"
      }
    ],
    "price": {
      "basePrice": 3.09,
      "discountPrice": 3.09
    },
    "type": {
      "code": "Soup, Broth & Bouillon",
      "desc": "Soup, Broth & Bouillon"
    },
    "weight": "10.5 oz",
    "UpcCode": "",
    "tax": 0.0,
    "spiceLevel": "",
    "aiselNo": "2",
    "store": "Market Basket",
    "weightType": "10.5 oz",
    "imageName": "17259.jpg",
    "defaultImage": "17259.jpg",
    "updatedTimestamp": "Jan 23, 2021 8:02:30 PM",
    "createdTimestamp": "Jan 23, 2021 8:02:30 PM",
    "isNewlyAdded": false,
    "isActive": true,
    "isDealsEnabled": false,
    "quantity": 0
  },
  {
    "id": 6054,
    "code": "Market Basket FunPops",
    "desc": "Market Basket FunPops",
    "shortDesc": "Market Basket FunPops",
    "tags": [
      "Ice Pops"
    ],
    "categories": [
      {
        "code": "Beverages & Juices",
        "desc": "Beverages & Juices"
      }
    ],
    "subCategories": [
      {
        "code": "Ice Pops",
        "desc": "Ice Pops"
      }
    ],
    "brands": [
      {
        "code": "Market Basket",
        "desc": "Market Basket"
      }
    ],
    "price": {
      "basePrice": 4.99,
      "discountPrice": 4.99
    },
    "type": {
      "code": "Ice Pops",
      "desc": "Ice Pops"
    },
    "weight": "100 x 1.5 oz",
    "UpcCode": "",
    "tax": 0.0,
    "spiceLevel": "",
    "aiselNo": "17",
    "store": "Market Basket",
    "weightType": "100 x 1.5 oz",
    "imageName": "Market Basket.jpg",
    "defaultImage": "Market Basket.jpg",
    "updatedTimestamp": "Jan 23, 2021 8:02:29 PM",
    "createdTimestamp": "Jan 23, 2021 8:02:29 PM",
    "isNewlyAdded": false,
    "isActive": true,
    "isDealsEnabled": false,
    "quantity": 0
  },
  {
    "id": 7642,
    "code": "Del Monte SunFresh Red Grapefruit In Water No Sugar Added",
    "desc": "Del Monte SunFresh Red Grapefruit In Water No Sugar Added",
    "shortDesc": "Del Monte SunFresh Red Grapefruit In Water No Sugar Added",
    "tags": [
      "Canned Fruit & Applesauce"
    ],
    "categories": [
      {
        "code": "Cooking Needs",
        "desc": "Cooking Needs"
      }
    ],
    "subCategories": [
      {
        "code": "Canned Food",
        "desc": "Canned Food"
      }
    ],
    "brands": [
      {
        "code": "Del Monte",
        "desc": "Del Monte"
      }
    ],
    "price": {
      "basePrice": 8.59,
      "discountPrice": 8.59
    },
    "type": {
      "code": "Canned Fruit & Applesauce",
      "desc": "Canned Fruit & Applesauce"
    },
    "weight": "64 oz",
    "UpcCode": "",
    "tax": 0.0,
    "spiceLevel": "",
    "aiselNo": "3",
    "store": "Market Basket",
    "weightType": "64 oz",
    "imageName": "4913.jpg",
    "defaultImage": "4913.jpg",
    "updatedTimestamp": "Jan 23, 2021 8:02:30 PM",
    "createdTimestamp": "Jan 23, 2021 8:02:30 PM",
    "isNewlyAdded": false,
    "isActive": true,
    "isDealsEnabled": false,
    "quantity": 0
  },
  {
    "id": 5643,
    "code": "Extra Classic Bubble Sugarfree Gum",
    "desc": "Extra Classic Bubble Sugarfree Gum",
    "shortDesc": "Extra Classic Bubble Sugarfree Gum",
    "tags": [
      "Mint & Gum"
    ],
    "categories": [
      {
        "code": "Chips, Cookies & Snacks",
        "desc": "Chips, Cookies & Snacks"
      }
    ],
    "subCategories": [
      {
        "code": "Candy & Chocolates",
        "desc": "Candy & Chocolates"
      }
    ],
    "brands": [
      {
        "code": "Extra",
        "desc": "Extra"
      }
    ],
    "price": {
      "basePrice": 3.09,
      "discountPrice": 3.09
    },
    "type": {
      "code": "Mint & Gum",
      "desc": "Mint & Gum"
    },
    "weight": "3 x 15 ct",
    "UpcCode": "",
    "tax": 0.0,
    "spiceLevel": "",
    "aiselNo": "3",
    "store": "Market Basket",
    "weightType": "3 x 15 ct",
    "imageName": "1499.jpg",
    "defaultImage": "1499.jpg",
    "updatedTimestamp": "Jan 23, 2021 8:02:30 PM",
    "createdTimestamp": "Jan 23, 2021 8:02:30 PM",
    "isNewlyAdded": false,
    "isActive": true,
    "isDealsEnabled": false,
    "quantity": 0
  },
  {
    "id": 4297,
    "code": "Market Basket Smart Cuisine Meatloaf & Meatball Mix",
    "desc": "Market Basket Smart Cuisine Meatloaf & Meatball Mix",
    "shortDesc": "Market Basket Smart Cuisine Meatloaf & Meatball Mix",
    "tags": [
      "Meatball & Meatloaf"
    ],
    "categories": [
      {
        "code": "Meat & Seafood",
        "desc": "Meat & Seafood"
      }
    ],
    "subCategories": [
      {
        "code": "Meat & Seafood Counter",
        "desc": "Meat & Seafood Counter"
      }
    ],
    "brands": [
      {
        "code": "Market Basket",
        "desc": "Market Basket"
      }
    ],
    "price": {
      "basePrice": 5.65,
      "discountPrice": 5.65
    },
    "type": {
      "code": "Meatball & Meatloaf",
      "desc": "Meatball & Meatloaf"
    },
    "weight": "Approx: 1.03 lb at $5.49/lb",
    "UpcCode": "",
    "tax": 0.0,
    "spiceLevel": "",
    "aiselNo": "22",
    "store": "Market Basket",
    "weightType": "Approx: 1.03 lb at $5.49/lb",
    "imageName": "Market Basket.jpg",
    "defaultImage": "Market Basket.jpg",
    "updatedTimestamp": "Jan 23, 2021 8:02:30 PM",
    "createdTimestamp": "Jan 23, 2021 8:02:30 PM",
    "isNewlyAdded": false,
    "isActive": true,
    "isDealsEnabled": false,
    "quantity": 0
  },
  {
    "id": 14580,
    "code": "POM Super Tea Pomegranate Peach Passion White Tea",
    "desc": "POM Super Tea Pomegranate Peach Passion White Tea",
    "shortDesc": "POM Super Tea Pomegranate Peach Passion White Tea",
    "tags": [
      "Tea"
    ],
    "categories": [
      {
        "code": "Beverages & Juices",
        "desc": "Beverages & Juices"
      }
    ],
    "subCategories": [
      {
        "code": "Tea, Coffee, Milk & Coconut Water",
        "desc": "Tea, Coffee, Milk & Coconut Water"
      }
    ],
    "brands": [
      {
        "code": "POM",
        "desc": "POM"
      }
    ],
    "price": {
      "basePrice": 1.89,
      "discountPrice": 1.89
    },
    "type": {
      "code": "Tea",
      "desc": "Tea"
    },
    "weight": "12 oz",
    "UpcCode": "",
    "tax": 0.0,
    "spiceLevel": "",
    "aiselNo": "8",
    "store": "Market Basket",
    "weightType": "12 oz",
    "imageName": "16322.jpg",
    "defaultImage": "16322.jpg",
    "updatedTimestamp": "Jan 23, 2021 8:02:30 PM",
    "createdTimestamp": "Jan 23, 2021 8:02:30 PM",
    "isNewlyAdded": false,
    "isActive": true,
    "isDealsEnabled": false,
    "quantity": 0
  },
  {
    "id": 8545,
    "code": "Marukan Lite Rice Vinegar Dressing",
    "desc": "Marukan Lite Rice Vinegar Dressing",
    "shortDesc": "Marukan Lite Rice Vinegar Dressing",
    "tags": [
      "Oils & Vinegars"
    ],
    "categories": [
      {
        "code": "Cooking Needs",
        "desc": "Cooking Needs"
      }
    ],
    "subCategories": [
      {
        "code": "Oils & Vinegars",
        "desc": "Oils & Vinegars"
      }
    ],
    "brands": [
      {
        "code": "Marukan",
        "desc": "Marukan"
      }
    ],
    "price": {
      "basePrice": 3.69,
      "discountPrice": 3.69
    },
    "type": {
      "code": "Oils & Vinegars",
      "desc": "Oils & Vinegars"
    },
    "weight": "12 fl oz",
    "UpcCode": "",
    "tax": 0.0,
    "spiceLevel": "",
    "aiselNo": "2",
    "store": "Market Basket",
    "weightType": "12 fl oz",
    "imageName": "15515.jpg",
    "defaultImage": "15515.jpg",
    "updatedTimestamp": "Jan 23, 2021 8:02:30 PM",
    "createdTimestamp": "Jan 23, 2021 8:02:30 PM",
    "isNewlyAdded": false,
    "isActive": true,
    "isDealsEnabled": false,
    "quantity": 0
  },
  {
    "id": 7678,
    "code": "Chinese Cabbage",
    "desc": "Chinese Cabbage",
    "shortDesc": "Chinese Cabbage",
    "tags": [
      "Canned Fruit & Applesauce"
    ],
    "categories": [
      {
        "code": "Cooking Needs",
        "desc": "Cooking Needs"
      }
    ],
    "subCategories": [
      {
        "code": "Canned Food",
        "desc": "Canned Food"
      }
    ],
    "brands": [
      {
        "code": "Store Brand",
        "desc": "Store Brand"
      }
    ],
    "price": {
      "basePrice": 2.49,
      "discountPrice": 2.49
    },
    "type": {
      "code": "Canned Fruit & Applesauce",
      "desc": "Canned Fruit & Applesauce"
    },
    "weight": "1 lb",
    "UpcCode": "",
    "tax": 0.0,
    "spiceLevel": "",
    "aiselNo": "3",
    "store": "Market Basket",
    "weightType": "1 lb",
    "imageName": "Market Basket.jpg",
    "defaultImage": "Market Basket.jpg",
    "updatedTimestamp": "Jan 23, 2021 8:02:30 PM",
    "createdTimestamp": "Jan 23, 2021 8:02:30 PM",
    "isNewlyAdded": false,
    "isActive": true,
    "isDealsEnabled": false,
    "quantity": 0
  },
  {
    "id": 13829,
    "code": "Jell O Ready to Eat Raspberry Gelatin",
    "desc": "Jell O Ready to Eat Raspberry Gelatin",
    "shortDesc": "Jell O Ready to Eat Raspberry Gelatin",
    "tags": [
      "Refrigerated Pudding & Desserts"
    ],
    "categories": [
      {
        "code": "Breakfast & Dairy",
        "desc": "Breakfast & Dairy"
      }
    ],
    "subCategories": [
      {
        "code": "Dairy & Eggs",
        "desc": "Dairy & Eggs"
      }
    ],
    "brands": [
      {
        "code": "Jell-O",
        "desc": "Jell-O"
      }
    ],
    "price": {
      "basePrice": 3.09,
      "discountPrice": 3.09
    },
    "type": {
      "code": "Refrigerated Pudding & Desserts",
      "desc": "Refrigerated Pudding & Desserts"
    },
    "weight": "4 x 3.375 oz",
    "UpcCode": "",
    "tax": 0.0,
    "spiceLevel": "",
    "aiselNo": "19",
    "store": "Market Basket",
    "weightType": "4 x 3.375 oz",
    "imageName": "804.jpg",
    "defaultImage": "804.jpg",
    "updatedTimestamp": "Jan 23, 2021 8:02:30 PM",
    "createdTimestamp": "Jan 23, 2021 8:02:30 PM",
    "isNewlyAdded": false,
    "isActive": true,
    "isDealsEnabled": false,
    "quantity": 0
  },
  {
    "id": 10006,
    "code": "Edy's/Dreyer's Classic Vanilla Light Ice Cream",
    "desc": "Edy's/Dreyer's Classic Vanilla Light Ice Cream",
    "shortDesc": "Edy's/Dreyer's Classic Vanilla Light Ice Cream",
    "tags": [
      "Ice Cream & Ice"
    ],
    "categories": [
      {
        "code": "Frozen Food",
        "desc": "Frozen Food"
      }
    ],
    "subCategories": [
      {
        "code": "Ice Cream & Ice",
        "desc": "Ice Cream & Ice"
      }
    ],
    "brands": [
      {
        "code": "Edy's/dreyer's",
        "desc": "Edy's/dreyer's"
      }
    ],
    "price": {
      "basePrice": 3.69,
      "discountPrice": 3.69
    },
    "type": {
      "code": "Ice Cream & Ice",
      "desc": "Ice Cream & Ice"
    },
    "weight": "1.5 quart",
    "UpcCode": "",
    "tax": 0.0,
    "spiceLevel": "",
    "aiselNo": "21",
    "store": "Market Basket",
    "weightType": "1.5 quart",
    "imageName": "3025.jpg",
    "defaultImage": "3025.jpg",
    "updatedTimestamp": "Jan 23, 2021 8:02:30 PM",
    "createdTimestamp": "Jan 23, 2021 8:02:30 PM",
    "isNewlyAdded": false,
    "isActive": true,
    "isDealsEnabled": false,
    "quantity": 0
  },
  {
    "id": 550,
    "code": "Gain Fireworks in wash scent island fresh Laundry Detergent",
    "desc": "Gain Fireworks in wash scent island fresh Laundry Detergent",
    "shortDesc": "Gain Fireworks in wash scent island fresh Laundry Detergent",
    "tags": [
      "Laundry Detergent"
    ],
    "categories": [
      {
        "code": "Laundry & Paper Goods",
        "desc": "Laundry & Paper Goods"
      }
    ],
    "subCategories": [
      {
        "code": "Laundry",
        "desc": "Laundry"
      }
    ],
    "brands": [
      {
        "code": "Gain",
        "desc": "Gain"
      }
    ],
    "price": {
      "basePrice": 8.74,
      "discountPrice": 8.74
    },
    "type": {
      "code": "Laundry Detergent",
      "desc": "Laundry Detergent"
    },
    "weight": "285 g",
    "UpcCode": "",
    "tax": 1.0,
    "spiceLevel": "",
    "aiselNo": "15",
    "store": "Market Basket",
    "weightType": "285 g",
    "imageName": "No Image.jpg",
    "defaultImage": "No Image.jpg",
    "updatedTimestamp": "Jan 23, 2021 8:02:30 PM",
    "createdTimestamp": "Jan 23, 2021 8:02:30 PM",
    "isNewlyAdded": false,
    "isActive": true,
    "isDealsEnabled": false,
    "quantity": 0
  },
  {
    "id": 8775,
    "code": "Tio Juan's Margarita Hot Salsa",
    "desc": "Tio Juan's Margarita Hot Salsa",
    "shortDesc": "Tio Juan's Margarita Hot Salsa",
    "tags": [
      "Preserved Dips & Salsa"
    ],
    "categories": [
      {
        "code": "Condiments & Dressings",
        "desc": "Condiments & Dressings"
      }
    ],
    "subCategories": [
      {
        "code": "Preserved Dips & Spreads",
        "desc": "Preserved Dips & Spreads"
      }
    ],
    "brands": [
      {
        "code": "Tio Juan's",
        "desc": "Tio Juan's"
      }
    ],
    "price": {
      "basePrice": 3.09,
      "discountPrice": 3.09
    },
    "type": {
      "code": "Preserved Dips & Salsa",
      "desc": "Preserved Dips & Salsa"
    },
    "weight": "16 oz",
    "UpcCode": "",
    "tax": 0.0,
    "spiceLevel": "",
    "aiselNo": "1",
    "store": "Market Basket",
    "weightType": "16 oz",
    "imageName": "No Image.jpg",
    "defaultImage": "No Image.jpg",
    "updatedTimestamp": "Jan 23, 2021 8:02:30 PM",
    "createdTimestamp": "Jan 23, 2021 8:02:30 PM",
    "isNewlyAdded": false,
    "isActive": true,
    "isDealsEnabled": false,
    "quantity": 0
  },
  {
    "id": 3691,
    "code": "Sunkist Cara Cara Oranges",
    "desc": "Sunkist Cara Cara Oranges",
    "shortDesc": "Sunkist Cara Cara Oranges",
    "tags": [
      "Orange"
    ],
    "categories": [
      {
        "code": "Fresh Produce",
        "desc": "Fresh Produce"
      }
    ],
    "subCategories": [
      {
        "code": "Fresh Fruits",
        "desc": "Fresh Fruits"
      }
    ],
    "brands": [
      {
        "code": "Sunkist",
        "desc": "Sunkist"
      }
    ],
    "price": {
      "basePrice": 7.0,
      "discountPrice": 7.0
    },
    "type": {
      "code": "Orange",
      "desc": "Orange"
    },
    "weight": "8 lb",
    "UpcCode": "",
    "tax": 0.0,
    "spiceLevel": "",
    "aiselNo": "20",
    "store": "Market Basket",
    "weightType": "8 lb",
    "imageName": "9.jpg",
    "defaultImage": "9.jpg",
    "updatedTimestamp": "Jan 23, 2021 8:02:30 PM",
    "createdTimestamp": "Jan 23, 2021 8:02:30 PM",
    "isNewlyAdded": false,
    "isActive": true,
    "isDealsEnabled": false,
    "quantity": 0
  },
  {
    "id": 7645,
    "code": "Libby's Yellow Cling No Sugar Added Peach Slices",
    "desc": "Libby's Yellow Cling No Sugar Added Peach Slices",
    "shortDesc": "Libby's Yellow Cling No Sugar Added Peach Slices",
    "tags": [
      "Canned Fruit & Applesauce"
    ],
    "categories": [
      {
        "code": "Cooking Needs",
        "desc": "Cooking Needs"
      }
    ],
    "subCategories": [
      {
        "code": "Canned Food",
        "desc": "Canned Food"
      }
    ],
    "brands": [
      {
        "code": "Libby's",
        "desc": "Libby's"
      }
    ],
    "price": {
      "basePrice": 3.09,
      "discountPrice": 3.09
    },
    "type": {
      "code": "Canned Fruit & Applesauce",
      "desc": "Canned Fruit & Applesauce"
    },
    "weight": "23.5 oz",
    "UpcCode": "",
    "tax": 0.0,
    "spiceLevel": "",
    "aiselNo": "3",
    "store": "Market Basket",
    "weightType": "23.5 oz",
    "imageName": "4954.jpg",
    "defaultImage": "4954.jpg",
    "updatedTimestamp": "Jan 23, 2021 8:02:30 PM",
    "createdTimestamp": "Jan 23, 2021 8:02:30 PM",
    "isNewlyAdded": false,
    "isActive": true,
    "isDealsEnabled": false,
    "quantity": 0
  },
  {
    "id": 4343,
    "code": "Market Basket Fresh Kielbasa",
    "desc": "Market Basket Fresh Kielbasa",
    "shortDesc": "Market Basket Fresh Kielbasa",
    "tags": [
      "Sausage"
    ],
    "categories": [
      {
        "code": "Meat & Seafood",
        "desc": "Meat & Seafood"
      }
    ],
    "subCategories": [
      {
        "code": "Meat & Seafood Counter",
        "desc": "Meat & Seafood Counter"
      }
    ],
    "brands": [
      {
        "code": "Market Basket",
        "desc": "Market Basket"
      }
    ],
    "price": {
      "basePrice": 3.69,
      "discountPrice": 3.69
    },
    "type": {
      "code": "Sausage",
      "desc": "Sausage"
    },
    "weight": "1 lb",
    "UpcCode": "",
    "tax": 0.0,
    "spiceLevel": "",
    "aiselNo": "22",
    "store": "Market Basket",
    "weightType": "1 lb",
    "imageName": "Market Basket.jpg",
    "defaultImage": "Market Basket.jpg",
    "updatedTimestamp": "Jan 23, 2021 8:02:30 PM",
    "createdTimestamp": "Jan 23, 2021 8:02:30 PM",
    "isNewlyAdded": false,
    "isActive": true,
    "isDealsEnabled": false,
    "quantity": 0
  },
  {
    "id": 13806,
    "code": "Stella 3 Cheese Italian Freshly Shredded Cheese",
    "desc": "Stella 3 Cheese Italian Freshly Shredded Cheese",
    "shortDesc": "Stella 3 Cheese Italian Freshly Shredded Cheese",
    "tags": [
      "Packaged Cheese"
    ],
    "categories": [
      {
        "code": "Breakfast & Dairy",
        "desc": "Breakfast & Dairy"
      }
    ],
    "subCategories": [
      {
        "code": "Dairy & Eggs",
        "desc": "Dairy & Eggs"
      }
    ],
    "brands": [
      {
        "code": "Stella",
        "desc": "Stella"
      }
    ],
    "price": {
      "basePrice": 3.09,
      "discountPrice": 3.09
    },
    "type": {
      "code": "Packaged Cheese",
      "desc": "Packaged Cheese"
    },
    "weight": "5 oz",
    "UpcCode": "",
    "tax": 0.0,
    "spiceLevel": "",
    "aiselNo": "1",
    "store": "Market Basket",
    "weightType": "5 oz",
    "imageName": "14599.jpg",
    "defaultImage": "14599.jpg",
    "updatedTimestamp": "Jan 23, 2021 8:02:30 PM",
    "createdTimestamp": "Jan 23, 2021 8:02:30 PM",
    "isNewlyAdded": false,
    "isActive": true,
    "isDealsEnabled": false,
    "quantity": 0
  },
  {
    "id": 3810,
    "code": "Jonathan's Sprouts Organic Broccoli Sprouts",
    "desc": "Jonathan's Sprouts Organic Broccoli Sprouts",
    "shortDesc": "Jonathan's Sprouts Organic Broccoli Sprouts",
    "tags": [
      "Broccoli"
    ],
    "categories": [
      {
        "code": "Fresh Produce",
        "desc": "Fresh Produce"
      }
    ],
    "subCategories": [
      {
        "code": "Fresh Organic Vegetables",
        "desc": "Fresh Organic Vegetables"
      }
    ],
    "brands": [
      {
        "code": "Jonathan's Sprouts",
        "desc": "Jonathan's Sprouts"
      }
    ],
    "price": {
      "basePrice": 4.47,
      "discountPrice": 4.47
    },
    "type": {
      "code": "Broccoli",
      "desc": "Broccoli"
    },
    "weight": "4 oz container",
    "UpcCode": "",
    "tax": 0.0,
    "spiceLevel": "",
    "aiselNo": "20",
    "store": "Market Basket",
    "weightType": "4 oz container",
    "imageName": "103.jpg",
    "defaultImage": "103.jpg",
    "updatedTimestamp": "Jan 23, 2021 8:02:30 PM",
    "createdTimestamp": "Jan 23, 2021 8:02:30 PM",
    "isNewlyAdded": false,
    "isActive": true,
    "isDealsEnabled": false,
    "quantity": 0
  },
  {
    "id": 14516,
    "code": "Bigelow Black Tea Spiced Chai",
    "desc": "Bigelow Black Tea Spiced Chai",
    "shortDesc": "Bigelow Black Tea Spiced Chai",
    "tags": [
      "Tea"
    ],
    "categories": [
      {
        "code": "Breakfast & Dairy",
        "desc": "Breakfast & Dairy"
      }
    ],
    "subCategories": [
      {
        "code": "Tea & Coffee",
        "desc": "Tea & Coffee"
      }
    ],
    "brands": [
      {
        "code": "Bigelow ",
        "desc": "Bigelow "
      }
    ],
    "price": {
      "basePrice": 2.49,
      "discountPrice": 2.49
    },
    "type": {
      "code": "Tea",
      "desc": "Tea"
    },
    "weight": "20 x 1.73 oz",
    "UpcCode": "",
    "tax": 0.0,
    "spiceLevel": "",
    "aiselNo": "8",
    "store": "Market Basket",
    "weightType": "20 x 1.73 oz",
    "imageName": "3416.jpg",
    "defaultImage": "3416.jpg",
    "updatedTimestamp": "Jan 23, 2021 8:02:30 PM",
    "createdTimestamp": "Jan 23, 2021 8:02:30 PM",
    "isNewlyAdded": false,
    "isActive": true,
    "isDealsEnabled": false,
    "quantity": 0
  },
  {
    "id": 3610,
    "code": "Packaged Baby Eggplant",
    "desc": "Packaged Baby Eggplant",
    "shortDesc": "Packaged Baby Eggplant",
    "tags": [
      "Eggplant"
    ],
    "categories": [
      {
        "code": "Fresh Produce",
        "desc": "Fresh Produce"
      }
    ],
    "subCategories": [
      {
        "code": "Fresh Vegetables",
        "desc": "Fresh Vegetables"
      }
    ],
    "brands": [
      {
        "code": "Market Basket",
        "desc": "Market Basket"
      }
    ],
    "price": {
      "basePrice": 4.39,
      "discountPrice": 4.39
    },
    "type": {
      "code": "Eggplant",
      "desc": "Eggplant"
    },
    "weight": "1 lb",
    "UpcCode": "",
    "tax": 0.0,
    "spiceLevel": "",
    "aiselNo": "20",
    "store": "Market Basket",
    "weightType": "1 lb",
    "imageName": "f193.jpg",
    "defaultImage": "f193.jpg",
    "updatedTimestamp": "Jan 23, 2021 8:02:30 PM",
    "createdTimestamp": "Jan 23, 2021 8:02:30 PM",
    "isNewlyAdded": false,
    "isActive": true,
    "isDealsEnabled": false,
    "quantity": 0
  },
  {
    "id": 6525,
    "code": "Sunmaid Pitted Dates",
    "desc": "Sunmaid Pitted Dates",
    "shortDesc": "Sunmaid Pitted Dates",
    "tags": [
      "Nuts, Seeds & Dried Fruit"
    ],
    "categories": [
      {
        "code": "Chips, Cookies & Snacks",
        "desc": "Chips, Cookies & Snacks"
      }
    ],
    "subCategories": [
      {
        "code": "Nuts, Seeds & Dried Fruit",
        "desc": "Nuts, Seeds & Dried Fruit"
      }
    ],
    "brands": [
      {
        "code": "Sunmaid",
        "desc": "Sunmaid"
      }
    ],
    "price": {
      "basePrice": 3.36,
      "discountPrice": 3.36
    },
    "type": {
      "code": "Nuts, Seeds & Dried Fruit",
      "desc": "Nuts, Seeds & Dried Fruit"
    },
    "weight": "8 oz",
    "UpcCode": "",
    "tax": 0.0,
    "spiceLevel": "",
    "aiselNo": "6",
    "store": "Market Basket",
    "weightType": "8 oz",
    "imageName": "No Image.jpg",
    "defaultImage": "No Image.jpg",
    "updatedTimestamp": "Jan 23, 2021 8:02:30 PM",
    "createdTimestamp": "Jan 23, 2021 8:02:30 PM",
    "isNewlyAdded": false,
    "isActive": true,
    "isDealsEnabled": false,
    "quantity": 0
  },
  {
    "id": 5046,
    "code": "Famous Amos Bite Size Chocolate Chip",
    "desc": "Famous Amos Bite Size Chocolate Chip",
    "shortDesc": "Famous Amos Bite Size Chocolate Chip",
    "tags": [
      "Cookies & Cakes"
    ],
    "categories": [
      {
        "code": "Chips, Cookies & Snacks",
        "desc": "Chips, Cookies & Snacks"
      }
    ],
    "subCategories": [
      {
        "code": "Cookies & Crackers",
        "desc": "Cookies & Crackers"
      }
    ],
    "brands": [
      {
        "code": "Famous Amos",
        "desc": "Famous Amos"
      }
    ],
    "price": {
      "basePrice": 1.56,
      "discountPrice": 1.56
    },
    "type": {
      "code": "Cookies & Cakes",
      "desc": "Cookies & Cakes"
    },
    "weight": "2.7 oz",
    "UpcCode": "",
    "tax": 0.0,
    "spiceLevel": "",
    "aiselNo": "6",
    "store": "Market Basket",
    "weightType": "2.7 oz",
    "imageName": "No Image.jpg",
    "defaultImage": "No Image.jpg",
    "updatedTimestamp": "Jan 23, 2021 8:02:30 PM",
    "createdTimestamp": "Jan 23, 2021 8:02:30 PM",
    "isNewlyAdded": false,
    "isActive": true,
    "isDealsEnabled": false,
    "quantity": 0
  },
  {
    "id": 14154,
    "code": "Lifeway Organic Plain Unsweetened Cultured Lowfat Milk",
    "desc": "Lifeway Organic Plain Unsweetened Cultured Lowfat Milk",
    "shortDesc": "Lifeway Organic Plain Unsweetened Cultured Lowfat Milk",
    "tags": [
      "Yogurt"
    ],
    "categories": [
      {
        "code": "Breakfast & Dairy",
        "desc": "Breakfast & Dairy"
      }
    ],
    "subCategories": [
      {
        "code": "Dairy & Eggs",
        "desc": "Dairy & Eggs"
      }
    ],
    "brands": [
      {
        "code": "Lifeway",
        "desc": "Lifeway"
      }
    ],
    "price": {
      "basePrice": 4.79,
      "discountPrice": 4.79
    },
    "type": {
      "code": "Yogurt",
      "desc": "Yogurt"
    },
    "weight": "32 fl oz",
    "UpcCode": "",
    "tax": 0.0,
    "spiceLevel": "",
    "aiselNo": "1",
    "store": "Market Basket",
    "weightType": "32 fl oz",
    "imageName": "14694.jpg",
    "defaultImage": "14694.jpg",
    "updatedTimestamp": "Jan 23, 2021 8:02:30 PM",
    "createdTimestamp": "Jan 23, 2021 8:02:30 PM",
    "isNewlyAdded": false,
    "isActive": true,
    "isDealsEnabled": false,
    "quantity": 0
  },
  {
    "id": 4896,
    "code": "Market Basket Slightly Salted (50% Less Sodium) Potato Chips",
    "desc": "Market Basket Slightly Salted (50% Less Sodium) Potato Chips",
    "shortDesc": "Market Basket Slightly Salted (50% Less Sodium) Potato Chips",
    "tags": [
      "Chips & Pretzels"
    ],
    "categories": [
      {
        "code": "Chips, Cookies & Snacks",
        "desc": "Chips, Cookies & Snacks"
      }
    ],
    "subCategories": [
      {
        "code": "Chips & Fruit Snacks",
        "desc": "Chips & Fruit Snacks"
      }
    ],
    "brands": [
      {
        "code": "Market Basket",
        "desc": "Market Basket"
      }
    ],
    "price": {
      "basePrice": 3.13,
      "discountPrice": 3.13
    },
    "type": {
      "code": "Chips & Pretzels",
      "desc": "Chips & Pretzels"
    },
    "weight": "9.5 oz",
    "UpcCode": "",
    "tax": 0.0,
    "spiceLevel": "",
    "aiselNo": "0",
    "store": "Market Basket",
    "weightType": "9.5 oz",
    "imageName": "Market Basket.jpg",
    "defaultImage": "Market Basket.jpg",
    "updatedTimestamp": "Jan 23, 2021 8:02:30 PM",
    "createdTimestamp": "Jan 23, 2021 8:02:30 PM",
    "isNewlyAdded": false,
    "isActive": true,
    "isDealsEnabled": false,
    "quantity": 0
  },
  {
    "id": 10114,
    "code": "Kemps Fat Free No Sugar Added Vanilla Frozen Yogurt",
    "desc": "Kemps Fat Free No Sugar Added Vanilla Frozen Yogurt",
    "shortDesc": "Kemps Fat Free No Sugar Added Vanilla Frozen Yogurt",
    "tags": [
      "Ice Cream & Ice"
    ],
    "categories": [
      {
        "code": "Frozen Food",
        "desc": "Frozen Food"
      }
    ],
    "subCategories": [
      {
        "code": "Ice Cream & Ice",
        "desc": "Ice Cream & Ice"
      }
    ],
    "brands": [
      {
        "code": "Kemps",
        "desc": "Kemps"
      }
    ],
    "price": {
      "basePrice": 3.69,
      "discountPrice": 3.69
    },
    "type": {
      "code": "Ice Cream & Ice",
      "desc": "Ice Cream & Ice"
    },
    "weight": "1.5 quart",
    "UpcCode": "",
    "tax": 0.0,
    "spiceLevel": "",
    "aiselNo": "21",
    "store": "Market Basket",
    "weightType": "1.5 quart",
    "imageName": "16198.jpg",
    "defaultImage": "16198.jpg",
    "updatedTimestamp": "Jan 23, 2021 8:02:30 PM",
    "createdTimestamp": "Jan 23, 2021 8:02:30 PM",
    "isNewlyAdded": false,
    "isActive": true,
    "isDealsEnabled": false,
    "quantity": 0
  },
  {
    "id": 5380,
    "code": "Schar Gluten Free Vanilla Wafers",
    "desc": "Schar Gluten Free Vanilla Wafers",
    "shortDesc": "Schar Gluten Free Vanilla Wafers",
    "tags": [
      "Crackers"
    ],
    "categories": [
      {
        "code": "Chips, Cookies & Snacks",
        "desc": "Chips, Cookies & Snacks"
      }
    ],
    "subCategories": [
      {
        "code": "Cookies & Crackers",
        "desc": "Cookies & Crackers"
      }
    ],
    "brands": [
      {
        "code": "Schar",
        "desc": "Schar"
      }
    ],
    "price": {
      "basePrice": 4.67,
      "discountPrice": 4.67
    },
    "type": {
      "code": "Crackers",
      "desc": "Crackers"
    },
    "weight": "4.4 oz",
    "UpcCode": "",
    "tax": 0.0,
    "spiceLevel": "",
    "aiselNo": "6",
    "store": "Market Basket",
    "weightType": "4.4 oz",
    "imageName": "No Image.jpg",
    "defaultImage": "No Image.jpg",
    "updatedTimestamp": "Jan 23, 2021 8:02:30 PM",
    "createdTimestamp": "Jan 23, 2021 8:02:30 PM",
    "isNewlyAdded": false,
    "isActive": true,
    "isDealsEnabled": false,
    "quantity": 0
  },
  {
    "id": 14788,
    "code": "Studio Line Above it All Invisi Gel - Max Hold",
    "desc": "Studio Line Above it All Invisi Gel - Max Hold",
    "shortDesc": "Studio Line Above it All Invisi Gel - Max Hold",
    "tags": [
      "Hair Care"
    ],
    "categories": [
      {
        "code": "Personal Care",
        "desc": "Personal Care"
      }
    ],
    "subCategories": [
      {
        "code": "Body Wash, Soap & Hair Care",
        "desc": "Body Wash, Soap & Hair Care"
      }
    ],
    "brands": [
      {
        "code": "Studio",
        "desc": "Studio"
      }
    ],
    "price": {
      "basePrice": 6.31,
      "discountPrice": 6.31
    },
    "type": {
      "code": "Hair Care",
      "desc": "Hair Care"
    },
    "weight": "6.8 fl oz",
    "UpcCode": "",
    "tax": 1.0,
    "spiceLevel": "",
    "aiselNo": "13",
    "store": "Market Basket",
    "weightType": "6.8 fl oz",
    "imageName": "17830.jpg",
    "defaultImage": "17830.jpg",
    "updatedTimestamp": "Jan 23, 2021 8:02:30 PM",
    "createdTimestamp": "Jan 23, 2021 8:02:30 PM",
    "isNewlyAdded": false,
    "isActive": true,
    "isDealsEnabled": false,
    "quantity": 0
  },
  {
    "id": 7207,
    "code": "Chef Paul Prudhomme's Magic Seasoning Blends Seafood Magic",
    "desc": "Chef Paul Prudhomme's Magic Seasoning Blends Seafood Magic",
    "shortDesc": "Chef Paul Prudhomme's Magic Seasoning Blends Seafood Magic",
    "tags": [
      "Spices & Seasonings"
    ],
    "categories": [
      {
        "code": "Cooking Needs",
        "desc": "Cooking Needs"
      }
    ],
    "subCategories": [
      {
        "code": "Spices & Seasonings",
        "desc": "Spices & Seasonings"
      }
    ],
    "brands": [
      {
        "code": "Chef Paul",
        "desc": "Chef Paul"
      }
    ],
    "price": {
      "basePrice": 3.09,
      "discountPrice": 3.09
    },
    "type": {
      "code": "Spices & Seasonings",
      "desc": "Spices & Seasonings"
    },
    "weight": "2 oz",
    "UpcCode": "",
    "tax": 0.0,
    "spiceLevel": "",
    "aiselNo": "9",
    "store": "Market Basket",
    "weightType": "2 oz",
    "imageName": "15658.jpg",
    "defaultImage": "15658.jpg",
    "updatedTimestamp": "Jan 23, 2021 8:02:30 PM",
    "createdTimestamp": "Jan 23, 2021 8:02:30 PM",
    "isNewlyAdded": false,
    "isActive": true,
    "isDealsEnabled": false,
    "quantity": 0
  },
  {
    "id": 5348,
    "code": "belVita Soft Baked Oats & Chocolate Breakfast Biscuits",
    "desc": "belVita Soft Baked Oats & Chocolate Breakfast Biscuits",
    "shortDesc": "belVita Soft Baked Oats & Chocolate Breakfast Biscuits",
    "tags": [
      "Cookies & Cakes"
    ],
    "categories": [
      {
        "code": "Chips, Cookies & Snacks",
        "desc": "Chips, Cookies & Snacks"
      }
    ],
    "subCategories": [
      {
        "code": "Cookies & Crackers",
        "desc": "Cookies & Crackers"
      }
    ],
    "brands": [
      {
        "code": "belVita",
        "desc": "belVita"
      }
    ],
    "price": {
      "basePrice": 4.69,
      "discountPrice": 4.69
    },
    "type": {
      "code": "Cookies & Cakes",
      "desc": "Cookies & Cakes"
    },
    "weight": "8.8 oz",
    "UpcCode": "",
    "tax": 0.0,
    "spiceLevel": "",
    "aiselNo": "6",
    "store": "Market Basket",
    "weightType": "8.8 oz",
    "imageName": "No Image.jpg",
    "defaultImage": "No Image.jpg",
    "updatedTimestamp": "Jan 23, 2021 8:02:30 PM",
    "createdTimestamp": "Jan 23, 2021 8:02:30 PM",
    "isNewlyAdded": false,
    "isActive": true,
    "isDealsEnabled": false,
    "quantity": 0
  },
  {
    "id": 13889,
    "code": "Market Basket Lactose Free Fat Free Milk",
    "desc": "Market Basket Lactose Free Fat Free Milk",
    "shortDesc": "Market Basket Lactose Free Fat Free Milk",
    "tags": [
      "Soy & Lactose-Free"
    ],
    "categories": [
      {
        "code": "Breakfast & Dairy",
        "desc": "Breakfast & Dairy"
      }
    ],
    "subCategories": [
      {
        "code": "Dairy & Eggs",
        "desc": "Dairy & Eggs"
      }
    ],
    "brands": [
      {
        "code": "Market Basket",
        "desc": "Market Basket"
      }
    ],
    "price": {
      "basePrice": 3.69,
      "discountPrice": 3.69
    },
    "type": {
      "code": "Soy & Lactose-Free",
      "desc": "Soy & Lactose-Free"
    },
    "weight": "0.5 gal",
    "UpcCode": "",
    "tax": 0.0,
    "spiceLevel": "",
    "aiselNo": "1",
    "store": "Market Basket",
    "weightType": "0.5 gal",
    "imageName": "Market Basket.jpg",
    "defaultImage": "Market Basket.jpg",
    "updatedTimestamp": "Jan 23, 2021 8:02:30 PM",
    "createdTimestamp": "Jan 23, 2021 8:02:30 PM",
    "isNewlyAdded": false,
    "isActive": true,
    "isDealsEnabled": false,
    "quantity": 0
  },
  {
    "id": 10242,
    "code": "Turkey Hill All Natural Mint Chocolate Chip Ice Cream",
    "desc": "Turkey Hill All Natural Mint Chocolate Chip Ice Cream",
    "shortDesc": "Turkey Hill All Natural Mint Chocolate Chip Ice Cream",
    "tags": [
      "Ice Cream & Ice"
    ],
    "categories": [
      {
        "code": "Frozen Food",
        "desc": "Frozen Food"
      }
    ],
    "subCategories": [
      {
        "code": "Ice Cream & Ice",
        "desc": "Ice Cream & Ice"
      }
    ],
    "brands": [
      {
        "code": "Turkey Hill",
        "desc": "Turkey Hill"
      }
    ],
    "price": {
      "basePrice": 4.59,
      "discountPrice": 4.59
    },
    "type": {
      "code": "Ice Cream & Ice",
      "desc": "Ice Cream & Ice"
    },
    "weight": "48 fl oz",
    "UpcCode": "",
    "tax": 0.0,
    "spiceLevel": "",
    "aiselNo": "21",
    "store": "Market Basket",
    "weightType": "48 fl oz",
    "imageName": "3117.jpg",
    "defaultImage": "3117.jpg",
    "updatedTimestamp": "Jan 23, 2021 8:02:30 PM",
    "createdTimestamp": "Jan 23, 2021 8:02:30 PM",
    "isNewlyAdded": false,
    "isActive": true,
    "isDealsEnabled": false,
    "quantity": 0
  },
  {
    "id": 10593,
    "code": "Turtle Dove Pesto, Cilantro Garlic Pepper",
    "desc": "Turtle Dove Pesto, Cilantro Garlic Pepper",
    "shortDesc": "Turtle Dove Pesto, Cilantro Garlic Pepper",
    "tags": [
      "Pasta Sauce"
    ],
    "categories": [
      {
        "code": "Pasta & Sauces",
        "desc": "Pasta & Sauces"
      }
    ],
    "subCategories": [
      {
        "code": "Pasta Sauce",
        "desc": "Pasta Sauce"
      }
    ],
    "brands": [
      {
        "code": "Dove",
        "desc": "Dove"
      }
    ],
    "price": {
      "basePrice": 4.89,
      "discountPrice": 4.89
    },
    "type": {
      "code": "Pasta Sauce",
      "desc": "Pasta Sauce"
    },
    "weight": "8.5 oz",
    "UpcCode": "",
    "tax": 0.0,
    "spiceLevel": "",
    "aiselNo": "4",
    "store": "Market Basket",
    "weightType": "8.5 oz",
    "imageName": "17372.jpg",
    "defaultImage": "17372.jpg",
    "updatedTimestamp": "Jan 23, 2021 8:02:30 PM",
    "createdTimestamp": "Jan 23, 2021 8:02:30 PM",
    "isNewlyAdded": false,
    "isActive": true,
    "isDealsEnabled": false,
    "quantity": 0
  },
  {
    "id": 5417,
    "code": "Golden Oreo Mini",
    "desc": "Golden Oreo Mini",
    "shortDesc": "Golden Oreo Mini",
    "tags": [
      "Crackers"
    ],
    "categories": [
      {
        "code": "Chips, Cookies & Snacks",
        "desc": "Chips, Cookies & Snacks"
      }
    ],
    "subCategories": [
      {
        "code": "Cookies & Crackers",
        "desc": "Cookies & Crackers"
      }
    ],
    "brands": [
      {
        "code": "Nabisco",
        "desc": "Nabisco"
      }
    ],
    "price": {
      "basePrice": 1.56,
      "discountPrice": 1.56
    },
    "type": {
      "code": "Crackers",
      "desc": "Crackers"
    },
    "weight": "3.5 oz",
    "UpcCode": "",
    "tax": 0.0,
    "spiceLevel": "",
    "aiselNo": "6",
    "store": "Market Basket",
    "weightType": "3.5 oz",
    "imageName": "No Image.jpg",
    "defaultImage": "No Image.jpg",
    "updatedTimestamp": "Jan 23, 2021 8:02:30 PM",
    "createdTimestamp": "Jan 23, 2021 8:02:30 PM",
    "isNewlyAdded": false,
    "isActive": true,
    "isDealsEnabled": false,
    "quantity": 0
  },
  {
    "id": 13846,
    "code": "Snack Pack Fat Free Tapicoa Pudding",
    "desc": "Snack Pack Fat Free Tapicoa Pudding",
    "shortDesc": "Snack Pack Fat Free Tapicoa Pudding",
    "tags": [
      "Refrigerated Pudding & Desserts"
    ],
    "categories": [
      {
        "code": "Breakfast & Dairy",
        "desc": "Breakfast & Dairy"
      }
    ],
    "subCategories": [
      {
        "code": "Dairy & Eggs",
        "desc": "Dairy & Eggs"
      }
    ],
    "brands": [
      {
        "code": "Snack Pack",
        "desc": "Snack Pack"
      }
    ],
    "price": {
      "basePrice": 1.49,
      "discountPrice": 1.49
    },
    "type": {
      "code": "Refrigerated Pudding & Desserts",
      "desc": "Refrigerated Pudding & Desserts"
    },
    "weight": "13 oz",
    "UpcCode": "",
    "tax": 0.0,
    "spiceLevel": "",
    "aiselNo": "19",
    "store": "Market Basket",
    "weightType": "13 oz",
    "imageName": "815.jpg",
    "defaultImage": "815.jpg",
    "updatedTimestamp": "Jan 23, 2021 8:02:30 PM",
    "createdTimestamp": "Jan 23, 2021 8:02:30 PM",
    "isNewlyAdded": false,
    "isActive": true,
    "isDealsEnabled": false,
    "quantity": 0
  },
  {
    "id": 13518,
    "code": "Natrel 2% Milk Fat",
    "desc": "Natrel 2% Milk Fat",
    "shortDesc": "Natrel 2% Milk Fat",
    "tags": [
      "Milk"
    ],
    "categories": [
      {
        "code": "Breakfast & Dairy",
        "desc": "Breakfast & Dairy"
      }
    ],
    "subCategories": [
      {
        "code": "Dairy & Eggs",
        "desc": "Dairy & Eggs"
      }
    ],
    "brands": [
      {
        "code": "Natrel",
        "desc": "Natrel"
      }
    ],
    "price": {
      "basePrice": 2.49,
      "discountPrice": 2.49
    },
    "type": {
      "code": "Milk",
      "desc": "Milk"
    },
    "weight": "1 count",
    "UpcCode": "",
    "tax": 0.0,
    "spiceLevel": "",
    "aiselNo": "1",
    "store": "Market Basket",
    "weightType": "1 count",
    "imageName": "14724.jpg",
    "defaultImage": "14724.jpg",
    "updatedTimestamp": "Jan 23, 2021 8:02:30 PM",
    "createdTimestamp": "Jan 23, 2021 8:02:30 PM",
    "isNewlyAdded": false,
    "isActive": true,
    "isDealsEnabled": false,
    "quantity": 0
  },
  {
    "id": 3785,
    "code": "Organic Valencia Orange",
    "desc": "Organic Valencia Orange",
    "shortDesc": "Organic Valencia Orange",
    "tags": [
      "Orange"
    ],
    "categories": [
      {
        "code": "Fresh Produce",
        "desc": "Fresh Produce"
      }
    ],
    "subCategories": [
      {
        "code": "Fresh Organic Fruits",
        "desc": "Fresh Organic Fruits"
      }
    ],
    "brands": [
      {
        "code": "Market Basket",
        "desc": "Market Basket"
      }
    ],
    "price": {
      "basePrice": 4.24,
      "discountPrice": 4.24
    },
    "type": {
      "code": "Orange",
      "desc": "Orange"
    },
    "weight": "1 count",
    "UpcCode": "",
    "tax": 0.0,
    "spiceLevel": "",
    "aiselNo": "20",
    "store": "Market Basket",
    "weightType": "1 count",
    "imageName": "14278.jpg",
    "defaultImage": "14278.jpg",
    "updatedTimestamp": "Jan 23, 2021 8:02:30 PM",
    "createdTimestamp": "Jan 23, 2021 8:02:30 PM",
    "isNewlyAdded": false,
    "isActive": true,
    "isDealsEnabled": false,
    "quantity": 0
  },
  {
    "id": 6639,
    "code": "Odwalla Fruit Smoothie Strawberry C Monster",
    "desc": "Odwalla Fruit Smoothie Strawberry C Monster",
    "shortDesc": "Odwalla Fruit Smoothie Strawberry C Monster",
    "tags": [
      "Refrigerated Drinks"
    ],
    "categories": [
      {
        "code": "Beverages & Juices",
        "desc": "Beverages & Juices"
      }
    ],
    "subCategories": [
      {
        "code": "Juices & Refrigerated Drinks",
        "desc": "Juices & Refrigerated Drinks"
      }
    ],
    "brands": [
      {
        "code": "Odwalla",
        "desc": "Odwalla"
      }
    ],
    "price": {
      "basePrice": 2.99,
      "discountPrice": 2.99
    },
    "type": {
      "code": "Refrigerated Drinks",
      "desc": "Refrigerated Drinks"
    },
    "weight": "12 fl oz",
    "UpcCode": "",
    "tax": 0.0,
    "spiceLevel": "",
    "aiselNo": "20",
    "store": "Market Basket",
    "weightType": "12 fl oz",
    "imageName": "3803.jpg",
    "defaultImage": "3803.jpg",
    "updatedTimestamp": "Jan 23, 2021 8:02:30 PM",
    "createdTimestamp": "Jan 23, 2021 8:02:30 PM",
    "isNewlyAdded": false,
    "isActive": true,
    "isDealsEnabled": false,
    "quantity": 0
  },
  {
    "id": 7889,
    "code": "Chunk Light Tuna In Water",
    "desc": "Chunk Light Tuna In Water",
    "shortDesc": "Chunk Light Tuna In Water",
    "tags": [
      "Canned Meat & Seafood"
    ],
    "categories": [
      {
        "code": "Cooking Needs",
        "desc": "Cooking Needs"
      }
    ],
    "subCategories": [
      {
        "code": "Canned Food",
        "desc": "Canned Food"
      }
    ],
    "brands": [
      {
        "code": "StarKist",
        "desc": "StarKist"
      }
    ],
    "price": {
      "basePrice": 3.09,
      "discountPrice": 3.09
    },
    "type": {
      "code": "Canned Meat & Seafood",
      "desc": "Canned Meat & Seafood"
    },
    "weight": "6.4 oz",
    "UpcCode": "",
    "tax": 0.0,
    "spiceLevel": "",
    "aiselNo": "2",
    "store": "Market Basket",
    "weightType": "6.4 oz",
    "imageName": "5206.jpg",
    "defaultImage": "5206.jpg",
    "updatedTimestamp": "Jan 23, 2021 8:02:30 PM",
    "createdTimestamp": "Jan 23, 2021 8:02:30 PM",
    "isNewlyAdded": false,
    "isActive": true,
    "isDealsEnabled": false,
    "quantity": 0
  },
  {
    "id": 9803,
    "code": "Dole Tropical Fruit",
    "desc": "Dole Tropical Fruit",
    "shortDesc": "Dole Tropical Fruit",
    "tags": [
      "Frozen Produce"
    ],
    "categories": [
      {
        "code": "Frozen Food",
        "desc": "Frozen Food"
      }
    ],
    "subCategories": [
      {
        "code": "Frozen Produce",
        "desc": "Frozen Produce"
      }
    ],
    "brands": [
      {
        "code": "Dole",
        "desc": "Dole"
      }
    ],
    "price": {
      "basePrice": 3.69,
      "discountPrice": 3.69
    },
    "type": {
      "code": "Frozen Produce",
      "desc": "Frozen Produce"
    },
    "weight": "14 oz",
    "UpcCode": "",
    "tax": 0.0,
    "spiceLevel": "",
    "aiselNo": "19",
    "store": "Market Basket",
    "weightType": "14 oz",
    "imageName": "Market Basket.jpg",
    "defaultImage": "Market Basket.jpg",
    "updatedTimestamp": "Jan 23, 2021 8:02:30 PM",
    "createdTimestamp": "Jan 23, 2021 8:02:30 PM",
    "isNewlyAdded": false,
    "isActive": true,
    "isDealsEnabled": false,
    "quantity": 0
  },
  {
    "id": 465,
    "code": "Sun Triple Clean tropical breeze 32 medium loads laundry detergent",
    "desc": "Sun Triple Clean tropical breeze 32 medium loads laundry detergent",
    "shortDesc": "Sun Triple Clean tropical breeze 32 medium loads laundry detergent",
    "tags": [
      "Laundry Detergent"
    ],
    "categories": [
      {
        "code": "Laundry & Paper Goods",
        "desc": "Laundry & Paper Goods"
      }
    ],
    "subCategories": [
      {
        "code": "Laundry",
        "desc": "Laundry"
      }
    ],
    "brands": [
      {
        "code": "Sun",
        "desc": "Sun"
      }
    ],
    "price": {
      "basePrice": 2.49,
      "discountPrice": 2.49
    },
    "type": {
      "code": "Laundry Detergent",
      "desc": "Laundry Detergent"
    },
    "weight": "45.4 fl oz",
    "UpcCode": "",
    "tax": 1.0,
    "spiceLevel": "",
    "aiselNo": "15",
    "store": "Market Basket",
    "weightType": "45.4 fl oz",
    "imageName": "No Image.jpg",
    "defaultImage": "No Image.jpg",
    "updatedTimestamp": "Jan 23, 2021 8:02:30 PM",
    "createdTimestamp": "Jan 23, 2021 8:02:30 PM",
    "isNewlyAdded": false,
    "isActive": true,
    "isDealsEnabled": false,
    "quantity": 0
  },
  {
    "id": 8367,
    "code": "Hershey's Syrup",
    "desc": "Hershey's Syrup",
    "shortDesc": "Hershey's Syrup",
    "tags": [
      "Syrup"
    ],
    "categories": [
      {
        "code": "Condiments & Dressings",
        "desc": "Condiments & Dressings"
      }
    ],
    "subCategories": [
      {
        "code": "Honey, Syrup & Nectars",
        "desc": "Honey, Syrup & Nectars"
      }
    ],
    "brands": [
      {
        "code": "Hershey's",
        "desc": "Hershey's"
      }
    ],
    "price": {
      "basePrice": 4.89,
      "discountPrice": 4.89
    },
    "type": {
      "code": "Syrup",
      "desc": "Syrup"
    },
    "weight": "24 fl oz",
    "UpcCode": "",
    "tax": 0.0,
    "spiceLevel": "",
    "aiselNo": "3",
    "store": "Market Basket",
    "weightType": "24 fl oz",
    "imageName": "No Image.jpg",
    "defaultImage": "No Image.jpg",
    "updatedTimestamp": "Jan 23, 2021 8:02:30 PM",
    "createdTimestamp": "Jan 23, 2021 8:02:30 PM",
    "isNewlyAdded": false,
    "isActive": true,
    "isDealsEnabled": false,
    "quantity": 0
  },
  {
    "id": 5639,
    "code": "Eclipse Polar Ice Sugarfree Gum",
    "desc": "Eclipse Polar Ice Sugarfree Gum",
    "shortDesc": "Eclipse Polar Ice Sugarfree Gum",
    "tags": [
      "Mint & Gum"
    ],
    "categories": [
      {
        "code": "Chips, Cookies & Snacks",
        "desc": "Chips, Cookies & Snacks"
      }
    ],
    "subCategories": [
      {
        "code": "Candy & Chocolates",
        "desc": "Candy & Chocolates"
      }
    ],
    "brands": [
      {
        "code": "Eclipse",
        "desc": "Eclipse"
      }
    ],
    "price": {
      "basePrice": 3.09,
      "discountPrice": 3.09
    },
    "type": {
      "code": "Mint & Gum",
      "desc": "Mint & Gum"
    },
    "weight": "3 x ct",
    "UpcCode": "",
    "tax": 0.0,
    "spiceLevel": "",
    "aiselNo": "3",
    "store": "Market Basket",
    "weightType": "3 x ct",
    "imageName": "1507.jpg",
    "defaultImage": "1507.jpg",
    "updatedTimestamp": "Jan 23, 2021 8:02:30 PM",
    "createdTimestamp": "Jan 23, 2021 8:02:30 PM",
    "isNewlyAdded": false,
    "isActive": true,
    "isDealsEnabled": false,
    "quantity": 0
  },
  {
    "id": 14470,
    "code": "Pilon Coffee, Ground, Espresso",
    "desc": "Pilon Coffee, Ground, Espresso",
    "shortDesc": "Pilon Coffee, Ground, Espresso",
    "tags": [
      "Coffee"
    ],
    "categories": [
      {
        "code": "Breakfast & Dairy",
        "desc": "Breakfast & Dairy"
      }
    ],
    "subCategories": [
      {
        "code": "Tea & Coffee",
        "desc": "Tea & Coffee"
      }
    ],
    "brands": [
      {
        "code": "Pilon",
        "desc": "Pilon"
      }
    ],
    "price": {
      "basePrice": 4.89,
      "discountPrice": 4.89
    },
    "type": {
      "code": "Coffee",
      "desc": "Coffee"
    },
    "weight": "10 oz",
    "UpcCode": "",
    "tax": 0.0,
    "spiceLevel": "",
    "aiselNo": "8",
    "store": "Market Basket",
    "weightType": "10 oz",
    "imageName": "16294.jpg",
    "defaultImage": "16294.jpg",
    "updatedTimestamp": "Jan 23, 2021 8:02:30 PM",
    "createdTimestamp": "Jan 23, 2021 8:02:30 PM",
    "isNewlyAdded": false,
    "isActive": true,
    "isDealsEnabled": false,
    "quantity": 0
  },
  {
    "id": 3615,
    "code": "Indian Eggplant Pack",
    "desc": "Indian Eggplant Pack",
    "shortDesc": "Indian Eggplant Pack",
    "tags": [
      "Eggplant"
    ],
    "categories": [
      {
        "code": "Fresh Produce",
        "desc": "Fresh Produce"
      }
    ],
    "subCategories": [
      {
        "code": "Fresh Vegetables",
        "desc": "Fresh Vegetables"
      }
    ],
    "brands": [
      {
        "code": "Market Basket",
        "desc": "Market Basket"
      }
    ],
    "price": {
      "basePrice": 4.93,
      "discountPrice": 4.93
    },
    "type": {
      "code": "Eggplant",
      "desc": "Eggplant"
    },
    "weight": "1 pack",
    "UpcCode": "",
    "tax": 0.0,
    "spiceLevel": "",
    "aiselNo": "20",
    "store": "Market Basket",
    "weightType": "1 pack",
    "imageName": "FP75.jpg",
    "defaultImage": "FP75.jpg",
    "updatedTimestamp": "Jan 23, 2021 8:02:30 PM",
    "createdTimestamp": "Jan 23, 2021 8:02:30 PM",
    "isNewlyAdded": false,
    "isActive": true,
    "isDealsEnabled": false,
    "quantity": 0
  },
  {
    "id": 9767,
    "code": "Birds Eye Leaf Spinach",
    "desc": "Birds Eye Leaf Spinach",
    "shortDesc": "Birds Eye Leaf Spinach",
    "tags": [
      "Frozen Produce"
    ],
    "categories": [
      {
        "code": "Frozen Food",
        "desc": "Frozen Food"
      }
    ],
    "subCategories": [
      {
        "code": "Frozen Produce",
        "desc": "Frozen Produce"
      }
    ],
    "brands": [
      {
        "code": "Birds Eye",
        "desc": "Birds Eye"
      }
    ],
    "price": {
      "basePrice": 1.49,
      "discountPrice": 1.49
    },
    "type": {
      "code": "Frozen Produce",
      "desc": "Frozen Produce"
    },
    "weight": "10 oz",
    "UpcCode": "",
    "tax": 0.0,
    "spiceLevel": "",
    "aiselNo": "19",
    "store": "Market Basket",
    "weightType": "10 oz",
    "imageName": "15764.jpg",
    "defaultImage": "15764.jpg",
    "updatedTimestamp": "Jan 23, 2021 8:02:30 PM",
    "createdTimestamp": "Jan 23, 2021 8:02:30 PM",
    "isNewlyAdded": false,
    "isActive": true,
    "isDealsEnabled": false,
    "quantity": 0
  },
  {
    "id": 10025,
    "code": "Elan Chocolate Chip Low Fat Frozen Yogurt",
    "desc": "Elan Chocolate Chip Low Fat Frozen Yogurt",
    "shortDesc": "Elan Chocolate Chip Low Fat Frozen Yogurt",
    "tags": [
      "Ice Cream & Ice"
    ],
    "categories": [
      {
        "code": "Frozen Food",
        "desc": "Frozen Food"
      }
    ],
    "subCategories": [
      {
        "code": "Ice Cream & Ice",
        "desc": "Ice Cream & Ice"
      }
    ],
    "brands": [
      {
        "code": "Elan",
        "desc": "Elan"
      }
    ],
    "price": {
      "basePrice": 3.69,
      "discountPrice": 3.69
    },
    "type": {
      "code": "Ice Cream & Ice",
      "desc": "Ice Cream & Ice"
    },
    "weight": "1 quart",
    "UpcCode": "",
    "tax": 0.0,
    "spiceLevel": "",
    "aiselNo": "21",
    "store": "Market Basket",
    "weightType": "1 quart",
    "imageName": "16158.jpg",
    "defaultImage": "16158.jpg",
    "updatedTimestamp": "Jan 23, 2021 8:02:30 PM",
    "createdTimestamp": "Jan 23, 2021 8:02:30 PM",
    "isNewlyAdded": false,
    "isActive": true,
    "isDealsEnabled": false,
    "quantity": 0
  },
  {
    "id": 5390,
    "code": "Kame Rice Crackers Wasabi",
    "desc": "Kame Rice Crackers Wasabi",
    "shortDesc": "Kame Rice Crackers Wasabi",
    "tags": [
      "Crackers"
    ],
    "categories": [
      {
        "code": "Chips, Cookies & Snacks",
        "desc": "Chips, Cookies & Snacks"
      }
    ],
    "subCategories": [
      {
        "code": "Cookies & Crackers",
        "desc": "Cookies & Crackers"
      }
    ],
    "brands": [
      {
        "code": "Kame",
        "desc": "Kame"
      }
    ],
    "price": {
      "basePrice": 4.67,
      "discountPrice": 4.67
    },
    "type": {
      "code": "Crackers",
      "desc": "Crackers"
    },
    "weight": "3.5 oz",
    "UpcCode": "",
    "tax": 0.0,
    "spiceLevel": "",
    "aiselNo": "6",
    "store": "Market Basket",
    "weightType": "3.5 oz",
    "imageName": "No Image.jpg",
    "defaultImage": "No Image.jpg",
    "updatedTimestamp": "Jan 23, 2021 8:02:30 PM",
    "createdTimestamp": "Jan 23, 2021 8:02:30 PM",
    "isNewlyAdded": false,
    "isActive": true,
    "isDealsEnabled": false,
    "quantity": 0
  },
  {
    "id": 8743,
    "code": "Joseph's Pine Nut Hommus",
    "desc": "Joseph's Pine Nut Hommus",
    "shortDesc": "Joseph's Pine Nut Hommus",
    "tags": [
      "Preserved Dips & Salsa"
    ],
    "categories": [
      {
        "code": "Condiments & Dressings",
        "desc": "Condiments & Dressings"
      }
    ],
    "subCategories": [
      {
        "code": "Preserved Dips & Spreads",
        "desc": "Preserved Dips & Spreads"
      }
    ],
    "brands": [
      {
        "code": "Joseph's",
        "desc": "Joseph's"
      }
    ],
    "price": {
      "basePrice": 3.69,
      "discountPrice": 3.69
    },
    "type": {
      "code": "Preserved Dips & Salsa",
      "desc": "Preserved Dips & Salsa"
    },
    "weight": "10 oz",
    "UpcCode": "",
    "tax": 0.0,
    "spiceLevel": "",
    "aiselNo": "1",
    "store": "Market Basket",
    "weightType": "10 oz",
    "imageName": "No Image.jpg",
    "defaultImage": "No Image.jpg",
    "updatedTimestamp": "Jan 23, 2021 8:02:30 PM",
    "createdTimestamp": "Jan 23, 2021 8:02:30 PM",
    "isNewlyAdded": false,
    "isActive": true,
    "isDealsEnabled": false,
    "quantity": 0
  },
  {
    "id": 407,
    "code": "Market Basket Bathroom Tissue",
    "desc": "Market Basket Bathroom Tissue",
    "shortDesc": "Market Basket Bathroom Tissue",
    "tags": [
      "Bathroom Tissues / Toilet Paper"
    ],
    "categories": [
      {
        "code": "Laundry & Paper Goods",
        "desc": "Laundry & Paper Goods"
      }
    ],
    "subCategories": [
      {
        "code": "Paper Goods",
        "desc": "Paper Goods"
      }
    ],
    "brands": [
      {
        "code": "Market Basket",
        "desc": "Market Basket"
      }
    ],
    "price": {
      "basePrice": 8.74,
      "discountPrice": 8.74
    },
    "type": {
      "code": "Bathroom Tissues / Toilet Paper",
      "desc": "Bathroom Tissues / Toilet Paper"
    },
    "weight": "12 count",
    "UpcCode": "",
    "tax": 1.0,
    "spiceLevel": "",
    "aiselNo": "14",
    "store": "Market Basket",
    "weightType": "12 count",
    "imageName": "Market Basket.jpg",
    "defaultImage": "Market Basket.jpg",
    "updatedTimestamp": "Jan 23, 2021 8:02:30 PM",
    "createdTimestamp": "Jan 23, 2021 8:02:30 PM",
    "isNewlyAdded": false,
    "isActive": true,
    "isDealsEnabled": false,
    "quantity": 0
  },
  {
    "id": 3698,
    "code": "Nutra Fig Calimyrna Figs",
    "desc": "Nutra Fig Calimyrna Figs",
    "shortDesc": "Nutra Fig Calimyrna Figs",
    "tags": [
      "Other Special fruits"
    ],
    "categories": [
      {
        "code": "Fresh Produce",
        "desc": "Fresh Produce"
      }
    ],
    "subCategories": [
      {
        "code": "Fresh Fruits",
        "desc": "Fresh Fruits"
      }
    ],
    "brands": [
      {
        "code": "Nutra Fig",
        "desc": "Nutra Fig"
      }
    ],
    "price": {
      "basePrice": 5.05,
      "discountPrice": 5.05
    },
    "type": {
      "code": "Other Special fruits",
      "desc": "Other Special fruits"
    },
    "weight": "8 oz",
    "UpcCode": "",
    "tax": 0.0,
    "spiceLevel": "",
    "aiselNo": "20",
    "store": "Market Basket",
    "weightType": "8 oz",
    "imageName": "14277.jpg",
    "defaultImage": "14277.jpg",
    "updatedTimestamp": "Jan 23, 2021 8:02:30 PM",
    "createdTimestamp": "Jan 23, 2021 8:02:30 PM",
    "isNewlyAdded": false,
    "isActive": true,
    "isDealsEnabled": false,
    "quantity": 0
  },
  {
    "id": 3796,
    "code": "Organic Ginger Root",
    "desc": "Organic Ginger Root",
    "shortDesc": "Organic Ginger Root",
    "tags": [
      "Ginger"
    ],
    "categories": [
      {
        "code": "Fresh Produce",
        "desc": "Fresh Produce"
      }
    ],
    "subCategories": [
      {
        "code": "Fresh Organic Herbs",
        "desc": "Fresh Organic Herbs"
      }
    ],
    "brands": [
      {
        "code": "Market Basket",
        "desc": "Market Basket"
      }
    ],
    "price": {
      "basePrice": 2.74,
      "discountPrice": 2.74
    },
    "type": {
      "code": "Ginger",
      "desc": "Ginger"
    },
    "weight": "4 oz",
    "UpcCode": "",
    "tax": 0.0,
    "spiceLevel": "",
    "aiselNo": "20",
    "store": "Market Basket",
    "weightType": "4 oz",
    "imageName": "f92.jpg",
    "defaultImage": "f92.jpg",
    "updatedTimestamp": "Jan 23, 2021 8:02:30 PM",
    "createdTimestamp": "Jan 23, 2021 8:02:30 PM",
    "isNewlyAdded": false,
    "isActive": true,
    "isDealsEnabled": false,
    "quantity": 0
  },
  {
    "id": 3997,
    "code": "Butternut Squash (Approx: 3.5 lb)",
    "desc": "Butternut Squash (Approx: 3.5 lb)",
    "shortDesc": "Butternut Squash (Approx: 3.5 lb)",
    "tags": [
      "Squash"
    ],
    "categories": [
      {
        "code": "Fresh Produce",
        "desc": "Fresh Produce"
      }
    ],
    "subCategories": [
      {
        "code": "Fresh Vegetables",
        "desc": "Fresh Vegetables"
      }
    ],
    "brands": [
      {
        "code": "Market Basket",
        "desc": "Market Basket"
      }
    ],
    "price": {
      "basePrice": 5.5,
      "discountPrice": 5.5
    },
    "type": {
      "code": "Squash",
      "desc": "Squash"
    },
    "weight": "1 count",
    "UpcCode": "",
    "tax": 0.0,
    "spiceLevel": "",
    "aiselNo": "20",
    "store": "Market Basket",
    "weightType": "1 count",
    "imageName": "f278.jpg",
    "defaultImage": "f278.jpg",
    "updatedTimestamp": "Jan 23, 2021 8:02:30 PM",
    "createdTimestamp": "Jan 23, 2021 8:02:30 PM",
    "isNewlyAdded": false,
    "isActive": true,
    "isDealsEnabled": false,
    "quantity": 0
  },
  {
    "id": 8356,
    "code": "Coffee Time Coffee Syrup",
    "desc": "Coffee Time Coffee Syrup",
    "shortDesc": "Coffee Time Coffee Syrup",
    "tags": [
      "Syrup"
    ],
    "categories": [
      {
        "code": "Condiments & Dressings",
        "desc": "Condiments & Dressings"
      }
    ],
    "subCategories": [
      {
        "code": "Honey, Syrup & Nectars",
        "desc": "Honey, Syrup & Nectars"
      }
    ],
    "brands": [
      {
        "code": "Coffee Time",
        "desc": "Coffee Time"
      }
    ],
    "price": {
      "basePrice": 2.99,
      "discountPrice": 2.99
    },
    "type": {
      "code": "Syrup",
      "desc": "Syrup"
    },
    "weight": "16 oz",
    "UpcCode": "",
    "tax": 0.0,
    "spiceLevel": "",
    "aiselNo": "3",
    "store": "Market Basket",
    "weightType": "16 oz",
    "imageName": "No Image.jpg",
    "defaultImage": "No Image.jpg",
    "updatedTimestamp": "Jan 23, 2021 8:02:30 PM",
    "createdTimestamp": "Jan 23, 2021 8:02:30 PM",
    "isNewlyAdded": false,
    "isActive": true,
    "isDealsEnabled": false,
    "quantity": 0
  },
  {
    "id": 6623,
    "code": "Newmen's Own Light Virgin Lemonade Beverage",
    "desc": "Newmen's Own Light Virgin Lemonade Beverage",
    "shortDesc": "Newmen's Own Light Virgin Lemonade Beverage",
    "tags": [
      "Refrigerated Drinks"
    ],
    "categories": [
      {
        "code": "Beverages & Juices",
        "desc": "Beverages & Juices"
      }
    ],
    "subCategories": [
      {
        "code": "Juices & Refrigerated Drinks",
        "desc": "Juices & Refrigerated Drinks"
      }
    ],
    "brands": [
      {
        "code": "Newman's Own",
        "desc": "Newman's Own"
      }
    ],
    "price": {
      "basePrice": 2.86,
      "discountPrice": 2.86
    },
    "type": {
      "code": "Refrigerated Drinks",
      "desc": "Refrigerated Drinks"
    },
    "weight": "59 fl oz",
    "UpcCode": "",
    "tax": 0.0,
    "spiceLevel": "",
    "aiselNo": "1",
    "store": "Market Basket",
    "weightType": "59 fl oz",
    "imageName": "X642.jpg",
    "defaultImage": "X642.jpg",
    "updatedTimestamp": "Jan 23, 2021 8:02:29 PM",
    "createdTimestamp": "Jan 23, 2021 8:02:29 PM",
    "isNewlyAdded": false,
    "isActive": true,
    "isDealsEnabled": false,
    "quantity": 0
  },
  {
    "id": 8032,
    "code": "Lipton Instant Soup Cream Of Chicken",
    "desc": "Lipton Instant Soup Cream Of Chicken",
    "shortDesc": "Lipton Instant Soup Cream Of Chicken",
    "tags": [
      "Soup, Broth & Bouillon"
    ],
    "categories": [
      {
        "code": "Cooking Needs",
        "desc": "Cooking Needs"
      }
    ],
    "subCategories": [
      {
        "code": "Canned Food",
        "desc": "Canned Food"
      }
    ],
    "brands": [
      {
        "code": "Lipton",
        "desc": "Lipton"
      }
    ],
    "price": {
      "basePrice": 1.49,
      "discountPrice": 1.49
    },
    "type": {
      "code": "Soup, Broth & Bouillon",
      "desc": "Soup, Broth & Bouillon"
    },
    "weight": "2.4 oz",
    "UpcCode": "",
    "tax": 0.0,
    "spiceLevel": "",
    "aiselNo": "2",
    "store": "Market Basket",
    "weightType": "2.4 oz",
    "imageName": "17199.jpg",
    "defaultImage": "17199.jpg",
    "updatedTimestamp": "Jan 23, 2021 8:02:30 PM",
    "createdTimestamp": "Jan 23, 2021 8:02:30 PM",
    "isNewlyAdded": false,
    "isActive": true,
    "isDealsEnabled": false,
    "quantity": 0
  },
  {
    "id": 15200,
    "code": "Efferdent Anti-Bacterial Denture Cleanser",
    "desc": "Efferdent Anti-Bacterial Denture Cleanser",
    "shortDesc": "Efferdent Anti-Bacterial Denture Cleanser",
    "tags": [
      "Oral Hygiene"
    ],
    "categories": [
      {
        "code": "Personal Care",
        "desc": "Personal Care"
      }
    ],
    "subCategories": [
      {
        "code": "Personal Needs",
        "desc": "Personal Needs"
      }
    ],
    "brands": [
      {
        "code": "Efferdent",
        "desc": "Efferdent"
      }
    ],
    "price": {
      "basePrice": 4.93,
      "discountPrice": 4.93
    },
    "type": {
      "code": "Oral Hygiene",
      "desc": "Oral Hygiene"
    },
    "weight": "40 count",
    "UpcCode": "",
    "tax": 1.0,
    "spiceLevel": "",
    "aiselNo": "13",
    "store": "Market Basket",
    "weightType": "40 count",
    "imageName": "17777.jpg",
    "defaultImage": "17777.jpg",
    "updatedTimestamp": "Jan 23, 2021 8:02:30 PM",
    "createdTimestamp": "Jan 23, 2021 8:02:30 PM",
    "isNewlyAdded": false,
    "isActive": true,
    "isDealsEnabled": false,
    "quantity": 0
  },
  {
    "id": 13354,
    "code": "Hood Whipped Light Cream, Original",
    "desc": "Hood Whipped Light Cream, Original",
    "shortDesc": "Hood Whipped Light Cream, Original",
    "tags": [
      "Cream"
    ],
    "categories": [
      {
        "code": "Breakfast & Dairy",
        "desc": "Breakfast & Dairy"
      }
    ],
    "subCategories": [
      {
        "code": "Dairy & Eggs",
        "desc": "Dairy & Eggs"
      }
    ],
    "brands": [
      {
        "code": "Hood",
        "desc": "Hood"
      }
    ],
    "price": {
      "basePrice": 3.09,
      "discountPrice": 3.09
    },
    "type": {
      "code": "Cream",
      "desc": "Cream"
    },
    "weight": "9.3 oz",
    "UpcCode": "",
    "tax": 0.0,
    "spiceLevel": "",
    "aiselNo": "1",
    "store": "Market Basket",
    "weightType": "9.3 oz",
    "imageName": "577.jpg",
    "defaultImage": "577.jpg",
    "updatedTimestamp": "Jan 23, 2021 8:02:30 PM",
    "createdTimestamp": "Jan 23, 2021 8:02:30 PM",
    "isNewlyAdded": false,
    "isActive": true,
    "isDealsEnabled": false,
    "quantity": 0
  },
  {
    "id": 4087,
    "code": "Market Basket Beef Loin T Bone Steak",
    "desc": "Market Basket Beef Loin T Bone Steak",
    "shortDesc": "Market Basket Beef Loin T Bone Steak",
    "tags": [
      "Beef"
    ],
    "categories": [
      {
        "code": "Meat & Seafood",
        "desc": "Meat & Seafood"
      }
    ],
    "subCategories": [
      {
        "code": "Meat & Seafood Counter",
        "desc": "Meat & Seafood Counter"
      }
    ],
    "brands": [
      {
        "code": "Market Basket",
        "desc": "Market Basket"
      }
    ],
    "price": {
      "basePrice": 11.26,
      "discountPrice": 11.26
    },
    "type": {
      "code": "Beef",
      "desc": "Beef"
    },
    "weight": "Approx: 1.15 lb at $9.79/lb",
    "UpcCode": "",
    "tax": 0.0,
    "spiceLevel": "",
    "aiselNo": "22",
    "store": "Market Basket",
    "weightType": "Approx: 1.15 lb at $9.79/lb",
    "imageName": "Market Basket.jpg",
    "defaultImage": "Market Basket.jpg",
    "updatedTimestamp": "Jan 23, 2021 8:02:30 PM",
    "createdTimestamp": "Jan 23, 2021 8:02:30 PM",
    "isNewlyAdded": false,
    "isActive": true,
    "isDealsEnabled": false,
    "quantity": 0
  },
  {
    "id": 7555,
    "code": "Aunt Nellie's Sweet & Sour Harvard Beets",
    "desc": "Aunt Nellie's Sweet & Sour Harvard Beets",
    "shortDesc": "Aunt Nellie's Sweet & Sour Harvard Beets",
    "tags": [
      "Canned & Jarred Vegetables"
    ],
    "categories": [
      {
        "code": "Cooking Needs",
        "desc": "Cooking Needs"
      }
    ],
    "subCategories": [
      {
        "code": "Canned Food",
        "desc": "Canned Food"
      }
    ],
    "brands": [
      {
        "code": "Nellie's",
        "desc": "Nellie's"
      }
    ],
    "price": {
      "basePrice": 1.59,
      "discountPrice": 1.59
    },
    "type": {
      "code": "Canned & Jarred Vegetables",
      "desc": "Canned & Jarred Vegetables"
    },
    "weight": "15.5 oz",
    "UpcCode": "",
    "tax": 0.0,
    "spiceLevel": "",
    "aiselNo": "9",
    "store": "Market Basket",
    "weightType": "15.5 oz",
    "imageName": "17092.jpg",
    "defaultImage": "17092.jpg",
    "updatedTimestamp": "Jan 23, 2021 8:02:30 PM",
    "createdTimestamp": "Jan 23, 2021 8:02:30 PM",
    "isNewlyAdded": false,
    "isActive": true,
    "isDealsEnabled": false,
    "quantity": 0
  },
  {
    "id": 149,
    "code": "Easy-Off Oven Cleaner Heavy Duty Fresh",
    "desc": "Easy-Off Oven Cleaner Heavy Duty Fresh",
    "shortDesc": "Easy-Off Oven Cleaner Heavy Duty Fresh",
    "tags": [
      "Other Cleaning Products"
    ],
    "categories": [
      {
        "code": "Kitchen & Cleaning",
        "desc": "Kitchen & Cleaning"
      }
    ],
    "subCategories": [
      {
        "code": "Cleaning Products",
        "desc": "Cleaning Products"
      }
    ],
    "brands": [
      {
        "code": "Easy-Off",
        "desc": "Easy-Off"
      }
    ],
    "price": {
      "basePrice": 4.89,
      "discountPrice": 4.89
    },
    "type": {
      "code": "Other Cleaning Products",
      "desc": "Other Cleaning Products"
    },
    "weight": "14.5 oz",
    "UpcCode": "",
    "tax": 1.0,
    "spiceLevel": "",
    "aiselNo": "15",
    "store": "Market Basket",
    "weightType": "14.5 oz",
    "imageName": "16799.jpg",
    "defaultImage": "16799.jpg",
    "updatedTimestamp": "Jan 23, 2021 8:02:30 PM",
    "createdTimestamp": "Jan 23, 2021 8:02:30 PM",
    "isNewlyAdded": false,
    "isActive": true,
    "isDealsEnabled": false,
    "quantity": 0
  },
  {
    "id": 13434,
    "code": "Market Basket Pure Whites 100% Liquid Egg Whites",
    "desc": "Market Basket Pure Whites 100% Liquid Egg Whites",
    "shortDesc": "Market Basket Pure Whites 100% Liquid Egg Whites",
    "tags": [
      "Eggs"
    ],
    "categories": [
      {
        "code": "Breakfast & Dairy",
        "desc": "Breakfast & Dairy"
      }
    ],
    "subCategories": [
      {
        "code": "Dairy & Eggs",
        "desc": "Dairy & Eggs"
      }
    ],
    "brands": [
      {
        "code": "Market Basket",
        "desc": "Market Basket"
      }
    ],
    "price": {
      "basePrice": 6.09,
      "discountPrice": 6.09
    },
    "type": {
      "code": "Eggs",
      "desc": "Eggs"
    },
    "weight": "32 oz",
    "UpcCode": "",
    "tax": 0.0,
    "spiceLevel": "",
    "aiselNo": "1",
    "store": "Market Basket",
    "weightType": "32 oz",
    "imageName": "Market Basket.jpg",
    "defaultImage": "Market Basket.jpg",
    "updatedTimestamp": "Jan 23, 2021 8:02:30 PM",
    "createdTimestamp": "Jan 23, 2021 8:02:30 PM",
    "isNewlyAdded": false,
    "isActive": true,
    "isDealsEnabled": false,
    "quantity": 0
  },
  {
    "id": 6505,
    "code": "Blue Diamond Whole Natural Almonds",
    "desc": "Blue Diamond Whole Natural Almonds",
    "shortDesc": "Blue Diamond Whole Natural Almonds",
    "tags": [
      "Nuts, Seeds & Dried Fruit"
    ],
    "categories": [
      {
        "code": "Chips, Cookies & Snacks",
        "desc": "Chips, Cookies & Snacks"
      }
    ],
    "subCategories": [
      {
        "code": "Nuts, Seeds & Dried Fruit",
        "desc": "Nuts, Seeds & Dried Fruit"
      }
    ],
    "brands": [
      {
        "code": "Blue Diamond",
        "desc": "Blue Diamond"
      }
    ],
    "price": {
      "basePrice": 9.99,
      "discountPrice": 9.99
    },
    "type": {
      "code": "Nuts, Seeds & Dried Fruit",
      "desc": "Nuts, Seeds & Dried Fruit"
    },
    "weight": "16 oz",
    "UpcCode": "",
    "tax": 0.0,
    "spiceLevel": "",
    "aiselNo": "6",
    "store": "Market Basket",
    "weightType": "16 oz",
    "imageName": "No Image.jpg",
    "defaultImage": "No Image.jpg",
    "updatedTimestamp": "Jan 23, 2021 8:02:30 PM",
    "createdTimestamp": "Jan 23, 2021 8:02:30 PM",
    "isNewlyAdded": false,
    "isActive": true,
    "isDealsEnabled": false,
    "quantity": 0
  },
  {
    "id": 12931,
    "code": "Muffintown 12Pk Mini Muffin Chocolate Chip",
    "desc": "Muffintown 12Pk Mini Muffin Chocolate Chip",
    "shortDesc": "Muffintown 12Pk Mini Muffin Chocolate Chip",
    "tags": [
      "Muffin"
    ],
    "categories": [
      {
        "code": "Breakfast & Dairy",
        "desc": "Breakfast & Dairy"
      }
    ],
    "subCategories": [
      {
        "code": "Breads & Rolls",
        "desc": "Breads & Rolls"
      }
    ],
    "brands": [
      {
        "code": "Muffin Town",
        "desc": "Muffin Town"
      }
    ],
    "price": {
      "basePrice": 3.49,
      "discountPrice": 3.49
    },
    "type": {
      "code": "Muffin",
      "desc": "Muffin"
    },
    "weight": "12 oz",
    "UpcCode": "",
    "tax": 0.0,
    "spiceLevel": "",
    "aiselNo": "18",
    "store": "Market Basket",
    "weightType": "12 oz",
    "imageName": "No Image.jpg",
    "defaultImage": "No Image.jpg",
    "updatedTimestamp": "Jan 23, 2021 8:02:30 PM",
    "createdTimestamp": "Jan 23, 2021 8:02:30 PM",
    "isNewlyAdded": false,
    "isActive": true,
    "isDealsEnabled": false,
    "quantity": 0
  },
  {
    "id": 13525,
    "code": "Oakhurst Milk",
    "desc": "Oakhurst Milk",
    "shortDesc": "Oakhurst Milk",
    "tags": [
      "Milk"
    ],
    "categories": [
      {
        "code": "Breakfast & Dairy",
        "desc": "Breakfast & Dairy"
      }
    ],
    "subCategories": [
      {
        "code": "Dairy & Eggs",
        "desc": "Dairy & Eggs"
      }
    ],
    "brands": [
      {
        "code": "Oakhurst",
        "desc": "Oakhurst"
      }
    ],
    "price": {
      "basePrice": 2.49,
      "discountPrice": 2.49
    },
    "type": {
      "code": "Milk",
      "desc": "Milk"
    },
    "weight": "0.5 gal",
    "UpcCode": "",
    "tax": 0.0,
    "spiceLevel": "",
    "aiselNo": "1",
    "store": "Market Basket",
    "weightType": "0.5 gal",
    "imageName": "Market Basket.jpg",
    "defaultImage": "Market Basket.jpg",
    "updatedTimestamp": "Jan 23, 2021 8:02:30 PM",
    "createdTimestamp": "Jan 23, 2021 8:02:30 PM",
    "isNewlyAdded": false,
    "isActive": true,
    "isDealsEnabled": false,
    "quantity": 0
  },
  {
    "id": 14960,
    "code": "Gold Bond Anti-Itch Cream Rapid Relief Maximum Strength",
    "desc": "Gold Bond Anti-Itch Cream Rapid Relief Maximum Strength",
    "shortDesc": "Gold Bond Anti-Itch Cream Rapid Relief Maximum Strength",
    "tags": [
      "First Aid"
    ],
    "categories": [
      {
        "code": "Personal Care",
        "desc": "Personal Care"
      }
    ],
    "subCategories": [
      {
        "code": "First Aid & Healthcare",
        "desc": "First Aid & Healthcare"
      }
    ],
    "brands": [
      {
        "code": "Gold Bond",
        "desc": "Gold Bond"
      }
    ],
    "price": {
      "basePrice": 5.62,
      "discountPrice": 5.62
    },
    "type": {
      "code": "First Aid",
      "desc": "First Aid"
    },
    "weight": "1 oz",
    "UpcCode": "",
    "tax": 1.0,
    "spiceLevel": "",
    "aiselNo": "13",
    "store": "Market Basket",
    "weightType": "1 oz",
    "imageName": "6542.jpg",
    "defaultImage": "6542.jpg",
    "updatedTimestamp": "Jan 23, 2021 8:02:30 PM",
    "createdTimestamp": "Jan 23, 2021 8:02:30 PM",
    "isNewlyAdded": false,
    "isActive": true,
    "isDealsEnabled": false,
    "quantity": 0
  },
  {
    "id": 5971,
    "code": "Master of Mixes Handcrafted Watermelon Daiquiri & Margarita Mixer",
    "desc": "Master of Mixes Handcrafted Watermelon Daiquiri & Margarita Mixer",
    "shortDesc": "Master of Mixes Handcrafted Watermelon Daiquiri & Margarita Mixer",
    "tags": [
      "Cocoa & Drink Mixes"
    ],
    "categories": [
      {
        "code": "Beverages & Juices",
        "desc": "Beverages & Juices"
      }
    ],
    "subCategories": [
      {
        "code": "Cocoa & Drink Mixes",
        "desc": "Cocoa & Drink Mixes"
      }
    ],
    "brands": [
      {
        "code": "Master of Mixes",
        "desc": "Master of Mixes"
      }
    ],
    "price": {
      "basePrice": 4.99,
      "discountPrice": 4.99
    },
    "type": {
      "code": "Cocoa & Drink Mixes",
      "desc": "Cocoa & Drink Mixes"
    },
    "weight": "33.8 fl oz",
    "UpcCode": "",
    "tax": 0.0,
    "spiceLevel": "",
    "aiselNo": "17",
    "store": "Market Basket",
    "weightType": "33.8 fl oz",
    "imageName": "No Image.jpg",
    "defaultImage": "No Image.jpg",
    "updatedTimestamp": "Jan 23, 2021 8:02:29 PM",
    "createdTimestamp": "Jan 23, 2021 8:02:29 PM",
    "isNewlyAdded": false,
    "isActive": true,
    "isDealsEnabled": false,
    "quantity": 0
  },
  {
    "id": 9878,
    "code": "Market Basket Quick And Steamy California Blend",
    "desc": "Market Basket Quick And Steamy California Blend",
    "shortDesc": "Market Basket Quick And Steamy California Blend",
    "tags": [
      "Frozen Produce"
    ],
    "categories": [
      {
        "code": "Frozen Food",
        "desc": "Frozen Food"
      }
    ],
    "subCategories": [
      {
        "code": "Frozen Produce",
        "desc": "Frozen Produce"
      }
    ],
    "brands": [
      {
        "code": "Market Basket",
        "desc": "Market Basket"
      }
    ],
    "price": {
      "basePrice": 1.29,
      "discountPrice": 1.29
    },
    "type": {
      "code": "Frozen Produce",
      "desc": "Frozen Produce"
    },
    "weight": "12 oz",
    "UpcCode": "",
    "tax": 0.0,
    "spiceLevel": "",
    "aiselNo": "19",
    "store": "Market Basket",
    "weightType": "12 oz",
    "imageName": "Market Basket.jpg",
    "defaultImage": "Market Basket.jpg",
    "updatedTimestamp": "Jan 23, 2021 8:02:30 PM",
    "createdTimestamp": "Jan 23, 2021 8:02:30 PM",
    "isNewlyAdded": false,
    "isActive": true,
    "isDealsEnabled": false,
    "quantity": 0
  },
  {
    "id": 7913,
    "code": "Bar Harbor Fish Stock",
    "desc": "Bar Harbor Fish Stock",
    "shortDesc": "Bar Harbor Fish Stock",
    "tags": [
      "Soup, Broth & Bouillon"
    ],
    "categories": [
      {
        "code": "Cooking Needs",
        "desc": "Cooking Needs"
      }
    ],
    "subCategories": [
      {
        "code": "Canned Food",
        "desc": "Canned Food"
      }
    ],
    "brands": [
      {
        "code": "Bar Harbor",
        "desc": "Bar Harbor"
      }
    ],
    "price": {
      "basePrice": 4.29,
      "discountPrice": 4.29
    },
    "type": {
      "code": "Soup, Broth & Bouillon",
      "desc": "Soup, Broth & Bouillon"
    },
    "weight": "15 oz",
    "UpcCode": "",
    "tax": 0.0,
    "spiceLevel": "",
    "aiselNo": "2",
    "store": "Market Basket",
    "weightType": "15 oz",
    "imageName": "17248.jpg",
    "defaultImage": "17248.jpg",
    "updatedTimestamp": "Jan 23, 2021 8:02:30 PM",
    "createdTimestamp": "Jan 23, 2021 8:02:30 PM",
    "isNewlyAdded": false,
    "isActive": true,
    "isDealsEnabled": false,
    "quantity": 0
  },
  {
    "id": 7016,
    "code": "Pillsbury Grands! Flaky Layers, Original",
    "desc": "Pillsbury Grands! Flaky Layers, Original",
    "shortDesc": "Pillsbury Grands! Flaky Layers, Original",
    "tags": [
      "Doughs, Gelatins & Bake Mixes"
    ],
    "categories": [
      {
        "code": "Cooking Needs",
        "desc": "Cooking Needs"
      }
    ],
    "subCategories": [
      {
        "code": "Baking & Cooking",
        "desc": "Baking & Cooking"
      }
    ],
    "brands": [
      {
        "code": "Pillsbury",
        "desc": "Pillsbury"
      }
    ],
    "price": {
      "basePrice": 2.49,
      "discountPrice": 2.49
    },
    "type": {
      "code": "Doughs, Gelatins & Bake Mixes",
      "desc": "Doughs, Gelatins & Bake Mixes"
    },
    "weight": "8 x 16.3 oz",
    "UpcCode": "",
    "tax": 0.0,
    "spiceLevel": "",
    "aiselNo": "8",
    "store": "Market Basket",
    "weightType": "8 x 16.3 oz",
    "imageName": "2020.jpg",
    "defaultImage": "2020.jpg",
    "updatedTimestamp": "Jan 23, 2021 8:02:30 PM",
    "createdTimestamp": "Jan 23, 2021 8:02:30 PM",
    "isNewlyAdded": false,
    "isActive": true,
    "isDealsEnabled": false,
    "quantity": 0
  },
  {
    "id": 269,
    "code": "Finish Quantum Powerball Super Charged Quantum Max Ultimate Clean & Shine Ultra Degreaser with Lemon Scent Automatic Dishwasher Detergent",
    "desc": "Finish Quantum Powerball Super Charged Quantum Max Ultimate Clean & Shine Ultra Degreaser with Lemon Scent Automatic Dishwasher Detergent",
    "shortDesc": "Finish Quantum Powerball Super Charged Quantum Max Ultimate Clean & Shine Ultra Degreaser with Lemon Scent Automatic Dishwasher Detergent",
    "tags": [
      "Dishwasher Detergent"
    ],
    "categories": [
      {
        "code": "Kitchen & Cleaning",
        "desc": "Kitchen & Cleaning"
      }
    ],
    "subCategories": [
      {
        "code": "Dish Detergents",
        "desc": "Dish Detergents"
      }
    ],
    "brands": [
      {
        "code": "Finish",
        "desc": "Finish"
      }
    ],
    "price": {
      "basePrice": 12.19,
      "discountPrice": 12.19
    },
    "type": {
      "code": "Dishwasher Detergent",
      "desc": "Dishwasher Detergent"
    },
    "weight": "26.3 oz",
    "UpcCode": "",
    "tax": 1.0,
    "spiceLevel": "",
    "aiselNo": "15",
    "store": "Market Basket",
    "weightType": "26.3 oz",
    "imageName": "16839.jpg",
    "defaultImage": "16839.jpg",
    "updatedTimestamp": "Jan 23, 2021 8:02:30 PM",
    "createdTimestamp": "Jan 23, 2021 8:02:30 PM",
    "isNewlyAdded": false,
    "isActive": true,
    "isDealsEnabled": false,
    "quantity": 0
  },
  {
    "id": 15253,
    "code": "Polident Antibacterial Denture Cleanser 3 Minute Triple Mint Freshness",
    "desc": "Polident Antibacterial Denture Cleanser 3 Minute Triple Mint Freshness",
    "shortDesc": "Polident Antibacterial Denture Cleanser 3 Minute Triple Mint Freshness",
    "tags": [
      "Oral Hygiene"
    ],
    "categories": [
      {
        "code": "Personal Care",
        "desc": "Personal Care"
      }
    ],
    "subCategories": [
      {
        "code": "Personal Needs",
        "desc": "Personal Needs"
      }
    ],
    "brands": [
      {
        "code": "Polident",
        "desc": "Polident"
      }
    ],
    "price": {
      "basePrice": 5.28,
      "discountPrice": 5.28
    },
    "type": {
      "code": "Oral Hygiene",
      "desc": "Oral Hygiene"
    },
    "weight": "40 count",
    "UpcCode": "",
    "tax": 1.0,
    "spiceLevel": "",
    "aiselNo": "13",
    "store": "Market Basket",
    "weightType": "40 count",
    "imageName": "17772.jpg",
    "defaultImage": "17772.jpg",
    "updatedTimestamp": "Jan 23, 2021 8:02:30 PM",
    "createdTimestamp": "Jan 23, 2021 8:02:30 PM",
    "isNewlyAdded": false,
    "isActive": true,
    "isDealsEnabled": false,
    "quantity": 0
  },
  {
    "id": 5162,
    "code": "Carr's Table Water Crackers Original",
    "desc": "Carr's Table Water Crackers Original",
    "shortDesc": "Carr's Table Water Crackers Original",
    "tags": [
      "Crackers"
    ],
    "categories": [
      {
        "code": "Chips, Cookies & Snacks",
        "desc": "Chips, Cookies & Snacks"
      }
    ],
    "subCategories": [
      {
        "code": "Cookies & Crackers",
        "desc": "Cookies & Crackers"
      }
    ],
    "brands": [
      {
        "code": "Carr's",
        "desc": "Carr's"
      }
    ],
    "price": {
      "basePrice": 3.91,
      "discountPrice": 3.91
    },
    "type": {
      "code": "Crackers",
      "desc": "Crackers"
    },
    "weight": "4.25 oz",
    "UpcCode": "",
    "tax": 0.0,
    "spiceLevel": "",
    "aiselNo": "6",
    "store": "Market Basket",
    "weightType": "4.25 oz",
    "imageName": "15117.jpg",
    "defaultImage": "15117.jpg",
    "updatedTimestamp": "Jan 23, 2021 8:02:30 PM",
    "createdTimestamp": "Jan 23, 2021 8:02:30 PM",
    "isNewlyAdded": false,
    "isActive": true,
    "isDealsEnabled": false,
    "quantity": 0
  },
  {
    "id": 10401,
    "code": "Goya 16 Bean Soup Mix",
    "desc": "Goya 16 Bean Soup Mix",
    "shortDesc": "Goya 16 Bean Soup Mix",
    "tags": [
      "Canned Food"
    ],
    "categories": [
      {
        "code": "Cooking Needs",
        "desc": "Cooking Needs"
      }
    ],
    "subCategories": [
      {
        "code": "Canned Food",
        "desc": "Canned Food"
      }
    ],
    "brands": [
      {
        "code": "Goya",
        "desc": "Goya"
      }
    ],
    "price": {
      "basePrice": 2.69,
      "discountPrice": 2.69
    },
    "type": {
      "code": "Canned Food",
      "desc": "Canned Food"
    },
    "weight": "16 oz",
    "UpcCode": "",
    "tax": 0.0,
    "spiceLevel": "",
    "aiselNo": "7",
    "store": "Market Basket",
    "weightType": "16 oz",
    "imageName": "5820.jpg",
    "defaultImage": "5820.jpg",
    "updatedTimestamp": "Jan 23, 2021 8:02:30 PM",
    "createdTimestamp": "Jan 23, 2021 8:02:30 PM",
    "isNewlyAdded": false,
    "isActive": true,
    "isDealsEnabled": false,
    "quantity": 0
  },
  {
    "id": 6954,
    "code": "Duncan Hines Classic Yellow Cake Mix",
    "desc": "Duncan Hines Classic Yellow Cake Mix",
    "shortDesc": "Duncan Hines Classic Yellow Cake Mix",
    "tags": [
      "Doughs, Gelatins & Bake Mixes"
    ],
    "categories": [
      {
        "code": "Cooking Needs",
        "desc": "Cooking Needs"
      }
    ],
    "subCategories": [
      {
        "code": "Baking & Cooking",
        "desc": "Baking & Cooking"
      }
    ],
    "brands": [
      {
        "code": "Duncan Hines",
        "desc": "Duncan Hines"
      }
    ],
    "price": {
      "basePrice": 1.89,
      "discountPrice": 1.89
    },
    "type": {
      "code": "Doughs, Gelatins & Bake Mixes",
      "desc": "Doughs, Gelatins & Bake Mixes"
    },
    "weight": "16.5 oz",
    "UpcCode": "",
    "tax": 0.0,
    "spiceLevel": "",
    "aiselNo": "8",
    "store": "Market Basket",
    "weightType": "16.5 oz",
    "imageName": "2098.jpg",
    "defaultImage": "2098.jpg",
    "updatedTimestamp": "Jan 23, 2021 8:02:30 PM",
    "createdTimestamp": "Jan 23, 2021 8:02:30 PM",
    "isNewlyAdded": false,
    "isActive": true,
    "isDealsEnabled": false,
    "quantity": 0
  },
  {
    "id": 7605,
    "code": "Sun Luck Whole Peeled Water Chestnuts",
    "desc": "Sun Luck Whole Peeled Water Chestnuts",
    "shortDesc": "Sun Luck Whole Peeled Water Chestnuts",
    "tags": [
      "Canned & Jarred Vegetables"
    ],
    "categories": [
      {
        "code": "Cooking Needs",
        "desc": "Cooking Needs"
      }
    ],
    "subCategories": [
      {
        "code": "Canned Food",
        "desc": "Canned Food"
      }
    ],
    "brands": [
      {
        "code": "Sun",
        "desc": "Sun"
      }
    ],
    "price": {
      "basePrice": 2.19,
      "discountPrice": 2.19
    },
    "type": {
      "code": "Canned & Jarred Vegetables",
      "desc": "Canned & Jarred Vegetables"
    },
    "weight": "8 oz",
    "UpcCode": "",
    "tax": 0.0,
    "spiceLevel": "",
    "aiselNo": "9",
    "store": "Market Basket",
    "weightType": "8 oz",
    "imageName": "17087.jpg",
    "defaultImage": "17087.jpg",
    "updatedTimestamp": "Jan 23, 2021 8:02:30 PM",
    "createdTimestamp": "Jan 23, 2021 8:02:30 PM",
    "isNewlyAdded": false,
    "isActive": true,
    "isDealsEnabled": false,
    "quantity": 0
  },
  {
    "id": 7617,
    "code": "Del Monte Mandarin Oranges",
    "desc": "Del Monte Mandarin Oranges",
    "shortDesc": "Del Monte Mandarin Oranges",
    "tags": [
      "Canned Fruit & Applesauce"
    ],
    "categories": [
      {
        "code": "Cooking Needs",
        "desc": "Cooking Needs"
      }
    ],
    "subCategories": [
      {
        "code": "Canned Food",
        "desc": "Canned Food"
      }
    ],
    "brands": [
      {
        "code": "Del Monte",
        "desc": "Del Monte"
      }
    ],
    "price": {
      "basePrice": 1.89,
      "discountPrice": 1.89
    },
    "type": {
      "code": "Canned Fruit & Applesauce",
      "desc": "Canned Fruit & Applesauce"
    },
    "weight": "15 oz",
    "UpcCode": "",
    "tax": 0.0,
    "spiceLevel": "",
    "aiselNo": "3",
    "store": "Market Basket",
    "weightType": "15 oz",
    "imageName": "4922.jpg",
    "defaultImage": "4922.jpg",
    "updatedTimestamp": "Jan 23, 2021 8:02:30 PM",
    "createdTimestamp": "Jan 23, 2021 8:02:30 PM",
    "isNewlyAdded": false,
    "isActive": true,
    "isDealsEnabled": false,
    "quantity": 0
  },
  {
    "id": 7634,
    "code": "Dole Tropical Fruit in 100% Fruit Juice",
    "desc": "Dole Tropical Fruit in 100% Fruit Juice",
    "shortDesc": "Dole Tropical Fruit in 100% Fruit Juice",
    "tags": [
      "Canned Fruit & Applesauce"
    ],
    "categories": [
      {
        "code": "Cooking Needs",
        "desc": "Cooking Needs"
      }
    ],
    "subCategories": [
      {
        "code": "Canned Food",
        "desc": "Canned Food"
      }
    ],
    "brands": [
      {
        "code": "Dole",
        "desc": "Dole"
      }
    ],
    "price": {
      "basePrice": 3.09,
      "discountPrice": 3.09
    },
    "type": {
      "code": "Canned Fruit & Applesauce",
      "desc": "Canned Fruit & Applesauce"
    },
    "weight": "23.5 oz",
    "UpcCode": "",
    "tax": 0.0,
    "spiceLevel": "",
    "aiselNo": "3",
    "store": "Market Basket",
    "weightType": "23.5 oz",
    "imageName": "4933.jpg",
    "defaultImage": "4933.jpg",
    "updatedTimestamp": "Jan 23, 2021 8:02:30 PM",
    "createdTimestamp": "Jan 23, 2021 8:02:30 PM",
    "isNewlyAdded": false,
    "isActive": true,
    "isDealsEnabled": false,
    "quantity": 0
  },
  {
    "id": 10171,
    "code": "Market Basket Sparkling Ice",
    "desc": "Market Basket Sparkling Ice",
    "shortDesc": "Market Basket Sparkling Ice",
    "tags": [
      "Ice Cream & Ice"
    ],
    "categories": [
      {
        "code": "Frozen Food",
        "desc": "Frozen Food"
      }
    ],
    "subCategories": [
      {
        "code": "Ice Cream & Ice",
        "desc": "Ice Cream & Ice"
      }
    ],
    "brands": [
      {
        "code": "Market Basket",
        "desc": "Market Basket"
      }
    ],
    "price": {
      "basePrice": 1.29,
      "discountPrice": 1.29
    },
    "type": {
      "code": "Ice Cream & Ice",
      "desc": "Ice Cream & Ice"
    },
    "weight": "5 lb",
    "UpcCode": "",
    "tax": 0.0,
    "spiceLevel": "",
    "aiselNo": "21",
    "store": "Market Basket",
    "weightType": "5 lb",
    "imageName": "Market Basket.jpg",
    "defaultImage": "Market Basket.jpg",
    "updatedTimestamp": "Jan 23, 2021 8:02:30 PM",
    "createdTimestamp": "Jan 23, 2021 8:02:30 PM",
    "isNewlyAdded": false,
    "isActive": true,
    "isDealsEnabled": false,
    "quantity": 0
  },
  {
    "id": 14494,
    "code": "The Organic Coffee Co. Coffee, Ground, Regular Roast, Breakfast Blend",
    "desc": "The Organic Coffee Co. Coffee, Ground, Regular Roast, Breakfast Blend",
    "shortDesc": "The Organic Coffee Co. Coffee, Ground, Regular Roast, Breakfast Blend",
    "tags": [
      "Coffee"
    ],
    "categories": [
      {
        "code": "Breakfast & Dairy",
        "desc": "Breakfast & Dairy"
      }
    ],
    "subCategories": [
      {
        "code": "Tea & Coffee",
        "desc": "Tea & Coffee"
      }
    ],
    "brands": [
      {
        "code": "The Organic Coffee Co.",
        "desc": "The Organic Coffee Co."
      }
    ],
    "price": {
      "basePrice": 7.39,
      "discountPrice": 7.39
    },
    "type": {
      "code": "Coffee",
      "desc": "Coffee"
    },
    "weight": "12 oz",
    "UpcCode": "",
    "tax": 0.0,
    "spiceLevel": "",
    "aiselNo": "8",
    "store": "Market Basket",
    "weightType": "12 oz",
    "imageName": "16306.jpg",
    "defaultImage": "16306.jpg",
    "updatedTimestamp": "Jan 23, 2021 8:02:30 PM",
    "createdTimestamp": "Jan 23, 2021 8:02:30 PM",
    "isNewlyAdded": false,
    "isActive": true,
    "isDealsEnabled": false,
    "quantity": 0
  },
  {
    "id": 10489,
    "code": "Goya Valencia Rice, Enriched, Short Grain",
    "desc": "Goya Valencia Rice, Enriched, Short Grain",
    "shortDesc": "Goya Valencia Rice, Enriched, Short Grain",
    "tags": [
      "Instant Rice"
    ],
    "categories": [
      {
        "code": "Cooking Needs",
        "desc": "Cooking Needs"
      }
    ],
    "subCategories": [
      {
        "code": "Rice & Grains",
        "desc": "Rice & Grains"
      }
    ],
    "brands": [
      {
        "code": "Goya",
        "desc": "Goya"
      }
    ],
    "price": {
      "basePrice": 2.99,
      "discountPrice": 2.99
    },
    "type": {
      "code": "Instant Rice",
      "desc": "Instant Rice"
    },
    "weight": "12 oz",
    "UpcCode": "",
    "tax": 0.0,
    "spiceLevel": "",
    "aiselNo": "7",
    "store": "Market Basket",
    "weightType": "12 oz",
    "imageName": "5739.jpg",
    "defaultImage": "5739.jpg",
    "updatedTimestamp": "Jan 23, 2021 8:02:30 PM",
    "createdTimestamp": "Jan 23, 2021 8:02:30 PM",
    "isNewlyAdded": false,
    "isActive": true,
    "isDealsEnabled": false,
    "quantity": 0
  },
  {
    "id": 6270,
    "code": "Glaceau Vapor Distilled Premium Water Bottle Alkaline",
    "desc": "Glaceau Vapor Distilled Premium Water Bottle Alkaline",
    "shortDesc": "Glaceau Vapor Distilled Premium Water Bottle Alkaline",
    "tags": [
      "Water"
    ],
    "categories": [
      {
        "code": "Beverages & Juices",
        "desc": "Beverages & Juices"
      }
    ],
    "subCategories": [
      {
        "code": "Water",
        "desc": "Water"
      }
    ],
    "brands": [
      {
        "code": "Glaceau",
        "desc": "Glaceau"
      }
    ],
    "price": {
      "basePrice": 9.99,
      "discountPrice": 9.99
    },
    "type": {
      "code": "Water",
      "desc": "Water"
    },
    "weight": "6 x 1 L",
    "UpcCode": "",
    "tax": 0.0,
    "spiceLevel": "",
    "aiselNo": "11",
    "store": "Market Basket",
    "weightType": "6 x 1 L",
    "imageName": "No Image.jpg",
    "defaultImage": "No Image.jpg",
    "updatedTimestamp": "Jan 23, 2021 8:02:30 PM",
    "createdTimestamp": "Jan 23, 2021 8:02:30 PM",
    "isNewlyAdded": false,
    "isActive": true,
    "isDealsEnabled": false,
    "quantity": 0
  },
  {
    "id": 7345,
    "code": "McCormick Pure Orange Extract",
    "desc": "McCormick Pure Orange Extract",
    "shortDesc": "McCormick Pure Orange Extract",
    "tags": [
      "Spices & Seasonings"
    ],
    "categories": [
      {
        "code": "Cooking Needs",
        "desc": "Cooking Needs"
      }
    ],
    "subCategories": [
      {
        "code": "Spices & Seasonings",
        "desc": "Spices & Seasonings"
      }
    ],
    "brands": [
      {
        "code": "McCormick",
        "desc": "McCormick"
      }
    ],
    "price": {
      "basePrice": 3.69,
      "discountPrice": 3.69
    },
    "type": {
      "code": "Spices & Seasonings",
      "desc": "Spices & Seasonings"
    },
    "weight": "1 fl oz",
    "UpcCode": "",
    "tax": 0.0,
    "spiceLevel": "",
    "aiselNo": "9",
    "store": "Market Basket",
    "weightType": "1 fl oz",
    "imageName": "2170.jpg",
    "defaultImage": "2170.jpg",
    "updatedTimestamp": "Jan 23, 2021 8:02:30 PM",
    "createdTimestamp": "Jan 23, 2021 8:02:30 PM",
    "isNewlyAdded": false,
    "isActive": true,
    "isDealsEnabled": false,
    "quantity": 0
  },
  {
    "id": 4525,
    "code": "Smithfield Hardwood Smoked Ham",
    "desc": "Smithfield Hardwood Smoked Ham",
    "shortDesc": "Smithfield Hardwood Smoked Ham",
    "tags": [
      "Ham"
    ],
    "categories": [
      {
        "code": "Meat & Seafood",
        "desc": "Meat & Seafood"
      }
    ],
    "subCategories": [
      {
        "code": "Lunch Meat",
        "desc": "Lunch Meat"
      }
    ],
    "brands": [
      {
        "code": "Smithfield",
        "desc": "Smithfield"
      }
    ],
    "price": {
      "basePrice": 31.9,
      "discountPrice": 31.9
    },
    "type": {
      "code": "Ham",
      "desc": "Ham"
    },
    "weight": "Approx: 10.0 lb at $3.19/lb",
    "UpcCode": "",
    "tax": 0.0,
    "spiceLevel": "",
    "aiselNo": "22",
    "store": "Market Basket",
    "weightType": "Approx: 10.0 lb at $3.19/lb",
    "imageName": "No Image.jpg",
    "defaultImage": "No Image.jpg",
    "updatedTimestamp": "Jan 23, 2021 8:02:30 PM",
    "createdTimestamp": "Jan 23, 2021 8:02:30 PM",
    "isNewlyAdded": false,
    "isActive": true,
    "isDealsEnabled": false,
    "quantity": 0
  },
  {
    "id": 10037,
    "code": "Friendly's Premium Ice Cream Chocolate 'n Vanilla",
    "desc": "Friendly's Premium Ice Cream Chocolate 'n Vanilla",
    "shortDesc": "Friendly's Premium Ice Cream Chocolate 'n Vanilla",
    "tags": [
      "Ice Cream & Ice"
    ],
    "categories": [
      {
        "code": "Frozen Food",
        "desc": "Frozen Food"
      }
    ],
    "subCategories": [
      {
        "code": "Ice Cream & Ice",
        "desc": "Ice Cream & Ice"
      }
    ],
    "brands": [
      {
        "code": "Friendly's",
        "desc": "Friendly's"
      }
    ],
    "price": {
      "basePrice": 3.69,
      "discountPrice": 3.69
    },
    "type": {
      "code": "Ice Cream & Ice",
      "desc": "Ice Cream & Ice"
    },
    "weight": "1.5 quart",
    "UpcCode": "",
    "tax": 0.0,
    "spiceLevel": "",
    "aiselNo": "21",
    "store": "Market Basket",
    "weightType": "1.5 quart",
    "imageName": "3047.jpg",
    "defaultImage": "3047.jpg",
    "updatedTimestamp": "Jan 23, 2021 8:02:30 PM",
    "createdTimestamp": "Jan 23, 2021 8:02:30 PM",
    "isNewlyAdded": false,
    "isActive": true,
    "isDealsEnabled": false,
    "quantity": 0
  },
  {
    "id": 8399,
    "code": "Crockery Gourmet Seasoning Mix For Beef",
    "desc": "Crockery Gourmet Seasoning Mix For Beef",
    "shortDesc": "Crockery Gourmet Seasoning Mix For Beef",
    "tags": [
      "Marinades & Meat Preparation"
    ],
    "categories": [
      {
        "code": "Condiments & Dressings",
        "desc": "Condiments & Dressings"
      }
    ],
    "subCategories": [
      {
        "code": "Marinades, Ketchup & Sauces",
        "desc": "Marinades, Ketchup & Sauces"
      }
    ],
    "brands": [
      {
        "code": "Crockery Gourmet",
        "desc": "Crockery Gourmet"
      }
    ],
    "price": {
      "basePrice": 2.19,
      "discountPrice": 2.19
    },
    "type": {
      "code": "Marinades & Meat Preparation",
      "desc": "Marinades & Meat Preparation"
    },
    "weight": "2.5 oz",
    "UpcCode": "",
    "tax": 0.0,
    "spiceLevel": "",
    "aiselNo": "9",
    "store": "Market Basket",
    "weightType": "2.5 oz",
    "imageName": "15564.jpg",
    "defaultImage": "15564.jpg",
    "updatedTimestamp": "Jan 23, 2021 8:02:30 PM",
    "createdTimestamp": "Jan 23, 2021 8:02:30 PM",
    "isNewlyAdded": false,
    "isActive": true,
    "isDealsEnabled": false,
    "quantity": 0
  },
  {
    "id": 9028,
    "code": "Polaner All Fruit Spreadable Fruit Seedless Raspberry",
    "desc": "Polaner All Fruit Spreadable Fruit Seedless Raspberry",
    "shortDesc": "Polaner All Fruit Spreadable Fruit Seedless Raspberry",
    "tags": [
      "Spreads"
    ],
    "categories": [
      {
        "code": "Condiments & Dressings",
        "desc": "Condiments & Dressings"
      }
    ],
    "subCategories": [
      {
        "code": "Preserved Dips & Spreads",
        "desc": "Preserved Dips & Spreads"
      }
    ],
    "brands": [
      {
        "code": "Polaner",
        "desc": "Polaner"
      }
    ],
    "price": {
      "basePrice": 3.69,
      "discountPrice": 3.69
    },
    "type": {
      "code": "Spreads",
      "desc": "Spreads"
    },
    "weight": "10 oz",
    "UpcCode": "",
    "tax": 0.0,
    "spiceLevel": "",
    "aiselNo": "3",
    "store": "Market Basket",
    "weightType": "10 oz",
    "imageName": "1672.jpg",
    "defaultImage": "1672.jpg",
    "updatedTimestamp": "Jan 23, 2021 8:02:30 PM",
    "createdTimestamp": "Jan 23, 2021 8:02:30 PM",
    "isNewlyAdded": false,
    "isActive": true,
    "isDealsEnabled": false,
    "quantity": 0
  },
  {
    "id": 8034,
    "code": "Lipton Soup And Dip Mix Golden Onion",
    "desc": "Lipton Soup And Dip Mix Golden Onion",
    "shortDesc": "Lipton Soup And Dip Mix Golden Onion",
    "tags": [
      "Soup, Broth & Bouillon"
    ],
    "categories": [
      {
        "code": "Cooking Needs",
        "desc": "Cooking Needs"
      }
    ],
    "subCategories": [
      {
        "code": "Canned Food",
        "desc": "Canned Food"
      }
    ],
    "brands": [
      {
        "code": "Lipton",
        "desc": "Lipton"
      }
    ],
    "price": {
      "basePrice": 1.89,
      "discountPrice": 1.89
    },
    "type": {
      "code": "Soup, Broth & Bouillon",
      "desc": "Soup, Broth & Bouillon"
    },
    "weight": "2.6 oz",
    "UpcCode": "",
    "tax": 0.0,
    "spiceLevel": "",
    "aiselNo": "2",
    "store": "Market Basket",
    "weightType": "2.6 oz",
    "imageName": "17185.jpg",
    "defaultImage": "17185.jpg",
    "updatedTimestamp": "Jan 23, 2021 8:02:30 PM",
    "createdTimestamp": "Jan 23, 2021 8:02:30 PM",
    "isNewlyAdded": false,
    "isActive": true,
    "isDealsEnabled": false,
    "quantity": 0
  },
  {
    "id": 15348,
    "code": "Nature Made Vitamin D3 2000 IU (50 mcg) Tablets",
    "desc": "Nature Made Vitamin D3 2000 IU (50 mcg) Tablets",
    "shortDesc": "Nature Made Vitamin D3 2000 IU (50 mcg) Tablets",
    "tags": [
      "Vitamins & Supplements"
    ],
    "categories": [
      {
        "code": "Personal Care",
        "desc": "Personal Care"
      }
    ],
    "subCategories": [
      {
        "code": "Vitamins & Proteins",
        "desc": "Vitamins & Proteins"
      }
    ],
    "brands": [
      {
        "code": "Nature Made",
        "desc": "Nature Made"
      }
    ],
    "price": {
      "basePrice": 14.02,
      "discountPrice": 14.02
    },
    "type": {
      "code": "Vitamins & Supplements",
      "desc": "Vitamins & Supplements"
    },
    "weight": "220 count",
    "UpcCode": "",
    "tax": 1.0,
    "spiceLevel": "",
    "aiselNo": "13",
    "store": "Market Basket",
    "weightType": "220 count",
    "imageName": "18197.jpg",
    "defaultImage": "18197.jpg",
    "updatedTimestamp": "Jan 23, 2021 8:02:30 PM",
    "createdTimestamp": "Jan 23, 2021 8:02:30 PM",
    "isNewlyAdded": false,
    "isActive": true,
    "isDealsEnabled": false,
    "quantity": 0
  },
  {
    "id": 8149,
    "code": "Wolfgang Puck Tomato Basil Bisque Organic Soup",
    "desc": "Wolfgang Puck Tomato Basil Bisque Organic Soup",
    "shortDesc": "Wolfgang Puck Tomato Basil Bisque Organic Soup",
    "tags": [
      "Soup, Broth & Bouillon"
    ],
    "categories": [
      {
        "code": "Cooking Needs",
        "desc": "Cooking Needs"
      }
    ],
    "subCategories": [
      {
        "code": "Canned Food",
        "desc": "Canned Food"
      }
    ],
    "brands": [
      {
        "code": "Wolfgang Puck",
        "desc": "Wolfgang Puck"
      }
    ],
    "price": {
      "basePrice": 3.49,
      "discountPrice": 3.49
    },
    "type": {
      "code": "Soup, Broth & Bouillon",
      "desc": "Soup, Broth & Bouillon"
    },
    "weight": "14.5 oz",
    "UpcCode": "",
    "tax": 0.0,
    "spiceLevel": "",
    "aiselNo": "2",
    "store": "Market Basket",
    "weightType": "14.5 oz",
    "imageName": "17255.jpg",
    "defaultImage": "17255.jpg",
    "updatedTimestamp": "Jan 23, 2021 8:02:30 PM",
    "createdTimestamp": "Jan 23, 2021 8:02:30 PM",
    "isNewlyAdded": false,
    "isActive": true,
    "isDealsEnabled": false,
    "quantity": 0
  },
  {
    "id": 8549,
    "code": "Mazola Corn Oil Cholesterol Free",
    "desc": "Mazola Corn Oil Cholesterol Free",
    "shortDesc": "Mazola Corn Oil Cholesterol Free",
    "tags": [
      "Oils & Vinegars"
    ],
    "categories": [
      {
        "code": "Cooking Needs",
        "desc": "Cooking Needs"
      }
    ],
    "subCategories": [
      {
        "code": "Oils & Vinegars",
        "desc": "Oils & Vinegars"
      }
    ],
    "brands": [
      {
        "code": "Mazola",
        "desc": "Mazola"
      }
    ],
    "price": {
      "basePrice": 10.99,
      "discountPrice": 10.99
    },
    "type": {
      "code": "Oils & Vinegars",
      "desc": "Oils & Vinegars"
    },
    "weight": "128 fl oz",
    "UpcCode": "",
    "tax": 0.0,
    "spiceLevel": "",
    "aiselNo": "2",
    "store": "Market Basket",
    "weightType": "128 fl oz",
    "imageName": "15488.jpg",
    "defaultImage": "15488.jpg",
    "updatedTimestamp": "Jan 23, 2021 8:02:30 PM",
    "createdTimestamp": "Jan 23, 2021 8:02:30 PM",
    "isNewlyAdded": false,
    "isActive": true,
    "isDealsEnabled": false,
    "quantity": 0
  },
  {
    "id": 7528,
    "code": "Market Basket Small Early Peas",
    "desc": "Market Basket Small Early Peas",
    "shortDesc": "Market Basket Small Early Peas",
    "tags": [
      "Canned & Jarred Vegetables"
    ],
    "categories": [
      {
        "code": "Cooking Needs",
        "desc": "Cooking Needs"
      }
    ],
    "subCategories": [
      {
        "code": "Canned Food",
        "desc": "Canned Food"
      }
    ],
    "brands": [
      {
        "code": "Market Basket",
        "desc": "Market Basket"
      }
    ],
    "price": {
      "basePrice": 0.79,
      "discountPrice": 0.79
    },
    "type": {
      "code": "Canned & Jarred Vegetables",
      "desc": "Canned & Jarred Vegetables"
    },
    "weight": "8 oz",
    "UpcCode": "",
    "tax": 0.0,
    "spiceLevel": "",
    "aiselNo": "9",
    "store": "Market Basket",
    "weightType": "8 oz",
    "imageName": "Market Basket.jpg",
    "defaultImage": "Market Basket.jpg",
    "updatedTimestamp": "Jan 23, 2021 8:02:30 PM",
    "createdTimestamp": "Jan 23, 2021 8:02:30 PM",
    "isNewlyAdded": false,
    "isActive": true,
    "isDealsEnabled": false,
    "quantity": 0
  },
  {
    "id": 7785,
    "code": "Market Basket Chick Peas",
    "desc": "Market Basket Chick Peas",
    "shortDesc": "Market Basket Chick Peas",
    "tags": [
      "Canned Meals & Beans"
    ],
    "categories": [
      {
        "code": "Cooking Needs",
        "desc": "Cooking Needs"
      }
    ],
    "subCategories": [
      {
        "code": "Canned Food",
        "desc": "Canned Food"
      }
    ],
    "brands": [
      {
        "code": "Market Basket",
        "desc": "Market Basket"
      }
    ],
    "price": {
      "basePrice": 1.49,
      "discountPrice": 1.49
    },
    "type": {
      "code": "Canned Meals & Beans",
      "desc": "Canned Meals & Beans"
    },
    "weight": "29 oz",
    "UpcCode": "",
    "tax": 0.0,
    "spiceLevel": "",
    "aiselNo": "2",
    "store": "Market Basket",
    "weightType": "29 oz",
    "imageName": "Market Basket.jpg",
    "defaultImage": "Market Basket.jpg",
    "updatedTimestamp": "Jan 23, 2021 8:02:30 PM",
    "createdTimestamp": "Jan 23, 2021 8:02:30 PM",
    "isNewlyAdded": false,
    "isActive": true,
    "isDealsEnabled": false,
    "quantity": 0
  },
  {
    "id": 9965,
    "code": "Ben & Jerry's Vanilla",
    "desc": "Ben & Jerry's Vanilla",
    "shortDesc": "Ben & Jerry's Vanilla",
    "tags": [
      "Ice Cream & Ice"
    ],
    "categories": [
      {
        "code": "Frozen Food",
        "desc": "Frozen Food"
      }
    ],
    "subCategories": [
      {
        "code": "Ice Cream & Ice",
        "desc": "Ice Cream & Ice"
      }
    ],
    "brands": [
      {
        "code": "Ben & Jerry's",
        "desc": "Ben & Jerry's"
      }
    ],
    "price": {
      "basePrice": 4.09,
      "discountPrice": 4.09
    },
    "type": {
      "code": "Ice Cream & Ice",
      "desc": "Ice Cream & Ice"
    },
    "weight": "1 pint",
    "UpcCode": "",
    "tax": 0.0,
    "spiceLevel": "",
    "aiselNo": "21",
    "store": "Market Basket",
    "weightType": "1 pint",
    "imageName": "Market Basket.jpg",
    "defaultImage": "Market Basket.jpg",
    "updatedTimestamp": "Jan 23, 2021 8:02:30 PM",
    "createdTimestamp": "Jan 23, 2021 8:02:30 PM",
    "isNewlyAdded": false,
    "isActive": true,
    "isDealsEnabled": false,
    "quantity": 0
  },
  {
    "id": 5290,
    "code": "Pringles Original Lunch 12 Pack",
    "desc": "Pringles Original Lunch 12 Pack",
    "shortDesc": "Pringles Original Lunch 12 Pack",
    "tags": [
      "Chips & Pretzels"
    ],
    "categories": [
      {
        "code": "Chips, Cookies & Snacks",
        "desc": "Chips, Cookies & Snacks"
      }
    ],
    "subCategories": [
      {
        "code": "Chips & Fruit Snacks",
        "desc": "Chips & Fruit Snacks"
      }
    ],
    "brands": [
      {
        "code": "Pringles",
        "desc": "Pringles"
      }
    ],
    "price": {
      "basePrice": 7.8,
      "discountPrice": 7.8
    },
    "type": {
      "code": "Chips & Pretzels",
      "desc": "Chips & Pretzels"
    },
    "weight": "12 x 0.67 oz",
    "UpcCode": "",
    "tax": 0.0,
    "spiceLevel": "",
    "aiselNo": "0",
    "store": "Market Basket",
    "weightType": "12 x 0.67 oz",
    "imageName": "No Image.jpg",
    "defaultImage": "No Image.jpg",
    "updatedTimestamp": "Jan 23, 2021 8:02:30 PM",
    "createdTimestamp": "Jan 23, 2021 8:02:30 PM",
    "isNewlyAdded": false,
    "isActive": true,
    "isDealsEnabled": false,
    "quantity": 0
  },
  {
    "id": 7556,
    "code": "Aunt Nellie's Whole Holland Style Onions",
    "desc": "Aunt Nellie's Whole Holland Style Onions",
    "shortDesc": "Aunt Nellie's Whole Holland Style Onions",
    "tags": [
      "Canned & Jarred Vegetables"
    ],
    "categories": [
      {
        "code": "Cooking Needs",
        "desc": "Cooking Needs"
      }
    ],
    "subCategories": [
      {
        "code": "Canned Food",
        "desc": "Canned Food"
      }
    ],
    "brands": [
      {
        "code": "Nellie's",
        "desc": "Nellie's"
      }
    ],
    "price": {
      "basePrice": 1.59,
      "discountPrice": 1.59
    },
    "type": {
      "code": "Canned & Jarred Vegetables",
      "desc": "Canned & Jarred Vegetables"
    },
    "weight": "15 oz",
    "UpcCode": "",
    "tax": 0.0,
    "spiceLevel": "",
    "aiselNo": "9",
    "store": "Market Basket",
    "weightType": "15 oz",
    "imageName": "17115.jpg",
    "defaultImage": "17115.jpg",
    "updatedTimestamp": "Jan 23, 2021 8:02:30 PM",
    "createdTimestamp": "Jan 23, 2021 8:02:30 PM",
    "isNewlyAdded": false,
    "isActive": true,
    "isDealsEnabled": false,
    "quantity": 0
  },
  {
    "id": 9046,
    "code": "Smucker's Organic Peanut Butter Creamy",
    "desc": "Smucker's Organic Peanut Butter Creamy",
    "shortDesc": "Smucker's Organic Peanut Butter Creamy",
    "tags": [
      "Spreads"
    ],
    "categories": [
      {
        "code": "Condiments & Dressings",
        "desc": "Condiments & Dressings"
      }
    ],
    "subCategories": [
      {
        "code": "Preserved Dips & Spreads",
        "desc": "Preserved Dips & Spreads"
      }
    ],
    "brands": [
      {
        "code": "Smucker's",
        "desc": "Smucker's"
      }
    ],
    "price": {
      "basePrice": 6.09,
      "discountPrice": 6.09
    },
    "type": {
      "code": "Spreads",
      "desc": "Spreads"
    },
    "weight": "16 oz",
    "UpcCode": "",
    "tax": 0.0,
    "spiceLevel": "",
    "aiselNo": "3",
    "store": "Market Basket",
    "weightType": "16 oz",
    "imageName": "1617.jpg",
    "defaultImage": "1617.jpg",
    "updatedTimestamp": "Jan 23, 2021 8:02:30 PM",
    "createdTimestamp": "Jan 23, 2021 8:02:30 PM",
    "isNewlyAdded": false,
    "isActive": true,
    "isDealsEnabled": false,
    "quantity": 0
  },
  {
    "id": 3846,
    "code": "Endives",
    "desc": "Endives",
    "shortDesc": "Endives",
    "tags": [
      "Endives"
    ],
    "categories": [
      {
        "code": "Fresh Produce",
        "desc": "Fresh Produce"
      }
    ],
    "subCategories": [
      {
        "code": "Fresh Vegetables",
        "desc": "Fresh Vegetables"
      }
    ],
    "brands": [
      {
        "code": "Market Basket",
        "desc": "Market Basket"
      }
    ],
    "price": {
      "basePrice": 3.99,
      "discountPrice": 3.99
    },
    "type": {
      "code": "Endives",
      "desc": "Endives"
    },
    "weight": "3 count",
    "UpcCode": "",
    "tax": 0.0,
    "spiceLevel": "",
    "aiselNo": "20",
    "store": "Market Basket",
    "weightType": "3 count",
    "imageName": "14386.jpg",
    "defaultImage": "14386.jpg",
    "updatedTimestamp": "Jan 23, 2021 8:02:30 PM",
    "createdTimestamp": "Jan 23, 2021 8:02:30 PM",
    "isNewlyAdded": false,
    "isActive": true,
    "isDealsEnabled": false,
    "quantity": 0
  },
  {
    "id": 12837,
    "code": "Market Basket Multigrain English Muffins",
    "desc": "Market Basket Multigrain English Muffins",
    "shortDesc": "Market Basket Multigrain English Muffins",
    "tags": [
      "Muffin"
    ],
    "categories": [
      {
        "code": "Breakfast & Dairy",
        "desc": "Breakfast & Dairy"
      }
    ],
    "subCategories": [
      {
        "code": "Breads & Rolls",
        "desc": "Breads & Rolls"
      }
    ],
    "brands": [
      {
        "code": "Market Basket",
        "desc": "Market Basket"
      }
    ],
    "price": {
      "basePrice": 1.59,
      "discountPrice": 1.59
    },
    "type": {
      "code": "Muffin",
      "desc": "Muffin"
    },
    "weight": "12 oz",
    "UpcCode": "",
    "tax": 0.0,
    "spiceLevel": "",
    "aiselNo": "0",
    "store": "Market Basket",
    "weightType": "12 oz",
    "imageName": "Market Basket.jpg",
    "defaultImage": "Market Basket.jpg",
    "updatedTimestamp": "Jan 23, 2021 8:02:30 PM",
    "createdTimestamp": "Jan 23, 2021 8:02:30 PM",
    "isNewlyAdded": false,
    "isActive": true,
    "isDealsEnabled": false,
    "quantity": 0
  },
  {
    "id": 14818,
    "code": "White Rain Extra Hold Hair Spray Unscented",
    "desc": "White Rain Extra Hold Hair Spray Unscented",
    "shortDesc": "White Rain Extra Hold Hair Spray Unscented",
    "tags": [
      "Hair Care"
    ],
    "categories": [
      {
        "code": "Personal Care",
        "desc": "Personal Care"
      }
    ],
    "subCategories": [
      {
        "code": "Body Wash, Soap & Hair Care",
        "desc": "Body Wash, Soap & Hair Care"
      }
    ],
    "brands": [
      {
        "code": "White Rain",
        "desc": "White Rain"
      }
    ],
    "price": {
      "basePrice": 1.83,
      "discountPrice": 1.83
    },
    "type": {
      "code": "Hair Care",
      "desc": "Hair Care"
    },
    "weight": "7 oz",
    "UpcCode": "",
    "tax": 1.0,
    "spiceLevel": "",
    "aiselNo": "13",
    "store": "Market Basket",
    "weightType": "7 oz",
    "imageName": "6601.jpg",
    "defaultImage": "6601.jpg",
    "updatedTimestamp": "Jan 23, 2021 8:02:30 PM",
    "createdTimestamp": "Jan 23, 2021 8:02:30 PM",
    "isNewlyAdded": false,
    "isActive": true,
    "isDealsEnabled": false,
    "quantity": 0
  },
  {
    "id": 13393,
    "code": "Tropical Crema Salvadorena",
    "desc": "Tropical Crema Salvadorena",
    "shortDesc": "Tropical Crema Salvadorena",
    "tags": [
      "Cream"
    ],
    "categories": [
      {
        "code": "Breakfast & Dairy",
        "desc": "Breakfast & Dairy"
      }
    ],
    "subCategories": [
      {
        "code": "Dairy & Eggs",
        "desc": "Dairy & Eggs"
      }
    ],
    "brands": [
      {
        "code": "Tropical",
        "desc": "Tropical"
      }
    ],
    "price": {
      "basePrice": 3.69,
      "discountPrice": 3.69
    },
    "type": {
      "code": "Cream",
      "desc": "Cream"
    },
    "weight": "14 oz",
    "UpcCode": "",
    "tax": 0.0,
    "spiceLevel": "",
    "aiselNo": "1",
    "store": "Market Basket",
    "weightType": "14 oz",
    "imageName": "14752.jpg",
    "defaultImage": "14752.jpg",
    "updatedTimestamp": "Jan 23, 2021 8:02:30 PM",
    "createdTimestamp": "Jan 23, 2021 8:02:30 PM",
    "isNewlyAdded": false,
    "isActive": true,
    "isDealsEnabled": false,
    "quantity": 0
  },
  {
    "id": 3465,
    "code": "Papaya",
    "desc": "Papaya",
    "shortDesc": "Papaya",
    "tags": [
      "Papaya"
    ],
    "categories": [
      {
        "code": "Fresh Produce",
        "desc": "Fresh Produce"
      }
    ],
    "subCategories": [
      {
        "code": "Fresh Fruits",
        "desc": "Fresh Fruits"
      }
    ],
    "brands": [
      {
        "code": "Market Basket",
        "desc": "Market Basket"
      }
    ],
    "price": {
      "basePrice": 1.64,
      "discountPrice": 1.64
    },
    "type": {
      "code": "Papaya",
      "desc": "Papaya"
    },
    "weight": "1 count",
    "UpcCode": "",
    "tax": 0.0,
    "spiceLevel": "",
    "aiselNo": "20",
    "store": "Market Basket",
    "weightType": "1 count",
    "imageName": "f48.jpg",
    "defaultImage": "f48.jpg",
    "updatedTimestamp": "Jan 23, 2021 8:02:30 PM",
    "createdTimestamp": "Jan 23, 2021 8:02:30 PM",
    "isNewlyAdded": false,
    "isActive": true,
    "isDealsEnabled": false,
    "quantity": 0
  },
  {
    "id": 7818,
    "code": "Bumble Bee Fancy Lump Crabmeat",
    "desc": "Bumble Bee Fancy Lump Crabmeat",
    "shortDesc": "Bumble Bee Fancy Lump Crabmeat",
    "tags": [
      "Canned Meat & Seafood"
    ],
    "categories": [
      {
        "code": "Cooking Needs",
        "desc": "Cooking Needs"
      }
    ],
    "subCategories": [
      {
        "code": "Canned Food",
        "desc": "Canned Food"
      }
    ],
    "brands": [
      {
        "code": "Bumble Bee",
        "desc": "Bumble Bee"
      }
    ],
    "price": {
      "basePrice": 4.89,
      "discountPrice": 4.89
    },
    "type": {
      "code": "Canned Meat & Seafood",
      "desc": "Canned Meat & Seafood"
    },
    "weight": "6 oz",
    "UpcCode": "",
    "tax": 0.0,
    "spiceLevel": "",
    "aiselNo": "2",
    "store": "Market Basket",
    "weightType": "6 oz",
    "imageName": "5191.jpg",
    "defaultImage": "5191.jpg",
    "updatedTimestamp": "Jan 23, 2021 8:02:30 PM",
    "createdTimestamp": "Jan 23, 2021 8:02:30 PM",
    "isNewlyAdded": false,
    "isActive": true,
    "isDealsEnabled": false,
    "quantity": 0
  },
  {
    "id": 7680,
    "code": "Sunsweet Ss Prns Bte Sz Ptd Cnst",
    "desc": "Sunsweet Ss Prns Bte Sz Ptd Cnst",
    "shortDesc": "Sunsweet Ss Prns Bte Sz Ptd Cnst",
    "tags": [
      "Canned Fruit & Applesauce"
    ],
    "categories": [
      {
        "code": "Cooking Needs",
        "desc": "Cooking Needs"
      }
    ],
    "subCategories": [
      {
        "code": "Canned Food",
        "desc": "Canned Food"
      }
    ],
    "brands": [
      {
        "code": "Sunsweet",
        "desc": "Sunsweet"
      }
    ],
    "price": {
      "basePrice": 5.79,
      "discountPrice": 5.79
    },
    "type": {
      "code": "Canned Fruit & Applesauce",
      "desc": "Canned Fruit & Applesauce"
    },
    "weight": "16 oz",
    "UpcCode": "",
    "tax": 0.0,
    "spiceLevel": "",
    "aiselNo": "3",
    "store": "Market Basket",
    "weightType": "16 oz",
    "imageName": "17073.jpg",
    "defaultImage": "17073.jpg",
    "updatedTimestamp": "Jan 23, 2021 8:02:30 PM",
    "createdTimestamp": "Jan 23, 2021 8:02:30 PM",
    "isNewlyAdded": false,
    "isActive": true,
    "isDealsEnabled": false,
    "quantity": 0
  },
  {
    "id": 7622,
    "code": "Del Monte No Sugar Added Sliced Peaches",
    "desc": "Del Monte No Sugar Added Sliced Peaches",
    "shortDesc": "Del Monte No Sugar Added Sliced Peaches",
    "tags": [
      "Canned Fruit & Applesauce"
    ],
    "categories": [
      {
        "code": "Cooking Needs",
        "desc": "Cooking Needs"
      }
    ],
    "subCategories": [
      {
        "code": "Canned Food",
        "desc": "Canned Food"
      }
    ],
    "brands": [
      {
        "code": "Del Monte",
        "desc": "Del Monte"
      }
    ],
    "price": {
      "basePrice": 1.59,
      "discountPrice": 1.59
    },
    "type": {
      "code": "Canned Fruit & Applesauce",
      "desc": "Canned Fruit & Applesauce"
    },
    "weight": "14.5 oz",
    "UpcCode": "",
    "tax": 0.0,
    "spiceLevel": "",
    "aiselNo": "3",
    "store": "Market Basket",
    "weightType": "14.5 oz",
    "imageName": "4906.jpg",
    "defaultImage": "4906.jpg",
    "updatedTimestamp": "Jan 23, 2021 8:02:30 PM",
    "createdTimestamp": "Jan 23, 2021 8:02:30 PM",
    "isNewlyAdded": false,
    "isActive": true,
    "isDealsEnabled": false,
    "quantity": 0
  },
  {
    "id": 326,
    "code": "Market Basket Freezer Resealable Bags",
    "desc": "Market Basket Freezer Resealable Bags",
    "shortDesc": "Market Basket Freezer Resealable Bags",
    "tags": [
      "Storage Bags"
    ],
    "categories": [
      {
        "code": "Kitchen & Cleaning",
        "desc": "Kitchen & Cleaning"
      }
    ],
    "subCategories": [
      {
        "code": "Food Storage & Kitchen Supplies",
        "desc": "Food Storage & Kitchen Supplies"
      }
    ],
    "brands": [
      {
        "code": "Market Basket",
        "desc": "Market Basket"
      }
    ],
    "price": {
      "basePrice": 3.09,
      "discountPrice": 3.09
    },
    "type": {
      "code": "Storage Bags",
      "desc": "Storage Bags"
    },
    "weight": "30 count",
    "UpcCode": "",
    "tax": 1.0,
    "spiceLevel": "",
    "aiselNo": "12",
    "store": "Market Basket",
    "weightType": "30 count",
    "imageName": "Market Basket.jpg",
    "defaultImage": "Market Basket.jpg",
    "updatedTimestamp": "Jan 23, 2021 8:02:30 PM",
    "createdTimestamp": "Jan 23, 2021 8:02:30 PM",
    "isNewlyAdded": false,
    "isActive": true,
    "isDealsEnabled": false,
    "quantity": 0
  },
  {
    "id": 6916,
    "code": "Stevia In The Raw Zero Calorie Sweetener",
    "desc": "Stevia In The Raw Zero Calorie Sweetener",
    "shortDesc": "Stevia In The Raw Zero Calorie Sweetener",
    "tags": [
      "Baking Ingredients"
    ],
    "categories": [
      {
        "code": "Cooking Needs",
        "desc": "Cooking Needs"
      }
    ],
    "subCategories": [
      {
        "code": "Baking & Cooking",
        "desc": "Baking & Cooking"
      }
    ],
    "brands": [
      {
        "code": "Stevia in the Raw",
        "desc": "Stevia in the Raw"
      }
    ],
    "price": {
      "basePrice": 8.09,
      "discountPrice": 8.09
    },
    "type": {
      "code": "Baking Ingredients",
      "desc": "Baking Ingredients"
    },
    "weight": "9.7 oz",
    "UpcCode": "",
    "tax": 0.0,
    "spiceLevel": "",
    "aiselNo": "8",
    "store": "Market Basket",
    "weightType": "9.7 oz",
    "imageName": "15737.jpg",
    "defaultImage": "15737.jpg",
    "updatedTimestamp": "Jan 23, 2021 8:02:30 PM",
    "createdTimestamp": "Jan 23, 2021 8:02:30 PM",
    "isNewlyAdded": false,
    "isActive": true,
    "isDealsEnabled": false,
    "quantity": 0
  },
  {
    "id": 14792,
    "code": "Suave Non Aerosol Hairspray Max Hold",
    "desc": "Suave Non Aerosol Hairspray Max Hold",
    "shortDesc": "Suave Non Aerosol Hairspray Max Hold",
    "tags": [
      "Hair Care"
    ],
    "categories": [
      {
        "code": "Personal Care",
        "desc": "Personal Care"
      }
    ],
    "subCategories": [
      {
        "code": "Body Wash, Soap & Hair Care",
        "desc": "Body Wash, Soap & Hair Care"
      }
    ],
    "brands": [
      {
        "code": "Suave",
        "desc": "Suave"
      }
    ],
    "price": {
      "basePrice": 4.24,
      "discountPrice": 4.24
    },
    "type": {
      "code": "Hair Care",
      "desc": "Hair Care"
    },
    "weight": "11 oz",
    "UpcCode": "",
    "tax": 1.0,
    "spiceLevel": "",
    "aiselNo": "13",
    "store": "Market Basket",
    "weightType": "11 oz",
    "imageName": "18175.jpg",
    "defaultImage": "18175.jpg",
    "updatedTimestamp": "Jan 23, 2021 8:02:30 PM",
    "createdTimestamp": "Jan 23, 2021 8:02:30 PM",
    "isNewlyAdded": false,
    "isActive": true,
    "isDealsEnabled": false,
    "quantity": 0
  },
  {
    "id": 3688,
    "code": "Navel Orange Bag",
    "desc": "Navel Orange Bag",
    "shortDesc": "Navel Orange Bag",
    "tags": [
      "Orange"
    ],
    "categories": [
      {
        "code": "Fresh Produce",
        "desc": "Fresh Produce"
      }
    ],
    "subCategories": [
      {
        "code": "Fresh Fruits",
        "desc": "Fresh Fruits"
      }
    ],
    "brands": [
      {
        "code": "Market Basket",
        "desc": "Market Basket"
      }
    ],
    "price": {
      "basePrice": 7.0,
      "discountPrice": 7.0
    },
    "type": {
      "code": "Orange",
      "desc": "Orange"
    },
    "weight": "4 lb bag",
    "UpcCode": "",
    "tax": 0.0,
    "spiceLevel": "",
    "aiselNo": "20",
    "store": "Market Basket",
    "weightType": "4 lb bag",
    "imageName": "14272.jpg",
    "defaultImage": "14272.jpg",
    "updatedTimestamp": "Jan 23, 2021 8:02:30 PM",
    "createdTimestamp": "Jan 23, 2021 8:02:30 PM",
    "isNewlyAdded": false,
    "isActive": true,
    "isDealsEnabled": false,
    "quantity": 0
  },
  {
    "id": 10421,
    "code": "Goya Red Kidney Beans",
    "desc": "Goya Red Kidney Beans",
    "shortDesc": "Goya Red Kidney Beans",
    "tags": [
      "Canned Food"
    ],
    "categories": [
      {
        "code": "Cooking Needs",
        "desc": "Cooking Needs"
      }
    ],
    "subCategories": [
      {
        "code": "Canned Food",
        "desc": "Canned Food"
      }
    ],
    "brands": [
      {
        "code": "Goya",
        "desc": "Goya"
      }
    ],
    "price": {
      "basePrice": 7.99,
      "discountPrice": 7.99
    },
    "type": {
      "code": "Canned Food",
      "desc": "Canned Food"
    },
    "weight": "64 oz",
    "UpcCode": "",
    "tax": 0.0,
    "spiceLevel": "",
    "aiselNo": "7",
    "store": "Market Basket",
    "weightType": "64 oz",
    "imageName": "5801.jpg",
    "defaultImage": "5801.jpg",
    "updatedTimestamp": "Jan 23, 2021 8:02:30 PM",
    "createdTimestamp": "Jan 23, 2021 8:02:30 PM",
    "isNewlyAdded": false,
    "isActive": true,
    "isDealsEnabled": false,
    "quantity": 0
  },
  {
    "id": 6876,
    "code": "Market Basket Butter Flavor Cooking Spray",
    "desc": "Market Basket Butter Flavor Cooking Spray",
    "shortDesc": "Market Basket Butter Flavor Cooking Spray",
    "tags": [
      "Baking Ingredients"
    ],
    "categories": [
      {
        "code": "Cooking Needs",
        "desc": "Cooking Needs"
      }
    ],
    "subCategories": [
      {
        "code": "Baking & Cooking",
        "desc": "Baking & Cooking"
      }
    ],
    "brands": [
      {
        "code": "Market Basket",
        "desc": "Market Basket"
      }
    ],
    "price": {
      "basePrice": 2.09,
      "discountPrice": 2.09
    },
    "type": {
      "code": "Baking Ingredients",
      "desc": "Baking Ingredients"
    },
    "weight": "6 oz",
    "UpcCode": "",
    "tax": 0.0,
    "spiceLevel": "",
    "aiselNo": "8",
    "store": "Market Basket",
    "weightType": "6 oz",
    "imageName": "Market Basket.jpg",
    "defaultImage": "Market Basket.jpg",
    "updatedTimestamp": "Jan 23, 2021 8:02:30 PM",
    "createdTimestamp": "Jan 23, 2021 8:02:30 PM",
    "isNewlyAdded": false,
    "isActive": true,
    "isDealsEnabled": false,
    "quantity": 0
  },
  {
    "id": 7445,
    "code": "Goya Green Pigeon Peas",
    "desc": "Goya Green Pigeon Peas",
    "shortDesc": "Goya Green Pigeon Peas",
    "tags": [
      "Canned & Jarred Vegetables"
    ],
    "categories": [
      {
        "code": "Cooking Needs",
        "desc": "Cooking Needs"
      }
    ],
    "subCategories": [
      {
        "code": "Canned Food",
        "desc": "Canned Food"
      }
    ],
    "brands": [
      {
        "code": "Goya",
        "desc": "Goya"
      }
    ],
    "price": {
      "basePrice": 1.29,
      "discountPrice": 1.29
    },
    "type": {
      "code": "Canned & Jarred Vegetables",
      "desc": "Canned & Jarred Vegetables"
    },
    "weight": "15 oz",
    "UpcCode": "",
    "tax": 0.0,
    "spiceLevel": "",
    "aiselNo": "9",
    "store": "Market Basket",
    "weightType": "15 oz",
    "imageName": "5057.jpg",
    "defaultImage": "5057.jpg",
    "updatedTimestamp": "Jan 23, 2021 8:02:30 PM",
    "createdTimestamp": "Jan 23, 2021 8:02:30 PM",
    "isNewlyAdded": false,
    "isActive": true,
    "isDealsEnabled": false,
    "quantity": 0
  },
  {
    "id": 6431,
    "code": "Sunsweet Amazin Prunes Pitted Plums",
    "desc": "Sunsweet Amazin Prunes Pitted Plums",
    "shortDesc": "Sunsweet Amazin Prunes Pitted Plums",
    "tags": [
      "Nuts, Seeds & Dried Fruit"
    ],
    "categories": [
      {
        "code": "Chips, Cookies & Snacks",
        "desc": "Chips, Cookies & Snacks"
      }
    ],
    "subCategories": [
      {
        "code": "Nuts, Seeds & Dried Fruit",
        "desc": "Nuts, Seeds & Dried Fruit"
      }
    ],
    "brands": [
      {
        "code": "Sunsweet",
        "desc": "Sunsweet"
      }
    ],
    "price": {
      "basePrice": 5.99,
      "discountPrice": 5.99
    },
    "type": {
      "code": "Nuts, Seeds & Dried Fruit",
      "desc": "Nuts, Seeds & Dried Fruit"
    },
    "weight": "16 oz",
    "UpcCode": "",
    "tax": 0.0,
    "spiceLevel": "",
    "aiselNo": "6",
    "store": "Market Basket",
    "weightType": "16 oz",
    "imageName": "1391.jpg",
    "defaultImage": "1391.jpg",
    "updatedTimestamp": "Jan 23, 2021 8:02:30 PM",
    "createdTimestamp": "Jan 23, 2021 8:02:30 PM",
    "isNewlyAdded": false,
    "isActive": true,
    "isDealsEnabled": false,
    "quantity": 0
  },
  {
    "id": 9149,
    "code": "Market Basket Homestyle Shepherds Pie",
    "desc": "Market Basket Homestyle Shepherds Pie",
    "shortDesc": "Market Basket Homestyle Shepherds Pie",
    "tags": [
      "Frozen Dessert"
    ],
    "categories": [
      {
        "code": "Frozen Food",
        "desc": "Frozen Food"
      }
    ],
    "subCategories": [
      {
        "code": "Frozen Dessert",
        "desc": "Frozen Dessert"
      }
    ],
    "brands": [
      {
        "code": "Market Basket",
        "desc": "Market Basket"
      }
    ],
    "price": {
      "basePrice": 9.79,
      "discountPrice": 9.79
    },
    "type": {
      "code": "Frozen Dessert",
      "desc": "Frozen Dessert"
    },
    "weight": "28 oz",
    "UpcCode": "",
    "tax": 0.0,
    "spiceLevel": "",
    "aiselNo": "18",
    "store": "Market Basket",
    "weightType": "28 oz",
    "imageName": "Market Basket.jpg",
    "defaultImage": "Market Basket.jpg",
    "updatedTimestamp": "Jan 23, 2021 8:02:30 PM",
    "createdTimestamp": "Jan 23, 2021 8:02:30 PM",
    "isNewlyAdded": false,
    "isActive": true,
    "isDealsEnabled": false,
    "quantity": 0
  },
  {
    "id": 13552,
    "code": "Dragone Whole Milk Ricotta Cheese",
    "desc": "Dragone Whole Milk Ricotta Cheese",
    "shortDesc": "Dragone Whole Milk Ricotta Cheese",
    "tags": [
      "Other Creams & Cheeses"
    ],
    "categories": [
      {
        "code": "Breakfast & Dairy",
        "desc": "Breakfast & Dairy"
      }
    ],
    "subCategories": [
      {
        "code": "Dairy & Eggs",
        "desc": "Dairy & Eggs"
      }
    ],
    "brands": [
      {
        "code": "Dragone",
        "desc": "Dragone"
      }
    ],
    "price": {
      "basePrice": 4.29,
      "discountPrice": 4.29
    },
    "type": {
      "code": "Other Creams & Cheeses",
      "desc": "Other Creams & Cheeses"
    },
    "weight": "32 oz",
    "UpcCode": "",
    "tax": 0.0,
    "spiceLevel": "",
    "aiselNo": "1",
    "store": "Market Basket",
    "weightType": "32 oz",
    "imageName": "14787.jpg",
    "defaultImage": "14787.jpg",
    "updatedTimestamp": "Jan 23, 2021 8:02:30 PM",
    "createdTimestamp": "Jan 23, 2021 8:02:30 PM",
    "isNewlyAdded": false,
    "isActive": true,
    "isDealsEnabled": false,
    "quantity": 0
  },
  {
    "id": 382,
    "code": "Drinking Straws",
    "desc": "Drinking Straws",
    "shortDesc": "Drinking Straws",
    "tags": [
      "Utensils & Kitchen Supplies"
    ],
    "categories": [
      {
        "code": "Kitchen & Cleaning",
        "desc": "Kitchen & Cleaning"
      }
    ],
    "subCategories": [
      {
        "code": "Food Storage & Kitchen Supplies",
        "desc": "Food Storage & Kitchen Supplies"
      }
    ],
    "brands": [
      {
        "code": "Store Brand",
        "desc": "Store Brand"
      }
    ],
    "price": {
      "basePrice": 1.29,
      "discountPrice": 1.29
    },
    "type": {
      "code": "Utensils & Kitchen Supplies",
      "desc": "Utensils & Kitchen Supplies"
    },
    "weight": "100 count",
    "UpcCode": "",
    "tax": 1.0,
    "spiceLevel": "",
    "aiselNo": "12",
    "store": "Market Basket",
    "weightType": "100 count",
    "imageName": "Market Basket.jpg",
    "defaultImage": "Market Basket.jpg",
    "updatedTimestamp": "Jan 23, 2021 8:02:30 PM",
    "createdTimestamp": "Jan 23, 2021 8:02:30 PM",
    "isNewlyAdded": false,
    "isActive": true,
    "isDealsEnabled": false,
    "quantity": 0
  },
  {
    "id": 15353,
    "code": "One A Day Women's Multivitamin Women's Formula Tablets",
    "desc": "One A Day Women's Multivitamin Women's Formula Tablets",
    "shortDesc": "One A Day Women's Multivitamin Women's Formula Tablets",
    "tags": [
      "Vitamins & Supplements"
    ],
    "categories": [
      {
        "code": "Personal Care",
        "desc": "Personal Care"
      }
    ],
    "subCategories": [
      {
        "code": "Vitamins & Proteins",
        "desc": "Vitamins & Proteins"
      }
    ],
    "brands": [
      {
        "code": "One A Day",
        "desc": "One A Day"
      }
    ],
    "price": {
      "basePrice": 25.98,
      "discountPrice": 25.98
    },
    "type": {
      "code": "Vitamins & Supplements",
      "desc": "Vitamins & Supplements"
    },
    "weight": "200 count",
    "UpcCode": "",
    "tax": 1.0,
    "spiceLevel": "",
    "aiselNo": "13",
    "store": "Market Basket",
    "weightType": "200 count",
    "imageName": "6704.jpg",
    "defaultImage": "6704.jpg",
    "updatedTimestamp": "Jan 23, 2021 8:02:30 PM",
    "createdTimestamp": "Jan 23, 2021 8:02:30 PM",
    "isNewlyAdded": false,
    "isActive": true,
    "isDealsEnabled": false,
    "quantity": 0
  },
  {
    "id": 12708,
    "code": "Market Basket Authentic Cornbread",
    "desc": "Market Basket Authentic Cornbread",
    "shortDesc": "Market Basket Authentic Cornbread",
    "tags": [
      "Bread"
    ],
    "categories": [
      {
        "code": "Breakfast & Dairy",
        "desc": "Breakfast & Dairy"
      }
    ],
    "subCategories": [
      {
        "code": "Breads & Rolls",
        "desc": "Breads & Rolls"
      }
    ],
    "brands": [
      {
        "code": "Market Basket",
        "desc": "Market Basket"
      }
    ],
    "price": {
      "basePrice": 2.49,
      "discountPrice": 2.49
    },
    "type": {
      "code": "Bread",
      "desc": "Bread"
    },
    "weight": "15 oz",
    "UpcCode": "",
    "tax": 0.0,
    "spiceLevel": "",
    "aiselNo": "18",
    "store": "Market Basket",
    "weightType": "15 oz",
    "imageName": "Market Basket.jpg",
    "defaultImage": "Market Basket.jpg",
    "updatedTimestamp": "Jan 23, 2021 8:02:30 PM",
    "createdTimestamp": "Jan 23, 2021 8:02:30 PM",
    "isNewlyAdded": false,
    "isActive": true,
    "isDealsEnabled": false,
    "quantity": 0
  },
  {
    "id": 14573,
    "code": "Lipton Tea Bags Black Tea",
    "desc": "Lipton Tea Bags Black Tea",
    "shortDesc": "Lipton Tea Bags Black Tea",
    "tags": [
      "Tea"
    ],
    "categories": [
      {
        "code": "Breakfast & Dairy",
        "desc": "Breakfast & Dairy"
      }
    ],
    "subCategories": [
      {
        "code": "Tea & Coffee",
        "desc": "Tea & Coffee"
      }
    ],
    "brands": [
      {
        "code": "Lipton",
        "desc": "Lipton"
      }
    ],
    "price": {
      "basePrice": 3.69,
      "discountPrice": 3.69
    },
    "type": {
      "code": "Tea",
      "desc": "Tea"
    },
    "weight": "50 count",
    "UpcCode": "",
    "tax": 0.0,
    "spiceLevel": "",
    "aiselNo": "8",
    "store": "Market Basket",
    "weightType": "50 count",
    "imageName": "3487.jpg",
    "defaultImage": "3487.jpg",
    "updatedTimestamp": "Jan 23, 2021 8:02:30 PM",
    "createdTimestamp": "Jan 23, 2021 8:02:30 PM",
    "isNewlyAdded": false,
    "isActive": true,
    "isDealsEnabled": false,
    "quantity": 0
  },
  {
    "id": 15251,
    "code": "Plackers Flossers, with Fluoride, Kids 1st",
    "desc": "Plackers Flossers, with Fluoride, Kids 1st",
    "shortDesc": "Plackers Flossers, with Fluoride, Kids 1st",
    "tags": [
      "Oral Hygiene"
    ],
    "categories": [
      {
        "code": "Personal Care",
        "desc": "Personal Care"
      }
    ],
    "subCategories": [
      {
        "code": "Personal Needs",
        "desc": "Personal Needs"
      }
    ],
    "brands": [
      {
        "code": "Plackers",
        "desc": "Plackers"
      }
    ],
    "price": {
      "basePrice": 2.75,
      "discountPrice": 2.75
    },
    "type": {
      "code": "Oral Hygiene",
      "desc": "Oral Hygiene"
    },
    "weight": "48 count",
    "UpcCode": "",
    "tax": 1.0,
    "spiceLevel": "",
    "aiselNo": "13",
    "store": "Market Basket",
    "weightType": "48 count",
    "imageName": "17780.jpg",
    "defaultImage": "17780.jpg",
    "updatedTimestamp": "Jan 23, 2021 8:02:30 PM",
    "createdTimestamp": "Jan 23, 2021 8:02:30 PM",
    "isNewlyAdded": false,
    "isActive": true,
    "isDealsEnabled": false,
    "quantity": 0
  },
  {
    "id": 3522,
    "code": "Aloe Vera Leaves",
    "desc": "Aloe Vera Leaves",
    "shortDesc": "Aloe Vera Leaves",
    "tags": [
      "Aloe Vera"
    ],
    "categories": [
      {
        "code": "Fresh Produce",
        "desc": "Fresh Produce"
      }
    ],
    "subCategories": [
      {
        "code": "Fresh Vegetables",
        "desc": "Fresh Vegetables"
      }
    ],
    "brands": [
      {
        "code": "Market Basket",
        "desc": "Market Basket"
      }
    ],
    "price": {
      "basePrice": 1.48,
      "discountPrice": 1.48
    },
    "type": {
      "code": "Aloe Vera",
      "desc": "Aloe Vera"
    },
    "weight": "1 count",
    "UpcCode": "",
    "tax": 0.0,
    "spiceLevel": "",
    "aiselNo": "20",
    "store": "Market Basket",
    "weightType": "1 count",
    "imageName": "FP96.jpg",
    "defaultImage": "FP96.jpg",
    "updatedTimestamp": "Jan 23, 2021 8:02:30 PM",
    "createdTimestamp": "Jan 23, 2021 8:02:30 PM",
    "isNewlyAdded": false,
    "isActive": true,
    "isDealsEnabled": false,
    "quantity": 0
  },
  {
    "id": 3957,
    "code": "Daikon Radish",
    "desc": "Daikon Radish",
    "shortDesc": "Daikon Radish",
    "tags": [
      "Radish"
    ],
    "categories": [
      {
        "code": "Fresh Produce",
        "desc": "Fresh Produce"
      }
    ],
    "subCategories": [
      {
        "code": "Fresh Vegetables",
        "desc": "Fresh Vegetables"
      }
    ],
    "brands": [
      {
        "code": "Market Basket",
        "desc": "Market Basket"
      }
    ],
    "price": {
      "basePrice": 2.14,
      "discountPrice": 2.14
    },
    "type": {
      "code": "Radish",
      "desc": "Radish"
    },
    "weight": "1 count",
    "UpcCode": "",
    "tax": 0.0,
    "spiceLevel": "",
    "aiselNo": "20",
    "store": "Market Basket",
    "weightType": "1 count",
    "imageName": "FP72.jpg",
    "defaultImage": "FP72.jpg",
    "updatedTimestamp": "Jan 23, 2021 8:02:30 PM",
    "createdTimestamp": "Jan 23, 2021 8:02:30 PM",
    "isNewlyAdded": false,
    "isActive": true,
    "isDealsEnabled": false,
    "quantity": 0
  },
  {
    "id": 9127,
    "code": "Green Giant Mashed Cauliflower Cheddar & Bacon",
    "desc": "Green Giant Mashed Cauliflower Cheddar & Bacon",
    "shortDesc": "Green Giant Mashed Cauliflower Cheddar & Bacon",
    "tags": [
      "Frozen Appetizers & Sides"
    ],
    "categories": [
      {
        "code": "Frozen Food",
        "desc": "Frozen Food"
      }
    ],
    "subCategories": [
      {
        "code": "Frozen Dinners & Entrees",
        "desc": "Frozen Dinners & Entrees"
      }
    ],
    "brands": [
      {
        "code": "Green Giant",
        "desc": "Green Giant"
      }
    ],
    "price": {
      "basePrice": 6.09,
      "discountPrice": 6.09
    },
    "type": {
      "code": "Frozen Appetizers & Sides",
      "desc": "Frozen Appetizers & Sides"
    },
    "weight": "20 oz",
    "UpcCode": "",
    "tax": 0.0,
    "spiceLevel": "",
    "aiselNo": "18",
    "store": "Market Basket",
    "weightType": "20 oz",
    "imageName": "15831.jpg",
    "defaultImage": "15831.jpg",
    "updatedTimestamp": "Jan 23, 2021 8:02:30 PM",
    "createdTimestamp": "Jan 23, 2021 8:02:30 PM",
    "isNewlyAdded": false,
    "isActive": true,
    "isDealsEnabled": false,
    "quantity": 0
  },
  {
    "id": 5696,
    "code": "Amrita Dark Chocolate Crunch Protein Bars",
    "desc": "Amrita Dark Chocolate Crunch Protein Bars",
    "shortDesc": "Amrita Dark Chocolate Crunch Protein Bars",
    "tags": [
      "Protien Bars"
    ],
    "categories": [
      {
        "code": "Breakfast & Dairy",
        "desc": "Breakfast & Dairy"
      }
    ],
    "subCategories": [
      {
        "code": "Bars & Pastries",
        "desc": "Bars & Pastries"
      }
    ],
    "brands": [
      {
        "code": "Amrita",
        "desc": "Amrita"
      }
    ],
    "price": {
      "basePrice": 1.89,
      "discountPrice": 1.89
    },
    "type": {
      "code": "Protien Bars",
      "desc": "Protien Bars"
    },
    "weight": "2.12 oz",
    "UpcCode": "",
    "tax": 0.0,
    "spiceLevel": "",
    "aiselNo": "3",
    "store": "Market Basket",
    "weightType": "2.12 oz",
    "imageName": "No Image.jpg",
    "defaultImage": "No Image.jpg",
    "updatedTimestamp": "Jan 23, 2021 8:02:30 PM",
    "createdTimestamp": "Jan 23, 2021 8:02:30 PM",
    "isNewlyAdded": false,
    "isActive": true,
    "isDealsEnabled": false,
    "quantity": 0
  },
  {
    "id": 9827,
    "code": "Green Giant Sweet Peas & Butter Sauce",
    "desc": "Green Giant Sweet Peas & Butter Sauce",
    "shortDesc": "Green Giant Sweet Peas & Butter Sauce",
    "tags": [
      "Frozen Produce"
    ],
    "categories": [
      {
        "code": "Frozen Food",
        "desc": "Frozen Food"
      }
    ],
    "subCategories": [
      {
        "code": "Frozen Produce",
        "desc": "Frozen Produce"
      }
    ],
    "brands": [
      {
        "code": "Green Giant",
        "desc": "Green Giant"
      }
    ],
    "price": {
      "basePrice": 2.09,
      "discountPrice": 2.09
    },
    "type": {
      "code": "Frozen Produce",
      "desc": "Frozen Produce"
    },
    "weight": "10 oz",
    "UpcCode": "",
    "tax": 0.0,
    "spiceLevel": "",
    "aiselNo": "19",
    "store": "Market Basket",
    "weightType": "10 oz",
    "imageName": "2454.jpg",
    "defaultImage": "2454.jpg",
    "updatedTimestamp": "Jan 23, 2021 8:02:30 PM",
    "createdTimestamp": "Jan 23, 2021 8:02:30 PM",
    "isNewlyAdded": false,
    "isActive": true,
    "isDealsEnabled": false,
    "quantity": 0
  },
  {
    "id": 7291,
    "code": "McCormick GourmetÃ¢âÂ¢ Organic Garlic Powder",
    "desc": "McCormick GourmetÃ¢âÂ¢ Organic Garlic Powder",
    "shortDesc": "McCormick GourmetÃ¢âÂ¢ Organic Garlic Powder",
    "tags": [
      "Spices & Seasonings"
    ],
    "categories": [
      {
        "code": "Cooking Needs",
        "desc": "Cooking Needs"
      }
    ],
    "subCategories": [
      {
        "code": "Spices & Seasonings",
        "desc": "Spices & Seasonings"
      }
    ],
    "brands": [
      {
        "code": "McCormick",
        "desc": "McCormick"
      }
    ],
    "price": {
      "basePrice": 6.09,
      "discountPrice": 6.09
    },
    "type": {
      "code": "Spices & Seasonings",
      "desc": "Spices & Seasonings"
    },
    "weight": "2.25 oz",
    "UpcCode": "",
    "tax": 0.0,
    "spiceLevel": "",
    "aiselNo": "9",
    "store": "Market Basket",
    "weightType": "2.25 oz",
    "imageName": "2209.jpg",
    "defaultImage": "2209.jpg",
    "updatedTimestamp": "Jan 23, 2021 8:02:30 PM",
    "createdTimestamp": "Jan 23, 2021 8:02:30 PM",
    "isNewlyAdded": false,
    "isActive": true,
    "isDealsEnabled": false,
    "quantity": 0
  },
  {
    "id": 6936,
    "code": "Betty Crocker Dark Chocolate Brownie Mix Family Size",
    "desc": "Betty Crocker Dark Chocolate Brownie Mix Family Size",
    "shortDesc": "Betty Crocker Dark Chocolate Brownie Mix Family Size",
    "tags": [
      "Doughs, Gelatins & Bake Mixes"
    ],
    "categories": [
      {
        "code": "Cooking Needs",
        "desc": "Cooking Needs"
      }
    ],
    "subCategories": [
      {
        "code": "Baking & Cooking",
        "desc": "Baking & Cooking"
      }
    ],
    "brands": [
      {
        "code": "Betty Crocker",
        "desc": "Betty Crocker"
      }
    ],
    "price": {
      "basePrice": 1.99,
      "discountPrice": 1.99
    },
    "type": {
      "code": "Doughs, Gelatins & Bake Mixes",
      "desc": "Doughs, Gelatins & Bake Mixes"
    },
    "weight": "19.9 oz",
    "UpcCode": "",
    "tax": 0.0,
    "spiceLevel": "",
    "aiselNo": "8",
    "store": "Market Basket",
    "weightType": "19.9 oz",
    "imageName": "2081.jpg",
    "defaultImage": "2081.jpg",
    "updatedTimestamp": "Jan 23, 2021 8:02:30 PM",
    "createdTimestamp": "Jan 23, 2021 8:02:30 PM",
    "isNewlyAdded": false,
    "isActive": true,
    "isDealsEnabled": false,
    "quantity": 0
  },
  {
    "id": 7572,
    "code": "Pastene Imported Artichoke Bottoms",
    "desc": "Pastene Imported Artichoke Bottoms",
    "shortDesc": "Pastene Imported Artichoke Bottoms",
    "tags": [
      "Canned & Jarred Vegetables"
    ],
    "categories": [
      {
        "code": "Cooking Needs",
        "desc": "Cooking Needs"
      }
    ],
    "subCategories": [
      {
        "code": "Canned Food",
        "desc": "Canned Food"
      }
    ],
    "brands": [
      {
        "code": "Pastene",
        "desc": "Pastene"
      }
    ],
    "price": {
      "basePrice": 3.69,
      "discountPrice": 3.69
    },
    "type": {
      "code": "Canned & Jarred Vegetables",
      "desc": "Canned & Jarred Vegetables"
    },
    "weight": "14 oz",
    "UpcCode": "",
    "tax": 0.0,
    "spiceLevel": "",
    "aiselNo": "9",
    "store": "Market Basket",
    "weightType": "14 oz",
    "imageName": "4984.jpg",
    "defaultImage": "4984.jpg",
    "updatedTimestamp": "Jan 23, 2021 8:02:30 PM",
    "createdTimestamp": "Jan 23, 2021 8:02:30 PM",
    "isNewlyAdded": false,
    "isActive": true,
    "isDealsEnabled": false,
    "quantity": 0
  },
  {
    "id": 13455,
    "code": "Florida's Natural 100% Premium Florida Orange Juice No Pulp",
    "desc": "Florida's Natural 100% Premium Florida Orange Juice No Pulp",
    "shortDesc": "Florida's Natural 100% Premium Florida Orange Juice No Pulp",
    "tags": [
      "Refrigerated Drinks"
    ],
    "categories": [
      {
        "code": "Beverages & Juices",
        "desc": "Beverages & Juices"
      }
    ],
    "subCategories": [
      {
        "code": "Juices & Refrigerated Drinks",
        "desc": "Juices & Refrigerated Drinks"
      }
    ],
    "brands": [
      {
        "code": "Florida's Natural",
        "desc": "Florida's Natural"
      }
    ],
    "price": {
      "basePrice": 6.09,
      "discountPrice": 6.09
    },
    "type": {
      "code": "Refrigerated Drinks",
      "desc": "Refrigerated Drinks"
    },
    "weight": "89 fl oz",
    "UpcCode": "",
    "tax": 0.0,
    "spiceLevel": "",
    "aiselNo": "1",
    "store": "Market Basket",
    "weightType": "89 fl oz",
    "imageName": "14717.jpg",
    "defaultImage": "14717.jpg",
    "updatedTimestamp": "Jan 23, 2021 8:02:29 PM",
    "createdTimestamp": "Jan 23, 2021 8:02:29 PM",
    "isNewlyAdded": false,
    "isActive": true,
    "isDealsEnabled": false,
    "quantity": 0
  },
  {
    "id": 3907,
    "code": "Onions Bag",
    "desc": "Onions Bag",
    "shortDesc": "Onions Bag",
    "tags": [
      "Onion"
    ],
    "categories": [
      {
        "code": "Fresh Produce",
        "desc": "Fresh Produce"
      }
    ],
    "subCategories": [
      {
        "code": "Fresh Vegetables",
        "desc": "Fresh Vegetables"
      }
    ],
    "brands": [
      {
        "code": "Market Basket",
        "desc": "Market Basket"
      }
    ],
    "price": {
      "basePrice": 2.17,
      "discountPrice": 2.17
    },
    "type": {
      "code": "Onion",
      "desc": "Onion"
    },
    "weight": "2 lb",
    "UpcCode": "",
    "tax": 0.0,
    "spiceLevel": "",
    "aiselNo": "20",
    "store": "Market Basket",
    "weightType": "2 lb",
    "imageName": "14414.jpg",
    "defaultImage": "14414.jpg",
    "updatedTimestamp": "Jan 23, 2021 8:02:30 PM",
    "createdTimestamp": "Jan 23, 2021 8:02:30 PM",
    "isNewlyAdded": false,
    "isActive": true,
    "isDealsEnabled": false,
    "quantity": 0
  },
  {
    "id": 13836,
    "code": "KozyShack Original Recipe Chocolate Kozy Shack Original Recipe Chocolate Pudding",
    "desc": "KozyShack Original Recipe Chocolate Kozy Shack Original Recipe Chocolate Pudding",
    "shortDesc": "KozyShack Original Recipe Chocolate Kozy Shack Original Recipe Chocolate Pudding",
    "tags": [
      "Refrigerated Pudding & Desserts"
    ],
    "categories": [
      {
        "code": "Breakfast & Dairy",
        "desc": "Breakfast & Dairy"
      }
    ],
    "subCategories": [
      {
        "code": "Dairy & Eggs",
        "desc": "Dairy & Eggs"
      }
    ],
    "brands": [
      {
        "code": "KozyShack",
        "desc": "KozyShack"
      }
    ],
    "price": {
      "basePrice": 4.09,
      "discountPrice": 4.09
    },
    "type": {
      "code": "Refrigerated Pudding & Desserts",
      "desc": "Refrigerated Pudding & Desserts"
    },
    "weight": "6 x 4 oz",
    "UpcCode": "",
    "tax": 0.0,
    "spiceLevel": "",
    "aiselNo": "19",
    "store": "Market Basket",
    "weightType": "6 x 4 oz",
    "imageName": "823.jpg",
    "defaultImage": "823.jpg",
    "updatedTimestamp": "Jan 23, 2021 8:02:30 PM",
    "createdTimestamp": "Jan 23, 2021 8:02:30 PM",
    "isNewlyAdded": false,
    "isActive": true,
    "isDealsEnabled": false,
    "quantity": 0
  },
  {
    "id": 8924,
    "code": "Marzetti Dressing Original Slaw",
    "desc": "Marzetti Dressing Original Slaw",
    "shortDesc": "Marzetti Dressing Original Slaw",
    "tags": [
      "Salad Dressing & Toppings"
    ],
    "categories": [
      {
        "code": "Condiments & Dressings",
        "desc": "Condiments & Dressings"
      }
    ],
    "subCategories": [
      {
        "code": "Salad Dressings & Toppings",
        "desc": "Salad Dressings & Toppings"
      }
    ],
    "brands": [
      {
        "code": "Marzetti",
        "desc": "Marzetti"
      }
    ],
    "price": {
      "basePrice": 5.19,
      "discountPrice": 5.19
    },
    "type": {
      "code": "Salad Dressing & Toppings",
      "desc": "Salad Dressing & Toppings"
    },
    "weight": "15 fl oz",
    "UpcCode": "",
    "tax": 0.0,
    "spiceLevel": "",
    "aiselNo": "2",
    "store": "Market Basket",
    "weightType": "15 fl oz",
    "imageName": "15441.jpg",
    "defaultImage": "15441.jpg",
    "updatedTimestamp": "Jan 23, 2021 8:02:30 PM",
    "createdTimestamp": "Jan 23, 2021 8:02:30 PM",
    "isNewlyAdded": false,
    "isActive": true,
    "isDealsEnabled": false,
    "quantity": 0
  },
  {
    "id": 561,
    "code": "Woolite All Darks Laundry Detergent 33 Loads",
    "desc": "Woolite All Darks Laundry Detergent 33 Loads",
    "shortDesc": "Woolite All Darks Laundry Detergent 33 Loads",
    "tags": [
      "Laundry Detergent"
    ],
    "categories": [
      {
        "code": "Laundry & Paper Goods",
        "desc": "Laundry & Paper Goods"
      }
    ],
    "subCategories": [
      {
        "code": "Laundry",
        "desc": "Laundry"
      }
    ],
    "brands": [
      {
        "code": "Woolite",
        "desc": "Woolite"
      }
    ],
    "price": {
      "basePrice": 12.49,
      "discountPrice": 12.49
    },
    "type": {
      "code": "Laundry Detergent",
      "desc": "Laundry Detergent"
    },
    "weight": "50 fl oz",
    "UpcCode": "",
    "tax": 1.0,
    "spiceLevel": "",
    "aiselNo": "15",
    "store": "Market Basket",
    "weightType": "50 fl oz",
    "imageName": "No Image.jpg",
    "defaultImage": "No Image.jpg",
    "updatedTimestamp": "Jan 23, 2021 8:02:30 PM",
    "createdTimestamp": "Jan 23, 2021 8:02:30 PM",
    "isNewlyAdded": false,
    "isActive": true,
    "isDealsEnabled": false,
    "quantity": 0
  },
  {
    "id": 14696,
    "code": "Irish Spring Body Wash GEAR Skin Hydration",
    "desc": "Irish Spring Body Wash GEAR Skin Hydration",
    "shortDesc": "Irish Spring Body Wash GEAR Skin Hydration",
    "tags": [
      "Body Wash"
    ],
    "categories": [
      {
        "code": "Personal Care",
        "desc": "Personal Care"
      }
    ],
    "subCategories": [
      {
        "code": "Body Wash, Soap & Hair Care",
        "desc": "Body Wash, Soap & Hair Care"
      }
    ],
    "brands": [
      {
        "code": "Irish Spring",
        "desc": "Irish Spring"
      }
    ],
    "price": {
      "basePrice": 4.93,
      "discountPrice": 4.93
    },
    "type": {
      "code": "Body Wash",
      "desc": "Body Wash"
    },
    "weight": "15 fl oz",
    "UpcCode": "",
    "tax": 1.0,
    "spiceLevel": "",
    "aiselNo": "13",
    "store": "Market Basket",
    "weightType": "15 fl oz",
    "imageName": "6357.jpg",
    "defaultImage": "6357.jpg",
    "updatedTimestamp": "Jan 23, 2021 8:02:30 PM",
    "createdTimestamp": "Jan 23, 2021 8:02:30 PM",
    "isNewlyAdded": false,
    "isActive": true,
    "isDealsEnabled": false,
    "quantity": 0
  },
  {
    "id": 5663,
    "code": "Orbit Sugarfree Gum Cinnamon",
    "desc": "Orbit Sugarfree Gum Cinnamon",
    "shortDesc": "Orbit Sugarfree Gum Cinnamon",
    "tags": [
      "Mint & Gum"
    ],
    "categories": [
      {
        "code": "Chips, Cookies & Snacks",
        "desc": "Chips, Cookies & Snacks"
      }
    ],
    "subCategories": [
      {
        "code": "Candy & Chocolates",
        "desc": "Candy & Chocolates"
      }
    ],
    "brands": [
      {
        "code": "Orbit",
        "desc": "Orbit"
      }
    ],
    "price": {
      "basePrice": 2.49,
      "discountPrice": 2.49
    },
    "type": {
      "code": "Mint & Gum",
      "desc": "Mint & Gum"
    },
    "weight": "42 ct",
    "UpcCode": "",
    "tax": 0.0,
    "spiceLevel": "",
    "aiselNo": "3",
    "store": "Market Basket",
    "weightType": "42 ct",
    "imageName": "1486.jpg",
    "defaultImage": "1486.jpg",
    "updatedTimestamp": "Jan 23, 2021 8:02:30 PM",
    "createdTimestamp": "Jan 23, 2021 8:02:30 PM",
    "isNewlyAdded": false,
    "isActive": true,
    "isDealsEnabled": false,
    "quantity": 0
  },
  {
    "id": 532,
    "code": "all fabric softener free clear 40 loads",
    "desc": "all fabric softener free clear 40 loads",
    "shortDesc": "all fabric softener free clear 40 loads",
    "tags": [
      "Fabric Softener"
    ],
    "categories": [
      {
        "code": "Laundry & Paper Goods",
        "desc": "Laundry & Paper Goods"
      }
    ],
    "subCategories": [
      {
        "code": "Laundry",
        "desc": "Laundry"
      }
    ],
    "brands": [
      {
        "code": "all",
        "desc": "all"
      }
    ],
    "price": {
      "basePrice": 3.74,
      "discountPrice": 3.74
    },
    "type": {
      "code": "Fabric Softener",
      "desc": "Fabric Softener"
    },
    "weight": "32 fl oz",
    "UpcCode": "",
    "tax": 1.0,
    "spiceLevel": "",
    "aiselNo": "15",
    "store": "Market Basket",
    "weightType": "32 fl oz",
    "imageName": "No Image.jpg",
    "defaultImage": "No Image.jpg",
    "updatedTimestamp": "Jan 23, 2021 8:02:30 PM",
    "createdTimestamp": "Jan 23, 2021 8:02:30 PM",
    "isNewlyAdded": false,
    "isActive": true,
    "isDealsEnabled": false,
    "quantity": 0
  },
  {
    "id": 5250,
    "code": "LATE JULY White Cheddar Organic Popcorn",
    "desc": "LATE JULY White Cheddar Organic Popcorn",
    "shortDesc": "LATE JULY White Cheddar Organic Popcorn",
    "tags": [
      "Ready Popcorn"
    ],
    "categories": [
      {
        "code": "Chips, Cookies & Snacks",
        "desc": "Chips, Cookies & Snacks"
      }
    ],
    "subCategories": [
      {
        "code": "Chips & Fruit Snacks",
        "desc": "Chips & Fruit Snacks"
      }
    ],
    "brands": [
      {
        "code": "LATE JULY",
        "desc": "LATE JULY"
      }
    ],
    "price": {
      "basePrice": 4.69,
      "discountPrice": 4.69
    },
    "type": {
      "code": "Ready Popcorn",
      "desc": "Ready Popcorn"
    },
    "weight": "4.4 oz",
    "UpcCode": "",
    "tax": 0.0,
    "spiceLevel": "",
    "aiselNo": "0",
    "store": "Market Basket",
    "weightType": "4.4 oz",
    "imageName": "No Image.jpg",
    "defaultImage": "No Image.jpg",
    "updatedTimestamp": "Jan 23, 2021 8:02:30 PM",
    "createdTimestamp": "Jan 23, 2021 8:02:30 PM",
    "isNewlyAdded": false,
    "isActive": true,
    "isDealsEnabled": false,
    "quantity": 0
  },
  {
    "id": 6951,
    "code": "Duncan Hines Classic Dark Chocolate Fudge Cake Mix",
    "desc": "Duncan Hines Classic Dark Chocolate Fudge Cake Mix",
    "shortDesc": "Duncan Hines Classic Dark Chocolate Fudge Cake Mix",
    "tags": [
      "Doughs, Gelatins & Bake Mixes"
    ],
    "categories": [
      {
        "code": "Cooking Needs",
        "desc": "Cooking Needs"
      }
    ],
    "subCategories": [
      {
        "code": "Baking & Cooking",
        "desc": "Baking & Cooking"
      }
    ],
    "brands": [
      {
        "code": "Duncan Hines",
        "desc": "Duncan Hines"
      }
    ],
    "price": {
      "basePrice": 1.89,
      "discountPrice": 1.89
    },
    "type": {
      "code": "Doughs, Gelatins & Bake Mixes",
      "desc": "Doughs, Gelatins & Bake Mixes"
    },
    "weight": "15.25 oz",
    "UpcCode": "",
    "tax": 0.0,
    "spiceLevel": "",
    "aiselNo": "8",
    "store": "Market Basket",
    "weightType": "15.25 oz",
    "imageName": "2091.jpg",
    "defaultImage": "2091.jpg",
    "updatedTimestamp": "Jan 23, 2021 8:02:30 PM",
    "createdTimestamp": "Jan 23, 2021 8:02:30 PM",
    "isNewlyAdded": false,
    "isActive": true,
    "isDealsEnabled": false,
    "quantity": 0
  },
  {
    "id": 10170,
    "code": "Market Basket Premium Choice Ice Cream",
    "desc": "Market Basket Premium Choice Ice Cream",
    "shortDesc": "Market Basket Premium Choice Ice Cream",
    "tags": [
      "Ice Cream & Ice"
    ],
    "categories": [
      {
        "code": "Frozen Food",
        "desc": "Frozen Food"
      }
    ],
    "subCategories": [
      {
        "code": "Ice Cream & Ice",
        "desc": "Ice Cream & Ice"
      }
    ],
    "brands": [
      {
        "code": "Market Basket",
        "desc": "Market Basket"
      }
    ],
    "price": {
      "basePrice": 3.59,
      "discountPrice": 3.59
    },
    "type": {
      "code": "Ice Cream & Ice",
      "desc": "Ice Cream & Ice"
    },
    "weight": "1 ct",
    "UpcCode": "",
    "tax": 0.0,
    "spiceLevel": "",
    "aiselNo": "21",
    "store": "Market Basket",
    "weightType": "1 ct",
    "imageName": "Market Basket.jpg",
    "defaultImage": "Market Basket.jpg",
    "updatedTimestamp": "Jan 23, 2021 8:02:30 PM",
    "createdTimestamp": "Jan 23, 2021 8:02:30 PM",
    "isNewlyAdded": false,
    "isActive": true,
    "isDealsEnabled": false,
    "quantity": 0
  },
  {
    "id": 12826,
    "code": "Market Basket Chocolate Chip Muffin",
    "desc": "Market Basket Chocolate Chip Muffin",
    "shortDesc": "Market Basket Chocolate Chip Muffin",
    "tags": [
      "Muffin"
    ],
    "categories": [
      {
        "code": "Breakfast & Dairy",
        "desc": "Breakfast & Dairy"
      }
    ],
    "subCategories": [
      {
        "code": "Breads & Rolls",
        "desc": "Breads & Rolls"
      }
    ],
    "brands": [
      {
        "code": "Market Basket",
        "desc": "Market Basket"
      }
    ],
    "price": {
      "basePrice": 4.09,
      "discountPrice": 4.09
    },
    "type": {
      "code": "Muffin",
      "desc": "Muffin"
    },
    "weight": "20 oz",
    "UpcCode": "",
    "tax": 0.0,
    "spiceLevel": "",
    "aiselNo": "0",
    "store": "Market Basket",
    "weightType": "20 oz",
    "imageName": "Market Basket.jpg",
    "defaultImage": "Market Basket.jpg",
    "updatedTimestamp": "Jan 23, 2021 8:02:30 PM",
    "createdTimestamp": "Jan 23, 2021 8:02:30 PM",
    "isNewlyAdded": false,
    "isActive": true,
    "isDealsEnabled": false,
    "quantity": 0
  },
  {
    "id": 14449,
    "code": "Newman's Own Organics. Newman's Special Blend Medium Roast Coffee Extra Bold Coffee K Cup Pods",
    "desc": "Newman's Own Organics. Newman's Special Blend Medium Roast Coffee Extra Bold Coffee K Cup Pods",
    "shortDesc": "Newman's Own Organics. Newman's Special Blend Medium Roast Coffee Extra Bold Coffee K Cup Pods",
    "tags": [
      "Coffee"
    ],
    "categories": [
      {
        "code": "Breakfast & Dairy",
        "desc": "Breakfast & Dairy"
      }
    ],
    "subCategories": [
      {
        "code": "Tea & Coffee",
        "desc": "Tea & Coffee"
      }
    ],
    "brands": [
      {
        "code": "Newman's Own",
        "desc": "Newman's Own"
      }
    ],
    "price": {
      "basePrice": 8.59,
      "discountPrice": 8.59
    },
    "type": {
      "code": "Coffee",
      "desc": "Coffee"
    },
    "weight": "12 count",
    "UpcCode": "",
    "tax": 0.0,
    "spiceLevel": "",
    "aiselNo": "8",
    "store": "Market Basket",
    "weightType": "12 count",
    "imageName": "16280.jpg",
    "defaultImage": "16280.jpg",
    "updatedTimestamp": "Jan 23, 2021 8:02:30 PM",
    "createdTimestamp": "Jan 23, 2021 8:02:30 PM",
    "isNewlyAdded": false,
    "isActive": true,
    "isDealsEnabled": false,
    "quantity": 0
  },
  {
    "id": 7301,
    "code": "McCormick GourmetÃ¢âÂ¢ Roasted Ground Coriander",
    "desc": "McCormick GourmetÃ¢âÂ¢ Roasted Ground Coriander",
    "shortDesc": "McCormick GourmetÃ¢âÂ¢ Roasted Ground Coriander",
    "tags": [
      "Spices & Seasonings"
    ],
    "categories": [
      {
        "code": "Cooking Needs",
        "desc": "Cooking Needs"
      }
    ],
    "subCategories": [
      {
        "code": "Spices & Seasonings",
        "desc": "Spices & Seasonings"
      }
    ],
    "brands": [
      {
        "code": "McCormick",
        "desc": "McCormick"
      }
    ],
    "price": {
      "basePrice": 4.89,
      "discountPrice": 4.89
    },
    "type": {
      "code": "Spices & Seasonings",
      "desc": "Spices & Seasonings"
    },
    "weight": "1.25 oz",
    "UpcCode": "",
    "tax": 0.0,
    "spiceLevel": "",
    "aiselNo": "9",
    "store": "Market Basket",
    "weightType": "1.25 oz",
    "imageName": "2194.jpg",
    "defaultImage": "2194.jpg",
    "updatedTimestamp": "Jan 23, 2021 8:02:30 PM",
    "createdTimestamp": "Jan 23, 2021 8:02:30 PM",
    "isNewlyAdded": false,
    "isActive": true,
    "isDealsEnabled": false,
    "quantity": 0
  },
  {
    "id": 4294,
    "code": "Market Basket Lobster Bisque",
    "desc": "Market Basket Lobster Bisque",
    "shortDesc": "Market Basket Lobster Bisque",
    "tags": [
      "Lobster"
    ],
    "categories": [
      {
        "code": "Meat & Seafood",
        "desc": "Meat & Seafood"
      }
    ],
    "subCategories": [
      {
        "code": "Meat & Seafood Counter",
        "desc": "Meat & Seafood Counter"
      }
    ],
    "brands": [
      {
        "code": "Market Basket",
        "desc": "Market Basket"
      }
    ],
    "price": {
      "basePrice": 7.39,
      "discountPrice": 7.39
    },
    "type": {
      "code": "Lobster",
      "desc": "Lobster"
    },
    "weight": "1 lb",
    "UpcCode": "",
    "tax": 0.0,
    "spiceLevel": "",
    "aiselNo": "22",
    "store": "Market Basket",
    "weightType": "1 lb",
    "imageName": "Market Basket.jpg",
    "defaultImage": "Market Basket.jpg",
    "updatedTimestamp": "Jan 23, 2021 8:02:30 PM",
    "createdTimestamp": "Jan 23, 2021 8:02:30 PM",
    "isNewlyAdded": false,
    "isActive": true,
    "isDealsEnabled": false,
    "quantity": 0
  },
  {
    "id": 354,
    "code": "Market Basket Large Entree Storage Containers",
    "desc": "Market Basket Large Entree Storage Containers",
    "shortDesc": "Market Basket Large Entree Storage Containers",
    "tags": [
      "Storage Containers"
    ],
    "categories": [
      {
        "code": "Kitchen & Cleaning",
        "desc": "Kitchen & Cleaning"
      }
    ],
    "subCategories": [
      {
        "code": "Food Storage & Kitchen Supplies",
        "desc": "Food Storage & Kitchen Supplies"
      }
    ],
    "brands": [
      {
        "code": "Market Basket",
        "desc": "Market Basket"
      }
    ],
    "price": {
      "basePrice": 2.49,
      "discountPrice": 2.49
    },
    "type": {
      "code": "Storage Containers",
      "desc": "Storage Containers"
    },
    "weight": "4 count",
    "UpcCode": "",
    "tax": 1.0,
    "spiceLevel": "",
    "aiselNo": "12",
    "store": "Market Basket",
    "weightType": "4 count",
    "imageName": "Market Basket.jpg",
    "defaultImage": "Market Basket.jpg",
    "updatedTimestamp": "Jan 23, 2021 8:02:30 PM",
    "createdTimestamp": "Jan 23, 2021 8:02:30 PM",
    "isNewlyAdded": false,
    "isActive": true,
    "isDealsEnabled": false,
    "quantity": 0
  },
  {
    "id": 4653,
    "code": "Chicken of the Sea Premium Crab Meat Special",
    "desc": "Chicken of the Sea Premium Crab Meat Special",
    "shortDesc": "Chicken of the Sea Premium Crab Meat Special",
    "tags": [
      "Canned Crabmeat"
    ],
    "categories": [
      {
        "code": "Meat & Seafood",
        "desc": "Meat & Seafood"
      }
    ],
    "subCategories": [
      {
        "code": "Canned Meat & Seafood",
        "desc": "Canned Meat & Seafood"
      }
    ],
    "brands": [
      {
        "code": "Chicken of the Sea",
        "desc": "Chicken of the Sea"
      }
    ],
    "price": {
      "basePrice": 17.09,
      "discountPrice": 17.09
    },
    "type": {
      "code": "Canned Crabmeat",
      "desc": "Canned Crabmeat"
    },
    "weight": "16 oz",
    "UpcCode": "",
    "tax": 0.0,
    "spiceLevel": "",
    "aiselNo": "2",
    "store": "Market Basket",
    "weightType": "16 oz",
    "imageName": "5216.jpg",
    "defaultImage": "5216.jpg",
    "updatedTimestamp": "Jan 23, 2021 8:02:30 PM",
    "createdTimestamp": "Jan 23, 2021 8:02:30 PM",
    "isNewlyAdded": false,
    "isActive": true,
    "isDealsEnabled": false,
    "quantity": 0
  },
  {
    "id": 7942,
    "code": "Campbell's Condensed Campbell's Condensed 98% Fat Free Cream of Chicken Soup",
    "desc": "Campbell's Condensed Campbell's Condensed 98% Fat Free Cream of Chicken Soup",
    "shortDesc": "Campbell's Condensed Campbell's Condensed 98% Fat Free Cream of Chicken Soup",
    "tags": [
      "Soup, Broth & Bouillon"
    ],
    "categories": [
      {
        "code": "Cooking Needs",
        "desc": "Cooking Needs"
      }
    ],
    "subCategories": [
      {
        "code": "Canned Food",
        "desc": "Canned Food"
      }
    ],
    "brands": [
      {
        "code": "Campbell's",
        "desc": "Campbell's"
      }
    ],
    "price": {
      "basePrice": 2.09,
      "discountPrice": 2.09
    },
    "type": {
      "code": "Soup, Broth & Bouillon",
      "desc": "Soup, Broth & Bouillon"
    },
    "weight": "10.5 oz",
    "UpcCode": "",
    "tax": 0.0,
    "spiceLevel": "",
    "aiselNo": "2",
    "store": "Market Basket",
    "weightType": "10.5 oz",
    "imageName": "5306.jpg",
    "defaultImage": "5306.jpg",
    "updatedTimestamp": "Jan 23, 2021 8:02:30 PM",
    "createdTimestamp": "Jan 23, 2021 8:02:30 PM",
    "isNewlyAdded": false,
    "isActive": true,
    "isDealsEnabled": false,
    "quantity": 0
  },
  {
    "id": 15313,
    "code": "Centrum MultiGummies",
    "desc": "Centrum MultiGummies",
    "shortDesc": "Centrum MultiGummies",
    "tags": [
      "Vitamins & Supplements"
    ],
    "categories": [
      {
        "code": "Personal Care",
        "desc": "Personal Care"
      }
    ],
    "subCategories": [
      {
        "code": "Vitamins & Proteins",
        "desc": "Vitamins & Proteins"
      }
    ],
    "brands": [
      {
        "code": "Centrum",
        "desc": "Centrum"
      }
    ],
    "price": {
      "basePrice": 10.8,
      "discountPrice": 10.8
    },
    "type": {
      "code": "Vitamins & Supplements",
      "desc": "Vitamins & Supplements"
    },
    "weight": "70 count",
    "UpcCode": "",
    "tax": 1.0,
    "spiceLevel": "",
    "aiselNo": "13",
    "store": "Market Basket",
    "weightType": "70 count",
    "imageName": "No Image.jpg",
    "defaultImage": "No Image.jpg",
    "updatedTimestamp": "Jan 23, 2021 8:02:30 PM",
    "createdTimestamp": "Jan 23, 2021 8:02:30 PM",
    "isNewlyAdded": false,
    "isActive": true,
    "isDealsEnabled": false,
    "quantity": 0
  },
  {
    "id": 15192,
    "code": "Crest Pro-Health Fluoride Toothpaste Clean Mint",
    "desc": "Crest Pro-Health Fluoride Toothpaste Clean Mint",
    "shortDesc": "Crest Pro-Health Fluoride Toothpaste Clean Mint",
    "tags": [
      "Oral Hygiene"
    ],
    "categories": [
      {
        "code": "Personal Care",
        "desc": "Personal Care"
      }
    ],
    "subCategories": [
      {
        "code": "Personal Needs",
        "desc": "Personal Needs"
      }
    ],
    "brands": [
      {
        "code": "Crest",
        "desc": "Crest"
      }
    ],
    "price": {
      "basePrice": 4.24,
      "discountPrice": 4.24
    },
    "type": {
      "code": "Oral Hygiene",
      "desc": "Oral Hygiene"
    },
    "weight": "1 count",
    "UpcCode": "",
    "tax": 1.0,
    "spiceLevel": "",
    "aiselNo": "13",
    "store": "Market Basket",
    "weightType": "1 count",
    "imageName": "6420.jpg",
    "defaultImage": "6420.jpg",
    "updatedTimestamp": "Jan 23, 2021 8:02:30 PM",
    "createdTimestamp": "Jan 23, 2021 8:02:30 PM",
    "isNewlyAdded": false,
    "isActive": true,
    "isDealsEnabled": false,
    "quantity": 0
  },
  {
    "id": 4722,
    "code": "Kentucky Legend Ham Steak, 45% Lower Sodium",
    "desc": "Kentucky Legend Ham Steak, 45% Lower Sodium",
    "shortDesc": "Kentucky Legend Ham Steak, 45% Lower Sodium",
    "tags": [
      "Ham"
    ],
    "categories": [
      {
        "code": "Meat & Seafood",
        "desc": "Meat & Seafood"
      }
    ],
    "subCategories": [
      {
        "code": "Frozen Meat & Seafood",
        "desc": "Frozen Meat & Seafood"
      }
    ],
    "brands": [
      {
        "code": "Kentucky Legend",
        "desc": "Kentucky Legend"
      }
    ],
    "price": {
      "basePrice": 2.69,
      "discountPrice": 2.69
    },
    "type": {
      "code": "Ham",
      "desc": "Ham"
    },
    "weight": "8 oz",
    "UpcCode": "",
    "tax": 0.0,
    "spiceLevel": "",
    "aiselNo": "18",
    "store": "Market Basket",
    "weightType": "8 oz",
    "imageName": "17981.jpg",
    "defaultImage": "17981.jpg",
    "updatedTimestamp": "Jan 23, 2021 8:02:30 PM",
    "createdTimestamp": "Jan 23, 2021 8:02:30 PM",
    "isNewlyAdded": false,
    "isActive": true,
    "isDealsEnabled": false,
    "quantity": 0
  },
  {
    "id": 528,
    "code": "Arm & Hammer plus OXI CLEAN 5 in 1 power packs Laundry Detergent",
    "desc": "Arm & Hammer plus OXI CLEAN 5 in 1 power packs Laundry Detergent",
    "shortDesc": "Arm & Hammer plus OXI CLEAN 5 in 1 power packs Laundry Detergent",
    "tags": [
      "Laundry Detergent"
    ],
    "categories": [
      {
        "code": "Laundry & Paper Goods",
        "desc": "Laundry & Paper Goods"
      }
    ],
    "subCategories": [
      {
        "code": "Laundry",
        "desc": "Laundry"
      }
    ],
    "brands": [
      {
        "code": "Arm & Hammer",
        "desc": "Arm & Hammer"
      }
    ],
    "price": {
      "basePrice": 9.99,
      "discountPrice": 9.99
    },
    "type": {
      "code": "Laundry Detergent",
      "desc": "Laundry Detergent"
    },
    "weight": "40 packs",
    "UpcCode": "",
    "tax": 1.0,
    "spiceLevel": "",
    "aiselNo": "15",
    "store": "Market Basket",
    "weightType": "40 packs",
    "imageName": "No Image.jpg",
    "defaultImage": "No Image.jpg",
    "updatedTimestamp": "Jan 23, 2021 8:02:30 PM",
    "createdTimestamp": "Jan 23, 2021 8:02:30 PM",
    "isNewlyAdded": false,
    "isActive": true,
    "isDealsEnabled": false,
    "quantity": 0
  },
  {
    "id": 15296,
    "code": "Glucerna Diabetes Nutritional Shake",
    "desc": "Glucerna Diabetes Nutritional Shake",
    "shortDesc": "Glucerna Diabetes Nutritional Shake",
    "tags": [
      "Protien Drinks"
    ],
    "categories": [
      {
        "code": "Personal Care",
        "desc": "Personal Care"
      }
    ],
    "subCategories": [
      {
        "code": "Vitamins & Proteins",
        "desc": "Vitamins & Proteins"
      }
    ],
    "brands": [
      {
        "code": "Glucerna",
        "desc": "Glucerna"
      }
    ],
    "price": {
      "basePrice": 14.02,
      "discountPrice": 14.02
    },
    "type": {
      "code": "Protien Drinks",
      "desc": "Protien Drinks"
    },
    "weight": "6 x 8 fl oz",
    "UpcCode": "",
    "tax": 1.0,
    "spiceLevel": "",
    "aiselNo": "13",
    "store": "Market Basket",
    "weightType": "6 x 8 fl oz",
    "imageName": "6744.jpg",
    "defaultImage": "6744.jpg",
    "updatedTimestamp": "Jan 23, 2021 8:02:30 PM",
    "createdTimestamp": "Jan 23, 2021 8:02:30 PM",
    "isNewlyAdded": false,
    "isActive": true,
    "isDealsEnabled": false,
    "quantity": 0
  },
  {
    "id": 8724,
    "code": "Drews Salsa, Thick & Chunky, Hot, Organic, Jar",
    "desc": "Drews Salsa, Thick & Chunky, Hot, Organic, Jar",
    "shortDesc": "Drews Salsa, Thick & Chunky, Hot, Organic, Jar",
    "tags": [
      "Preserved Dips & Salsa"
    ],
    "categories": [
      {
        "code": "Condiments & Dressings",
        "desc": "Condiments & Dressings"
      }
    ],
    "subCategories": [
      {
        "code": "Preserved Dips & Spreads",
        "desc": "Preserved Dips & Spreads"
      }
    ],
    "brands": [
      {
        "code": "Drew's",
        "desc": "Drew's"
      }
    ],
    "price": {
      "basePrice": 5.49,
      "discountPrice": 5.49
    },
    "type": {
      "code": "Preserved Dips & Salsa",
      "desc": "Preserved Dips & Salsa"
    },
    "weight": "12 oz",
    "UpcCode": "",
    "tax": 0.0,
    "spiceLevel": "",
    "aiselNo": "1",
    "store": "Market Basket",
    "weightType": "12 oz",
    "imageName": "15587.jpg",
    "defaultImage": "15587.jpg",
    "updatedTimestamp": "Jan 23, 2021 8:02:30 PM",
    "createdTimestamp": "Jan 23, 2021 8:02:30 PM",
    "isNewlyAdded": false,
    "isActive": true,
    "isDealsEnabled": false,
    "quantity": 0
  },
  {
    "id": 13528,
    "code": "Organic Valley 2% Reduced Fat Milk Lactos Free",
    "desc": "Organic Valley 2% Reduced Fat Milk Lactos Free",
    "shortDesc": "Organic Valley 2% Reduced Fat Milk Lactos Free",
    "tags": [
      "Milk"
    ],
    "categories": [
      {
        "code": "Breakfast & Dairy",
        "desc": "Breakfast & Dairy"
      }
    ],
    "subCategories": [
      {
        "code": "Dairy & Eggs",
        "desc": "Dairy & Eggs"
      }
    ],
    "brands": [
      {
        "code": "Organic Valley",
        "desc": "Organic Valley"
      }
    ],
    "price": {
      "basePrice": 6.24,
      "discountPrice": 6.24
    },
    "type": {
      "code": "Milk",
      "desc": "Milk"
    },
    "weight": "0.5 gal",
    "UpcCode": "",
    "tax": 0.0,
    "spiceLevel": "",
    "aiselNo": "1",
    "store": "Market Basket",
    "weightType": "0.5 gal",
    "imageName": "506.jpg",
    "defaultImage": "506.jpg",
    "updatedTimestamp": "Jan 23, 2021 8:02:30 PM",
    "createdTimestamp": "Jan 23, 2021 8:02:30 PM",
    "isNewlyAdded": false,
    "isActive": true,
    "isDealsEnabled": false,
    "quantity": 0
  },
  {
    "id": 13690,
    "code": "Galbani Part Skim Milk Cheese Ricotta",
    "desc": "Galbani Part Skim Milk Cheese Ricotta",
    "shortDesc": "Galbani Part Skim Milk Cheese Ricotta",
    "tags": [
      "Packaged Cheese"
    ],
    "categories": [
      {
        "code": "Breakfast & Dairy",
        "desc": "Breakfast & Dairy"
      }
    ],
    "subCategories": [
      {
        "code": "Dairy & Eggs",
        "desc": "Dairy & Eggs"
      }
    ],
    "brands": [
      {
        "code": "Galbani",
        "desc": "Galbani"
      }
    ],
    "price": {
      "basePrice": 3.09,
      "discountPrice": 3.09
    },
    "type": {
      "code": "Packaged Cheese",
      "desc": "Packaged Cheese"
    },
    "weight": "2 lb",
    "UpcCode": "",
    "tax": 0.0,
    "spiceLevel": "",
    "aiselNo": "1",
    "store": "Market Basket",
    "weightType": "2 lb",
    "imageName": "153.jpg",
    "defaultImage": "153.jpg",
    "updatedTimestamp": "Jan 23, 2021 8:02:30 PM",
    "createdTimestamp": "Jan 23, 2021 8:02:30 PM",
    "isNewlyAdded": false,
    "isActive": true,
    "isDealsEnabled": false,
    "quantity": 0
  },
  {
    "id": 7497,
    "code": "Libby's Cream Style Sweet Corn",
    "desc": "Libby's Cream Style Sweet Corn",
    "shortDesc": "Libby's Cream Style Sweet Corn",
    "tags": [
      "Canned & Jarred Vegetables"
    ],
    "categories": [
      {
        "code": "Cooking Needs",
        "desc": "Cooking Needs"
      }
    ],
    "subCategories": [
      {
        "code": "Canned Food",
        "desc": "Canned Food"
      }
    ],
    "brands": [
      {
        "code": "Libby's",
        "desc": "Libby's"
      }
    ],
    "price": {
      "basePrice": 0.99,
      "discountPrice": 0.99
    },
    "type": {
      "code": "Canned & Jarred Vegetables",
      "desc": "Canned & Jarred Vegetables"
    },
    "weight": "14.75 oz",
    "UpcCode": "",
    "tax": 0.0,
    "spiceLevel": "",
    "aiselNo": "9",
    "store": "Market Basket",
    "weightType": "14.75 oz",
    "imageName": "5091.jpg",
    "defaultImage": "5091.jpg",
    "updatedTimestamp": "Jan 23, 2021 8:02:30 PM",
    "createdTimestamp": "Jan 23, 2021 8:02:30 PM",
    "isNewlyAdded": false,
    "isActive": true,
    "isDealsEnabled": false,
    "quantity": 0
  },
  {
    "id": 9883,
    "code": "Market Basket Quick And Steamy Whole Green Beans",
    "desc": "Market Basket Quick And Steamy Whole Green Beans",
    "shortDesc": "Market Basket Quick And Steamy Whole Green Beans",
    "tags": [
      "Frozen Produce"
    ],
    "categories": [
      {
        "code": "Frozen Food",
        "desc": "Frozen Food"
      }
    ],
    "subCategories": [
      {
        "code": "Frozen Produce",
        "desc": "Frozen Produce"
      }
    ],
    "brands": [
      {
        "code": "Market Basket",
        "desc": "Market Basket"
      }
    ],
    "price": {
      "basePrice": 1.29,
      "discountPrice": 1.29
    },
    "type": {
      "code": "Frozen Produce",
      "desc": "Frozen Produce"
    },
    "weight": "12 oz",
    "UpcCode": "",
    "tax": 0.0,
    "spiceLevel": "",
    "aiselNo": "19",
    "store": "Market Basket",
    "weightType": "12 oz",
    "imageName": "Market Basket.jpg",
    "defaultImage": "Market Basket.jpg",
    "updatedTimestamp": "Jan 23, 2021 8:02:30 PM",
    "createdTimestamp": "Jan 23, 2021 8:02:30 PM",
    "isNewlyAdded": false,
    "isActive": true,
    "isDealsEnabled": false,
    "quantity": 0
  },
  {
    "id": 6852,
    "code": "Goya Corn Meal Fine Yellow",
    "desc": "Goya Corn Meal Fine Yellow",
    "shortDesc": "Goya Corn Meal Fine Yellow",
    "tags": [
      "Baking Ingredients"
    ],
    "categories": [
      {
        "code": "Cooking Needs",
        "desc": "Cooking Needs"
      }
    ],
    "subCategories": [
      {
        "code": "Baking & Cooking",
        "desc": "Baking & Cooking"
      }
    ],
    "brands": [
      {
        "code": "Goya",
        "desc": "Goya"
      }
    ],
    "price": {
      "basePrice": 1.99,
      "discountPrice": 1.99
    },
    "type": {
      "code": "Baking Ingredients",
      "desc": "Baking Ingredients"
    },
    "weight": "24 oz",
    "UpcCode": "",
    "tax": 0.0,
    "spiceLevel": "",
    "aiselNo": "8",
    "store": "Market Basket",
    "weightType": "24 oz",
    "imageName": "2350.jpg",
    "defaultImage": "2350.jpg",
    "updatedTimestamp": "Jan 23, 2021 8:02:30 PM",
    "createdTimestamp": "Jan 23, 2021 8:02:30 PM",
    "isNewlyAdded": false,
    "isActive": true,
    "isDealsEnabled": false,
    "quantity": 0
  },
  {
    "id": 5112,
    "code": "Pepperidge Farm Chocolate Collection Cookies",
    "desc": "Pepperidge Farm Chocolate Collection Cookies",
    "shortDesc": "Pepperidge Farm Chocolate Collection Cookies",
    "tags": [
      "Cookies & Cakes"
    ],
    "categories": [
      {
        "code": "Chips, Cookies & Snacks",
        "desc": "Chips, Cookies & Snacks"
      }
    ],
    "subCategories": [
      {
        "code": "Cookies & Crackers",
        "desc": "Cookies & Crackers"
      }
    ],
    "brands": [
      {
        "code": "Pepperidge Farm",
        "desc": "Pepperidge Farm"
      }
    ],
    "price": {
      "basePrice": 9.36,
      "discountPrice": 9.36
    },
    "type": {
      "code": "Cookies & Cakes",
      "desc": "Cookies & Cakes"
    },
    "weight": "13 oz",
    "UpcCode": "",
    "tax": 0.0,
    "spiceLevel": "",
    "aiselNo": "6",
    "store": "Market Basket",
    "weightType": "13 oz",
    "imageName": "15030.jpg",
    "defaultImage": "15030.jpg",
    "updatedTimestamp": "Jan 23, 2021 8:02:30 PM",
    "createdTimestamp": "Jan 23, 2021 8:02:30 PM",
    "isNewlyAdded": false,
    "isActive": true,
    "isDealsEnabled": false,
    "quantity": 0
  },
  {
    "id": 14657,
    "code": "Yogi Organic Ginger Herbal Tea, Caffeine Free",
    "desc": "Yogi Organic Ginger Herbal Tea, Caffeine Free",
    "shortDesc": "Yogi Organic Ginger Herbal Tea, Caffeine Free",
    "tags": [
      "Tea"
    ],
    "categories": [
      {
        "code": "Breakfast & Dairy",
        "desc": "Breakfast & Dairy"
      }
    ],
    "subCategories": [
      {
        "code": "Tea & Coffee",
        "desc": "Tea & Coffee"
      }
    ],
    "brands": [
      {
        "code": "Yogi",
        "desc": "Yogi"
      }
    ],
    "price": {
      "basePrice": 4.89,
      "discountPrice": 4.89
    },
    "type": {
      "code": "Tea",
      "desc": "Tea"
    },
    "weight": "16 x 1.12 oz",
    "UpcCode": "",
    "tax": 0.0,
    "spiceLevel": "",
    "aiselNo": "8",
    "store": "Market Basket",
    "weightType": "16 x 1.12 oz",
    "imageName": "3504.jpg",
    "defaultImage": "3504.jpg",
    "updatedTimestamp": "Jan 23, 2021 8:02:30 PM",
    "createdTimestamp": "Jan 23, 2021 8:02:30 PM",
    "isNewlyAdded": false,
    "isActive": true,
    "isDealsEnabled": false,
    "quantity": 0
  },
  {
    "id": 9977,
    "code": "Breyers Frozen Dairy Dessert Black Raspberry Chocolate",
    "desc": "Breyers Frozen Dairy Dessert Black Raspberry Chocolate",
    "shortDesc": "Breyers Frozen Dairy Dessert Black Raspberry Chocolate",
    "tags": [
      "Ice Cream & Ice"
    ],
    "categories": [
      {
        "code": "Frozen Food",
        "desc": "Frozen Food"
      }
    ],
    "subCategories": [
      {
        "code": "Ice Cream & Ice",
        "desc": "Ice Cream & Ice"
      }
    ],
    "brands": [
      {
        "code": "Breyer's",
        "desc": "Breyer's"
      }
    ],
    "price": {
      "basePrice": 4.79,
      "discountPrice": 4.79
    },
    "type": {
      "code": "Ice Cream & Ice",
      "desc": "Ice Cream & Ice"
    },
    "weight": "48 oz",
    "UpcCode": "",
    "tax": 0.0,
    "spiceLevel": "",
    "aiselNo": "21",
    "store": "Market Basket",
    "weightType": "48 oz",
    "imageName": "16144.jpg",
    "defaultImage": "16144.jpg",
    "updatedTimestamp": "Jan 23, 2021 8:02:30 PM",
    "createdTimestamp": "Jan 23, 2021 8:02:30 PM",
    "isNewlyAdded": false,
    "isActive": true,
    "isDealsEnabled": false,
    "quantity": 0
  },
  {
    "id": 5764,
    "code": "Luna White Chocolate Macadamia Whole Nutrition Bar",
    "desc": "Luna White Chocolate Macadamia Whole Nutrition Bar",
    "shortDesc": "Luna White Chocolate Macadamia Whole Nutrition Bar",
    "tags": [
      "Protien Bars"
    ],
    "categories": [
      {
        "code": "Breakfast & Dairy",
        "desc": "Breakfast & Dairy"
      }
    ],
    "subCategories": [
      {
        "code": "Bars & Pastries",
        "desc": "Bars & Pastries"
      }
    ],
    "brands": [
      {
        "code": "Luna",
        "desc": "Luna"
      }
    ],
    "price": {
      "basePrice": 1.25,
      "discountPrice": 1.25
    },
    "type": {
      "code": "Protien Bars",
      "desc": "Protien Bars"
    },
    "weight": "1.69 oz",
    "UpcCode": "",
    "tax": 0.0,
    "spiceLevel": "",
    "aiselNo": "3",
    "store": "Market Basket",
    "weightType": "1.69 oz",
    "imageName": "1296.jpg",
    "defaultImage": "1296.jpg",
    "updatedTimestamp": "Jan 23, 2021 8:02:30 PM",
    "createdTimestamp": "Jan 23, 2021 8:02:30 PM",
    "isNewlyAdded": false,
    "isActive": true,
    "isDealsEnabled": false,
    "quantity": 0
  },
  {
    "id": 13887,
    "code": "Market Basket 80% Vegetable Oil Margarine",
    "desc": "Market Basket 80% Vegetable Oil Margarine",
    "shortDesc": "Market Basket 80% Vegetable Oil Margarine",
    "tags": [
      "Soy & Lactose-Free"
    ],
    "categories": [
      {
        "code": "Breakfast & Dairy",
        "desc": "Breakfast & Dairy"
      }
    ],
    "subCategories": [
      {
        "code": "Dairy & Eggs",
        "desc": "Dairy & Eggs"
      }
    ],
    "brands": [
      {
        "code": "Market Basket",
        "desc": "Market Basket"
      }
    ],
    "price": {
      "basePrice": 1.29,
      "discountPrice": 1.29
    },
    "type": {
      "code": "Soy & Lactose-Free",
      "desc": "Soy & Lactose-Free"
    },
    "weight": "16 oz",
    "UpcCode": "",
    "tax": 0.0,
    "spiceLevel": "",
    "aiselNo": "1",
    "store": "Market Basket",
    "weightType": "16 oz",
    "imageName": "Market Basket.jpg",
    "defaultImage": "Market Basket.jpg",
    "updatedTimestamp": "Jan 23, 2021 8:02:30 PM",
    "createdTimestamp": "Jan 23, 2021 8:02:30 PM",
    "isNewlyAdded": false,
    "isActive": true,
    "isDealsEnabled": false,
    "quantity": 0
  },
  {
    "id": 6161,
    "code": "Pepsi Diet Box of Cans",
    "desc": "Pepsi Diet Box of Cans",
    "shortDesc": "Pepsi Diet Box of Cans",
    "tags": [
      "Soft Drinks"
    ],
    "categories": [
      {
        "code": "Beverages & Juices",
        "desc": "Beverages & Juices"
      }
    ],
    "subCategories": [
      {
        "code": "Soft Drinks & Seltzers",
        "desc": "Soft Drinks & Seltzers"
      }
    ],
    "brands": [
      {
        "code": "Pepsi",
        "desc": "Pepsi"
      }
    ],
    "price": {
      "basePrice": 9.99,
      "discountPrice": 9.99
    },
    "type": {
      "code": "Soft Drinks",
      "desc": "Soft Drinks"
    },
    "weight": "24 x 12 fl oz",
    "UpcCode": "",
    "tax": 0.0,
    "spiceLevel": "",
    "aiselNo": "17",
    "store": "Market Basket",
    "weightType": "24 x 12 fl oz",
    "imageName": "No Image.jpg",
    "defaultImage": "No Image.jpg",
    "updatedTimestamp": "Jan 23, 2021 8:02:30 PM",
    "createdTimestamp": "Jan 23, 2021 8:02:30 PM",
    "isNewlyAdded": false,
    "isActive": true,
    "isDealsEnabled": false,
    "quantity": 0
  },
  {
    "id": 4808,
    "code": "Market Basket Fudge Marshmellow Cookies",
    "desc": "Market Basket Fudge Marshmellow Cookies",
    "shortDesc": "Market Basket Fudge Marshmellow Cookies",
    "tags": [
      "Cookies & Cakes"
    ],
    "categories": [
      {
        "code": "Chips, Cookies & Snacks",
        "desc": "Chips, Cookies & Snacks"
      }
    ],
    "subCategories": [
      {
        "code": "Cookies & Crackers",
        "desc": "Cookies & Crackers"
      }
    ],
    "brands": [
      {
        "code": "Market Basket",
        "desc": "Market Basket"
      }
    ],
    "price": {
      "basePrice": 3.13,
      "discountPrice": 3.13
    },
    "type": {
      "code": "Cookies & Cakes",
      "desc": "Cookies & Cakes"
    },
    "weight": "12 oz",
    "UpcCode": "",
    "tax": 0.0,
    "spiceLevel": "",
    "aiselNo": "6",
    "store": "Market Basket",
    "weightType": "12 oz",
    "imageName": "Market Basket.jpg",
    "defaultImage": "Market Basket.jpg",
    "updatedTimestamp": "Jan 23, 2021 8:02:30 PM",
    "createdTimestamp": "Jan 23, 2021 8:02:30 PM",
    "isNewlyAdded": false,
    "isActive": true,
    "isDealsEnabled": false,
    "quantity": 0
  },
  {
    "id": 6903,
    "code": "Pillsbury Softasilk Cake Flour",
    "desc": "Pillsbury Softasilk Cake Flour",
    "shortDesc": "Pillsbury Softasilk Cake Flour",
    "tags": [
      "Baking Ingredients"
    ],
    "categories": [
      {
        "code": "Cooking Needs",
        "desc": "Cooking Needs"
      }
    ],
    "subCategories": [
      {
        "code": "Baking & Cooking",
        "desc": "Baking & Cooking"
      }
    ],
    "brands": [
      {
        "code": "Pillsbury",
        "desc": "Pillsbury"
      }
    ],
    "price": {
      "basePrice": 3.29,
      "discountPrice": 3.29
    },
    "type": {
      "code": "Baking Ingredients",
      "desc": "Baking Ingredients"
    },
    "weight": "32 oz",
    "UpcCode": "",
    "tax": 0.0,
    "spiceLevel": "",
    "aiselNo": "8",
    "store": "Market Basket",
    "weightType": "32 oz",
    "imageName": "15722.jpg",
    "defaultImage": "15722.jpg",
    "updatedTimestamp": "Jan 23, 2021 8:02:30 PM",
    "createdTimestamp": "Jan 23, 2021 8:02:30 PM",
    "isNewlyAdded": false,
    "isActive": true,
    "isDealsEnabled": false,
    "quantity": 0
  },
  {
    "id": 13388,
    "code": "NestlÃÂ© Coffee Mate Sugar Free Hazelnut Powder Coffee Creamer",
    "desc": "NestlÃÂ© Coffee Mate Sugar Free Hazelnut Powder Coffee Creamer",
    "shortDesc": "NestlÃÂ© Coffee Mate Sugar Free Hazelnut Powder Coffee Creamer",
    "tags": [
      "Cream"
    ],
    "categories": [
      {
        "code": "Breakfast & Dairy",
        "desc": "Breakfast & Dairy"
      }
    ],
    "subCategories": [
      {
        "code": "Dairy & Eggs",
        "desc": "Dairy & Eggs"
      }
    ],
    "brands": [
      {
        "code": "Nestle",
        "desc": "Nestle"
      }
    ],
    "price": {
      "basePrice": 4.89,
      "discountPrice": 4.89
    },
    "type": {
      "code": "Cream",
      "desc": "Cream"
    },
    "weight": "10.2 oz",
    "UpcCode": "",
    "tax": 0.0,
    "spiceLevel": "",
    "aiselNo": "1",
    "store": "Market Basket",
    "weightType": "10.2 oz",
    "imageName": "534.jpg",
    "defaultImage": "534.jpg",
    "updatedTimestamp": "Jan 23, 2021 8:02:30 PM",
    "createdTimestamp": "Jan 23, 2021 8:02:30 PM",
    "isNewlyAdded": false,
    "isActive": true,
    "isDealsEnabled": false,
    "quantity": 0
  },
  {
    "id": 14835,
    "code": "Dove Beauty Bar Cucumber And Green Tea",
    "desc": "Dove Beauty Bar Cucumber And Green Tea",
    "shortDesc": "Dove Beauty Bar Cucumber And Green Tea",
    "tags": [
      "Soap"
    ],
    "categories": [
      {
        "code": "Personal Care",
        "desc": "Personal Care"
      }
    ],
    "subCategories": [
      {
        "code": "Body Wash, Soap & Hair Care",
        "desc": "Body Wash, Soap & Hair Care"
      }
    ],
    "brands": [
      {
        "code": "Dove",
        "desc": "Dove"
      }
    ],
    "price": {
      "basePrice": 9.88,
      "discountPrice": 9.88
    },
    "type": {
      "code": "Soap",
      "desc": "Soap"
    },
    "weight": "6 x 4 oz",
    "UpcCode": "",
    "tax": 1.0,
    "spiceLevel": "",
    "aiselNo": "13",
    "store": "Market Basket",
    "weightType": "6 x 4 oz",
    "imageName": "18143.jpg",
    "defaultImage": "18143.jpg",
    "updatedTimestamp": "Jan 23, 2021 8:02:30 PM",
    "createdTimestamp": "Jan 23, 2021 8:02:30 PM",
    "isNewlyAdded": false,
    "isActive": true,
    "isDealsEnabled": false,
    "quantity": 0
  },
  {
    "id": 10111,
    "code": "Hood Sherbet Orange",
    "desc": "Hood Sherbet Orange",
    "shortDesc": "Hood Sherbet Orange",
    "tags": [
      "Ice Cream & Ice"
    ],
    "categories": [
      {
        "code": "Frozen Food",
        "desc": "Frozen Food"
      }
    ],
    "subCategories": [
      {
        "code": "Ice Cream & Ice",
        "desc": "Ice Cream & Ice"
      }
    ],
    "brands": [
      {
        "code": "Hood",
        "desc": "Hood"
      }
    ],
    "price": {
      "basePrice": 2.39,
      "discountPrice": 2.39
    },
    "type": {
      "code": "Ice Cream & Ice",
      "desc": "Ice Cream & Ice"
    },
    "weight": "32 fl oz",
    "UpcCode": "",
    "tax": 0.0,
    "spiceLevel": "",
    "aiselNo": "21",
    "store": "Market Basket",
    "weightType": "32 fl oz",
    "imageName": "Market Basket.jpg",
    "defaultImage": "Market Basket.jpg",
    "updatedTimestamp": "Jan 23, 2021 8:02:30 PM",
    "createdTimestamp": "Jan 23, 2021 8:02:30 PM",
    "isNewlyAdded": false,
    "isActive": true,
    "isDealsEnabled": false,
    "quantity": 0
  },
  {
    "id": 6924,
    "code": "Toll House Premier White Morsels",
    "desc": "Toll House Premier White Morsels",
    "shortDesc": "Toll House Premier White Morsels",
    "tags": [
      "Baking Ingredients"
    ],
    "categories": [
      {
        "code": "Cooking Needs",
        "desc": "Cooking Needs"
      }
    ],
    "subCategories": [
      {
        "code": "Baking & Cooking",
        "desc": "Baking & Cooking"
      }
    ],
    "brands": [
      {
        "code": "Toll House",
        "desc": "Toll House"
      }
    ],
    "price": {
      "basePrice": 3.09,
      "discountPrice": 3.09
    },
    "type": {
      "code": "Baking Ingredients",
      "desc": "Baking Ingredients"
    },
    "weight": "12 oz",
    "UpcCode": "",
    "tax": 0.0,
    "spiceLevel": "",
    "aiselNo": "8",
    "store": "Market Basket",
    "weightType": "12 oz",
    "imageName": "2359.jpg",
    "defaultImage": "2359.jpg",
    "updatedTimestamp": "Jan 23, 2021 8:02:30 PM",
    "createdTimestamp": "Jan 23, 2021 8:02:30 PM",
    "isNewlyAdded": false,
    "isActive": true,
    "isDealsEnabled": false,
    "quantity": 0
  },
  {
    "id": 6029,
    "code": "Red Bull Red Edition - Cranberry",
    "desc": "Red Bull Red Edition - Cranberry",
    "shortDesc": "Red Bull Red Edition - Cranberry",
    "tags": [
      "Energy & Sports Drinks"
    ],
    "categories": [
      {
        "code": "Beverages & Juices",
        "desc": "Beverages & Juices"
      }
    ],
    "subCategories": [
      {
        "code": "Energy & Sports Drinks",
        "desc": "Energy & Sports Drinks"
      }
    ],
    "brands": [
      {
        "code": "Red Bull",
        "desc": "Red Bull"
      }
    ],
    "price": {
      "basePrice": 3.13,
      "discountPrice": 3.13
    },
    "type": {
      "code": "Energy & Sports Drinks",
      "desc": "Energy & Sports Drinks"
    },
    "weight": "12 fl oz",
    "UpcCode": "",
    "tax": 0.0,
    "spiceLevel": "",
    "aiselNo": "17",
    "store": "Market Basket",
    "weightType": "12 fl oz",
    "imageName": "No Image.jpg",
    "defaultImage": "No Image.jpg",
    "updatedTimestamp": "Jan 23, 2021 8:02:29 PM",
    "createdTimestamp": "Jan 23, 2021 8:02:29 PM",
    "isNewlyAdded": false,
    "isActive": true,
    "isDealsEnabled": false,
    "quantity": 0
  },
  {
    "id": 3471,
    "code": "Red Guava",
    "desc": "Red Guava",
    "shortDesc": "Red Guava",
    "tags": [
      "Red Quava"
    ],
    "categories": [
      {
        "code": "Fresh Produce",
        "desc": "Fresh Produce"
      }
    ],
    "subCategories": [
      {
        "code": "Fresh Fruits",
        "desc": "Fresh Fruits"
      }
    ],
    "brands": [
      {
        "code": "Market Basket",
        "desc": "Market Basket"
      }
    ],
    "price": {
      "basePrice": 6.59,
      "discountPrice": 6.59
    },
    "type": {
      "code": "Red Quava",
      "desc": "Red Quava"
    },
    "weight": "1 lb",
    "UpcCode": "",
    "tax": 0.0,
    "spiceLevel": "",
    "aiselNo": "20",
    "store": "Market Basket",
    "weightType": "1 lb",
    "imageName": "f57.jpg",
    "defaultImage": "f57.jpg",
    "updatedTimestamp": "Jan 23, 2021 8:02:30 PM",
    "createdTimestamp": "Jan 23, 2021 8:02:30 PM",
    "isNewlyAdded": false,
    "isActive": true,
    "isDealsEnabled": false,
    "quantity": 0
  },
  {
    "id": 4299,
    "code": "Market Basket Select Thin Boneless Strip",
    "desc": "Market Basket Select Thin Boneless Strip",
    "shortDesc": "Market Basket Select Thin Boneless Strip",
    "tags": [
      "Other Meat"
    ],
    "categories": [
      {
        "code": "Meat & Seafood",
        "desc": "Meat & Seafood"
      }
    ],
    "subCategories": [
      {
        "code": "Meat & Seafood Counter",
        "desc": "Meat & Seafood Counter"
      }
    ],
    "brands": [
      {
        "code": "Market Basket",
        "desc": "Market Basket"
      }
    ],
    "price": {
      "basePrice": 10.19,
      "discountPrice": 10.19
    },
    "type": {
      "code": "Other Meat",
      "desc": "Other Meat"
    },
    "weight": "Approx: 1.01 lb at $10.1/lb",
    "UpcCode": "",
    "tax": 0.0,
    "spiceLevel": "",
    "aiselNo": "22",
    "store": "Market Basket",
    "weightType": "Approx: 1.01 lb at $10.1/lb",
    "imageName": "Market Basket.jpg",
    "defaultImage": "Market Basket.jpg",
    "updatedTimestamp": "Jan 23, 2021 8:02:30 PM",
    "createdTimestamp": "Jan 23, 2021 8:02:30 PM",
    "isNewlyAdded": false,
    "isActive": true,
    "isDealsEnabled": false,
    "quantity": 0
  },
  {
    "id": 15328,
    "code": "Nature Made Calcium 500 mg Gummies",
    "desc": "Nature Made Calcium 500 mg Gummies",
    "shortDesc": "Nature Made Calcium 500 mg Gummies",
    "tags": [
      "Vitamins & Supplements"
    ],
    "categories": [
      {
        "code": "Personal Care",
        "desc": "Personal Care"
      }
    ],
    "subCategories": [
      {
        "code": "Vitamins & Proteins",
        "desc": "Vitamins & Proteins"
      }
    ],
    "brands": [
      {
        "code": "Nature Made",
        "desc": "Nature Made"
      }
    ],
    "price": {
      "basePrice": 16.89,
      "discountPrice": 16.89
    },
    "type": {
      "code": "Vitamins & Supplements",
      "desc": "Vitamins & Supplements"
    },
    "weight": "80 count",
    "UpcCode": "",
    "tax": 1.0,
    "spiceLevel": "",
    "aiselNo": "13",
    "store": "Market Basket",
    "weightType": "80 count",
    "imageName": "18194.jpg",
    "defaultImage": "18194.jpg",
    "updatedTimestamp": "Jan 23, 2021 8:02:30 PM",
    "createdTimestamp": "Jan 23, 2021 8:02:30 PM",
    "isNewlyAdded": false,
    "isActive": true,
    "isDealsEnabled": false,
    "quantity": 0
  },
  {
    "id": 5116,
    "code": "Pepperridge Farm Sanibel Snickerdoodle",
    "desc": "Pepperridge Farm Sanibel Snickerdoodle",
    "shortDesc": "Pepperridge Farm Sanibel Snickerdoodle",
    "tags": [
      "Cookies & Cakes"
    ],
    "categories": [
      {
        "code": "Chips, Cookies & Snacks",
        "desc": "Chips, Cookies & Snacks"
      }
    ],
    "subCategories": [
      {
        "code": "Cookies & Crackers",
        "desc": "Cookies & Crackers"
      }
    ],
    "brands": [
      {
        "code": "Pepperidge Farm",
        "desc": "Pepperidge Farm"
      }
    ],
    "price": {
      "basePrice": 4.69,
      "discountPrice": 4.69
    },
    "type": {
      "code": "Cookies & Cakes",
      "desc": "Cookies & Cakes"
    },
    "weight": "8.6 oz",
    "UpcCode": "",
    "tax": 0.0,
    "spiceLevel": "",
    "aiselNo": "6",
    "store": "Market Basket",
    "weightType": "8.6 oz",
    "imageName": "No Image.jpg",
    "defaultImage": "No Image.jpg",
    "updatedTimestamp": "Jan 23, 2021 8:02:30 PM",
    "createdTimestamp": "Jan 23, 2021 8:02:30 PM",
    "isNewlyAdded": false,
    "isActive": true,
    "isDealsEnabled": false,
    "quantity": 0
  },
  {
    "id": 15000,
    "code": "Market Basket Ibuprofen Coated Tablets 200 mg",
    "desc": "Market Basket Ibuprofen Coated Tablets 200 mg",
    "shortDesc": "Market Basket Ibuprofen Coated Tablets 200 mg",
    "tags": [
      "Muscles, Joints & Pain Relief"
    ],
    "categories": [
      {
        "code": "Personal Care",
        "desc": "Personal Care"
      }
    ],
    "subCategories": [
      {
        "code": "First Aid & Healthcare",
        "desc": "First Aid & Healthcare"
      }
    ],
    "brands": [
      {
        "code": "Market Basket",
        "desc": "Market Basket"
      }
    ],
    "price": {
      "basePrice": 7.0,
      "discountPrice": 7.0
    },
    "type": {
      "code": "Muscles, Joints & Pain Relief",
      "desc": "Muscles, Joints & Pain Relief"
    },
    "weight": "100 count",
    "UpcCode": "",
    "tax": 1.0,
    "spiceLevel": "",
    "aiselNo": "13",
    "store": "Market Basket",
    "weightType": "100 count",
    "imageName": "Market Basket.jpg",
    "defaultImage": "Market Basket.jpg",
    "updatedTimestamp": "Jan 23, 2021 8:02:30 PM",
    "createdTimestamp": "Jan 23, 2021 8:02:30 PM",
    "isNewlyAdded": false,
    "isActive": true,
    "isDealsEnabled": false,
    "quantity": 0
  },
  {
    "id": 6127,
    "code": "Fanta Orange Soda",
    "desc": "Fanta Orange Soda",
    "shortDesc": "Fanta Orange Soda",
    "tags": [
      "Soft Drinks"
    ],
    "categories": [
      {
        "code": "Beverages & Juices",
        "desc": "Beverages & Juices"
      }
    ],
    "subCategories": [
      {
        "code": "Soft Drinks & Seltzers",
        "desc": "Soft Drinks & Seltzers"
      }
    ],
    "brands": [
      {
        "code": "Fanta",
        "desc": "Fanta"
      }
    ],
    "price": {
      "basePrice": 5.0,
      "discountPrice": 5.0
    },
    "type": {
      "code": "Soft Drinks",
      "desc": "Soft Drinks"
    },
    "weight": "6 x 16.9 fl oz",
    "UpcCode": "",
    "tax": 0.0,
    "spiceLevel": "",
    "aiselNo": "17",
    "store": "Market Basket",
    "weightType": "6 x 16.9 fl oz",
    "imageName": "18045.jpg",
    "defaultImage": "18045.jpg",
    "updatedTimestamp": "Jan 23, 2021 8:02:30 PM",
    "createdTimestamp": "Jan 23, 2021 8:02:30 PM",
    "isNewlyAdded": false,
    "isActive": true,
    "isDealsEnabled": false,
    "quantity": 0
  },
  {
    "id": 5709,
    "code": "Balance Bar Original Nutrition Bar Cookie Dough",
    "desc": "Balance Bar Original Nutrition Bar Cookie Dough",
    "shortDesc": "Balance Bar Original Nutrition Bar Cookie Dough",
    "tags": [
      "Protien Bars"
    ],
    "categories": [
      {
        "code": "Breakfast & Dairy",
        "desc": "Breakfast & Dairy"
      }
    ],
    "subCategories": [
      {
        "code": "Bars & Pastries",
        "desc": "Bars & Pastries"
      }
    ],
    "brands": [
      {
        "code": "Balance Bar",
        "desc": "Balance Bar"
      }
    ],
    "price": {
      "basePrice": 1.29,
      "discountPrice": 1.29
    },
    "type": {
      "code": "Protien Bars",
      "desc": "Protien Bars"
    },
    "weight": "1.76 oz",
    "UpcCode": "",
    "tax": 0.0,
    "spiceLevel": "",
    "aiselNo": "3",
    "store": "Market Basket",
    "weightType": "1.76 oz",
    "imageName": "15209.jpg",
    "defaultImage": "15209.jpg",
    "updatedTimestamp": "Jan 23, 2021 8:02:30 PM",
    "createdTimestamp": "Jan 23, 2021 8:02:30 PM",
    "isNewlyAdded": false,
    "isActive": true,
    "isDealsEnabled": false,
    "quantity": 0
  },
  {
    "id": 6221,
    "code": "Adirondack Beverages Seltzer, Lemon Lime",
    "desc": "Adirondack Beverages Seltzer, Lemon Lime",
    "shortDesc": "Adirondack Beverages Seltzer, Lemon Lime",
    "tags": [
      "Seltzer"
    ],
    "categories": [
      {
        "code": "Beverages & Juices",
        "desc": "Beverages & Juices"
      }
    ],
    "subCategories": [
      {
        "code": "Soft Drinks & Seltzers",
        "desc": "Soft Drinks & Seltzers"
      }
    ],
    "brands": [
      {
        "code": "Adirondack",
        "desc": "Adirondack"
      }
    ],
    "price": {
      "basePrice": 2.5,
      "discountPrice": 2.5
    },
    "type": {
      "code": "Seltzer",
      "desc": "Seltzer"
    },
    "weight": "8 x 12 fl oz",
    "UpcCode": "",
    "tax": 0.0,
    "spiceLevel": "",
    "aiselNo": "11",
    "store": "Market Basket",
    "weightType": "8 x 12 fl oz",
    "imageName": "No Image.jpg",
    "defaultImage": "No Image.jpg",
    "updatedTimestamp": "Jan 23, 2021 8:02:30 PM",
    "createdTimestamp": "Jan 23, 2021 8:02:30 PM",
    "isNewlyAdded": false,
    "isActive": true,
    "isDealsEnabled": false,
    "quantity": 0
  },
  {
    "id": 14517,
    "code": "Bigelow Black Tea, Constant Comment, Bags",
    "desc": "Bigelow Black Tea, Constant Comment, Bags",
    "shortDesc": "Bigelow Black Tea, Constant Comment, Bags",
    "tags": [
      "Tea"
    ],
    "categories": [
      {
        "code": "Breakfast & Dairy",
        "desc": "Breakfast & Dairy"
      }
    ],
    "subCategories": [
      {
        "code": "Tea & Coffee",
        "desc": "Tea & Coffee"
      }
    ],
    "brands": [
      {
        "code": "Bigelow ",
        "desc": "Bigelow "
      }
    ],
    "price": {
      "basePrice": 4.89,
      "discountPrice": 4.89
    },
    "type": {
      "code": "Tea",
      "desc": "Tea"
    },
    "weight": "40 count",
    "UpcCode": "",
    "tax": 0.0,
    "spiceLevel": "",
    "aiselNo": "8",
    "store": "Market Basket",
    "weightType": "40 count",
    "imageName": "3405.jpg",
    "defaultImage": "3405.jpg",
    "updatedTimestamp": "Jan 23, 2021 8:02:30 PM",
    "createdTimestamp": "Jan 23, 2021 8:02:30 PM",
    "isNewlyAdded": false,
    "isActive": true,
    "isDealsEnabled": false,
    "quantity": 0
  },
  {
    "id": 14418,
    "code": "Maxwell House International Cafe Cafe Vienna Cafe Style Beverage Mix",
    "desc": "Maxwell House International Cafe Cafe Vienna Cafe Style Beverage Mix",
    "shortDesc": "Maxwell House International Cafe Cafe Vienna Cafe Style Beverage Mix",
    "tags": [
      "Coffee"
    ],
    "categories": [
      {
        "code": "Breakfast & Dairy",
        "desc": "Breakfast & Dairy"
      }
    ],
    "subCategories": [
      {
        "code": "Tea & Coffee",
        "desc": "Tea & Coffee"
      }
    ],
    "brands": [
      {
        "code": "Maxwell House",
        "desc": "Maxwell House"
      }
    ],
    "price": {
      "basePrice": 3.69,
      "discountPrice": 3.69
    },
    "type": {
      "code": "Coffee",
      "desc": "Coffee"
    },
    "weight": "9 oz",
    "UpcCode": "",
    "tax": 0.0,
    "spiceLevel": "",
    "aiselNo": "8",
    "store": "Market Basket",
    "weightType": "9 oz",
    "imageName": "16289.jpg",
    "defaultImage": "16289.jpg",
    "updatedTimestamp": "Jan 23, 2021 8:02:30 PM",
    "createdTimestamp": "Jan 23, 2021 8:02:30 PM",
    "isNewlyAdded": false,
    "isActive": true,
    "isDealsEnabled": false,
    "quantity": 0
  },
  {
    "id": 13411,
    "code": "Windy Ridge Farms Fresh Quail Eggs",
    "desc": "Windy Ridge Farms Fresh Quail Eggs",
    "shortDesc": "Windy Ridge Farms Fresh Quail Eggs",
    "tags": [
      "Eggs"
    ],
    "categories": [
      {
        "code": "Breakfast & Dairy",
        "desc": "Breakfast & Dairy"
      }
    ],
    "subCategories": [
      {
        "code": "Dairy & Eggs",
        "desc": "Dairy & Eggs"
      }
    ],
    "brands": [
      {
        "code": "Windy Ridge",
        "desc": "Windy Ridge"
      }
    ],
    "price": {
      "basePrice": 3.69,
      "discountPrice": 3.69
    },
    "type": {
      "code": "Eggs",
      "desc": "Eggs"
    },
    "weight": "18 count",
    "UpcCode": "",
    "tax": 0.0,
    "spiceLevel": "",
    "aiselNo": "1",
    "store": "Market Basket",
    "weightType": "18 count",
    "imageName": "14761.jpg",
    "defaultImage": "14761.jpg",
    "updatedTimestamp": "Jan 23, 2021 8:02:30 PM",
    "createdTimestamp": "Jan 23, 2021 8:02:30 PM",
    "isNewlyAdded": false,
    "isActive": true,
    "isDealsEnabled": false,
    "quantity": 0
  },
  {
    "id": 7908,
    "code": "Amy's Soups Low Fat No Chicken Noodle",
    "desc": "Amy's Soups Low Fat No Chicken Noodle",
    "shortDesc": "Amy's Soups Low Fat No Chicken Noodle",
    "tags": [
      "Soup, Broth & Bouillon"
    ],
    "categories": [
      {
        "code": "Cooking Needs",
        "desc": "Cooking Needs"
      }
    ],
    "subCategories": [
      {
        "code": "Canned Food",
        "desc": "Canned Food"
      }
    ],
    "brands": [
      {
        "code": "Amy's",
        "desc": "Amy's"
      }
    ],
    "price": {
      "basePrice": 3.49,
      "discountPrice": 3.49
    },
    "type": {
      "code": "Soup, Broth & Bouillon",
      "desc": "Soup, Broth & Bouillon"
    },
    "weight": "14.1 oz",
    "UpcCode": "",
    "tax": 0.0,
    "spiceLevel": "",
    "aiselNo": "2",
    "store": "Market Basket",
    "weightType": "14.1 oz",
    "imageName": "17262.jpg",
    "defaultImage": "17262.jpg",
    "updatedTimestamp": "Jan 23, 2021 8:02:30 PM",
    "createdTimestamp": "Jan 23, 2021 8:02:30 PM",
    "isNewlyAdded": false,
    "isActive": true,
    "isDealsEnabled": false,
    "quantity": 0
  },
  {
    "id": 10036,
    "code": "Friendly's Premium Ice Cream Butter Pecan",
    "desc": "Friendly's Premium Ice Cream Butter Pecan",
    "shortDesc": "Friendly's Premium Ice Cream Butter Pecan",
    "tags": [
      "Ice Cream & Ice"
    ],
    "categories": [
      {
        "code": "Frozen Food",
        "desc": "Frozen Food"
      }
    ],
    "subCategories": [
      {
        "code": "Ice Cream & Ice",
        "desc": "Ice Cream & Ice"
      }
    ],
    "brands": [
      {
        "code": "Friendly's",
        "desc": "Friendly's"
      }
    ],
    "price": {
      "basePrice": 3.69,
      "discountPrice": 3.69
    },
    "type": {
      "code": "Ice Cream & Ice",
      "desc": "Ice Cream & Ice"
    },
    "weight": "1.5 quart",
    "UpcCode": "",
    "tax": 0.0,
    "spiceLevel": "",
    "aiselNo": "21",
    "store": "Market Basket",
    "weightType": "1.5 quart",
    "imageName": "3055.jpg",
    "defaultImage": "3055.jpg",
    "updatedTimestamp": "Jan 23, 2021 8:02:30 PM",
    "createdTimestamp": "Jan 23, 2021 8:02:30 PM",
    "isNewlyAdded": false,
    "isActive": true,
    "isDealsEnabled": false,
    "quantity": 0
  },
  {
    "id": 14542,
    "code": "Bigelow With Mint",
    "desc": "Bigelow With Mint",
    "shortDesc": "Bigelow With Mint",
    "tags": [
      "Tea"
    ],
    "categories": [
      {
        "code": "Breakfast & Dairy",
        "desc": "Breakfast & Dairy"
      }
    ],
    "subCategories": [
      {
        "code": "Tea & Coffee",
        "desc": "Tea & Coffee"
      }
    ],
    "brands": [
      {
        "code": "Bigelow ",
        "desc": "Bigelow "
      }
    ],
    "price": {
      "basePrice": 2.49,
      "discountPrice": 2.49
    },
    "type": {
      "code": "Tea",
      "desc": "Tea"
    },
    "weight": "20 count",
    "UpcCode": "",
    "tax": 0.0,
    "spiceLevel": "",
    "aiselNo": "8",
    "store": "Market Basket",
    "weightType": "20 count",
    "imageName": "3417.jpg",
    "defaultImage": "3417.jpg",
    "updatedTimestamp": "Jan 23, 2021 8:02:30 PM",
    "createdTimestamp": "Jan 23, 2021 8:02:30 PM",
    "isNewlyAdded": false,
    "isActive": true,
    "isDealsEnabled": false,
    "quantity": 0
  },
  {
    "id": 268,
    "code": "Finish Quantum Powerball Quantum Max Shine & Protect Lemon Sparkle Automatic Dishwasher Detergent",
    "desc": "Finish Quantum Powerball Quantum Max Shine & Protect Lemon Sparkle Automatic Dishwasher Detergent",
    "shortDesc": "Finish Quantum Powerball Quantum Max Shine & Protect Lemon Sparkle Automatic Dishwasher Detergent",
    "tags": [
      "Dishwasher Detergent"
    ],
    "categories": [
      {
        "code": "Kitchen & Cleaning",
        "desc": "Kitchen & Cleaning"
      }
    ],
    "subCategories": [
      {
        "code": "Dish Detergents",
        "desc": "Dish Detergents"
      }
    ],
    "brands": [
      {
        "code": "Finish",
        "desc": "Finish"
      }
    ],
    "price": {
      "basePrice": 7.39,
      "discountPrice": 7.39
    },
    "type": {
      "code": "Dishwasher Detergent",
      "desc": "Dishwasher Detergent"
    },
    "weight": "14.6 oz",
    "UpcCode": "",
    "tax": 1.0,
    "spiceLevel": "",
    "aiselNo": "15",
    "store": "Market Basket",
    "weightType": "14.6 oz",
    "imageName": "16849.jpg",
    "defaultImage": "16849.jpg",
    "updatedTimestamp": "Jan 23, 2021 8:02:30 PM",
    "createdTimestamp": "Jan 23, 2021 8:02:30 PM",
    "isNewlyAdded": false,
    "isActive": true,
    "isDealsEnabled": false,
    "quantity": 0
  },
  {
    "id": 8128,
    "code": "Rachael Ray Stock In A Box All Natural Beef",
    "desc": "Rachael Ray Stock In A Box All Natural Beef",
    "shortDesc": "Rachael Ray Stock In A Box All Natural Beef",
    "tags": [
      "Soup, Broth & Bouillon"
    ],
    "categories": [
      {
        "code": "Cooking Needs",
        "desc": "Cooking Needs"
      }
    ],
    "subCategories": [
      {
        "code": "Canned Food",
        "desc": "Canned Food"
      }
    ],
    "brands": [
      {
        "code": "Rachael Ray",
        "desc": "Rachael Ray"
      }
    ],
    "price": {
      "basePrice": 2.49,
      "discountPrice": 2.49
    },
    "type": {
      "code": "Soup, Broth & Bouillon",
      "desc": "Soup, Broth & Bouillon"
    },
    "weight": "32 fl oz",
    "UpcCode": "",
    "tax": 0.0,
    "spiceLevel": "",
    "aiselNo": "2",
    "store": "Market Basket",
    "weightType": "32 fl oz",
    "imageName": "17214.jpg",
    "defaultImage": "17214.jpg",
    "updatedTimestamp": "Jan 23, 2021 8:02:30 PM",
    "createdTimestamp": "Jan 23, 2021 8:02:30 PM",
    "isNewlyAdded": false,
    "isActive": true,
    "isDealsEnabled": false,
    "quantity": 0
  },
  {
    "id": 4800,
    "code": "Market Basket Whole Cleaned Tilapia",
    "desc": "Market Basket Whole Cleaned Tilapia",
    "shortDesc": "Market Basket Whole Cleaned Tilapia",
    "tags": [
      "Frozen Fish (All)"
    ],
    "categories": [
      {
        "code": "Meat & Seafood",
        "desc": "Meat & Seafood"
      }
    ],
    "subCategories": [
      {
        "code": "Frozen Meat & Seafood",
        "desc": "Frozen Meat & Seafood"
      }
    ],
    "brands": [
      {
        "code": "Market Basket",
        "desc": "Market Basket"
      }
    ],
    "price": {
      "basePrice": 7.39,
      "discountPrice": 7.39
    },
    "type": {
      "code": "Frozen Fish (All)",
      "desc": "Frozen Fish (All)"
    },
    "weight": "3 lb",
    "UpcCode": "",
    "tax": 0.0,
    "spiceLevel": "",
    "aiselNo": "18",
    "store": "Market Basket",
    "weightType": "3 lb",
    "imageName": "Market Basket.jpg",
    "defaultImage": "Market Basket.jpg",
    "updatedTimestamp": "Jan 23, 2021 8:02:30 PM",
    "createdTimestamp": "Jan 23, 2021 8:02:30 PM",
    "isNewlyAdded": false,
    "isActive": true,
    "isDealsEnabled": false,
    "quantity": 0
  },
  {
    "id": 15229,
    "code": "Market Basket Hi Tech Floss Mint Waxed",
    "desc": "Market Basket Hi Tech Floss Mint Waxed",
    "shortDesc": "Market Basket Hi Tech Floss Mint Waxed",
    "tags": [
      "Oral Hygiene"
    ],
    "categories": [
      {
        "code": "Personal Care",
        "desc": "Personal Care"
      }
    ],
    "subCategories": [
      {
        "code": "Personal Needs",
        "desc": "Personal Needs"
      }
    ],
    "brands": [
      {
        "code": "Market Basket",
        "desc": "Market Basket"
      }
    ],
    "price": {
      "basePrice": 2.17,
      "discountPrice": 2.17
    },
    "type": {
      "code": "Oral Hygiene",
      "desc": "Oral Hygiene"
    },
    "weight": "50 meters",
    "UpcCode": "",
    "tax": 1.0,
    "spiceLevel": "",
    "aiselNo": "13",
    "store": "Market Basket",
    "weightType": "50 meters",
    "imageName": "Market Basket.jpg",
    "defaultImage": "Market Basket.jpg",
    "updatedTimestamp": "Jan 23, 2021 8:02:30 PM",
    "createdTimestamp": "Jan 23, 2021 8:02:30 PM",
    "isNewlyAdded": false,
    "isActive": true,
    "isDealsEnabled": false,
    "quantity": 0
  },
  {
    "id": 10399,
    "code": "Earthly Choice Nat Earth Quinoa",
    "desc": "Earthly Choice Nat Earth Quinoa",
    "shortDesc": "Earthly Choice Nat Earth Quinoa",
    "tags": [
      "Grains, Rice & Dried Goods"
    ],
    "categories": [
      {
        "code": "Cooking Needs",
        "desc": "Cooking Needs"
      }
    ],
    "subCategories": [
      {
        "code": "Rice & Grains",
        "desc": "Rice & Grains"
      }
    ],
    "brands": [
      {
        "code": "Earthly Choice",
        "desc": "Earthly Choice"
      }
    ],
    "price": {
      "basePrice": 3.09,
      "discountPrice": 3.09
    },
    "type": {
      "code": "Grains, Rice & Dried Goods",
      "desc": "Grains, Rice & Dried Goods"
    },
    "weight": "4.8 oz",
    "UpcCode": "",
    "tax": 0.0,
    "spiceLevel": "",
    "aiselNo": "4",
    "store": "Market Basket",
    "weightType": "4.8 oz",
    "imageName": "17445.jpg",
    "defaultImage": "17445.jpg",
    "updatedTimestamp": "Jan 23, 2021 8:02:30 PM",
    "createdTimestamp": "Jan 23, 2021 8:02:30 PM",
    "isNewlyAdded": false,
    "isActive": true,
    "isDealsEnabled": false,
    "quantity": 0
  },
  {
    "id": 275,
    "code": "Market Basket Orange Scent Dishwasher Gel",
    "desc": "Market Basket Orange Scent Dishwasher Gel",
    "shortDesc": "Market Basket Orange Scent Dishwasher Gel",
    "tags": [
      "Dishwasher Detergent"
    ],
    "categories": [
      {
        "code": "Kitchen & Cleaning",
        "desc": "Kitchen & Cleaning"
      }
    ],
    "subCategories": [
      {
        "code": "Dish Detergents",
        "desc": "Dish Detergents"
      }
    ],
    "brands": [
      {
        "code": "Market Basket",
        "desc": "Market Basket"
      }
    ],
    "price": {
      "basePrice": 4.69,
      "discountPrice": 4.69
    },
    "type": {
      "code": "Dishwasher Detergent",
      "desc": "Dishwasher Detergent"
    },
    "weight": "75 oz",
    "UpcCode": "",
    "tax": 1.0,
    "spiceLevel": "",
    "aiselNo": "15",
    "store": "Market Basket",
    "weightType": "75 oz",
    "imageName": "Market Basket.jpg",
    "defaultImage": "Market Basket.jpg",
    "updatedTimestamp": "Jan 23, 2021 8:02:30 PM",
    "createdTimestamp": "Jan 23, 2021 8:02:30 PM",
    "isNewlyAdded": false,
    "isActive": true,
    "isDealsEnabled": false,
    "quantity": 0
  },
  {
    "id": 7762,
    "code": "Goya Red Kidney Beans",
    "desc": "Goya Red Kidney Beans",
    "shortDesc": "Goya Red Kidney Beans",
    "tags": [
      "Canned Meals & Beans"
    ],
    "categories": [
      {
        "code": "Cooking Needs",
        "desc": "Cooking Needs"
      }
    ],
    "subCategories": [
      {
        "code": "Canned Food",
        "desc": "Canned Food"
      }
    ],
    "brands": [
      {
        "code": "Goya",
        "desc": "Goya"
      }
    ],
    "price": {
      "basePrice": 1.49,
      "discountPrice": 1.49
    },
    "type": {
      "code": "Canned Meals & Beans",
      "desc": "Canned Meals & Beans"
    },
    "weight": "15 oz",
    "UpcCode": "",
    "tax": 0.0,
    "spiceLevel": "",
    "aiselNo": "7",
    "store": "Market Basket",
    "weightType": "15 oz",
    "imageName": "5115.jpg",
    "defaultImage": "5115.jpg",
    "updatedTimestamp": "Jan 23, 2021 8:02:30 PM",
    "createdTimestamp": "Jan 23, 2021 8:02:30 PM",
    "isNewlyAdded": false,
    "isActive": true,
    "isDealsEnabled": false,
    "quantity": 0
  },
  {
    "id": 6950,
    "code": "Duncan Hines Classic Butter Golden Deliciously Moist Cake Mix",
    "desc": "Duncan Hines Classic Butter Golden Deliciously Moist Cake Mix",
    "shortDesc": "Duncan Hines Classic Butter Golden Deliciously Moist Cake Mix",
    "tags": [
      "Doughs, Gelatins & Bake Mixes"
    ],
    "categories": [
      {
        "code": "Cooking Needs",
        "desc": "Cooking Needs"
      }
    ],
    "subCategories": [
      {
        "code": "Baking & Cooking",
        "desc": "Baking & Cooking"
      }
    ],
    "brands": [
      {
        "code": "Duncan Hines",
        "desc": "Duncan Hines"
      }
    ],
    "price": {
      "basePrice": 1.89,
      "discountPrice": 1.89
    },
    "type": {
      "code": "Doughs, Gelatins & Bake Mixes",
      "desc": "Doughs, Gelatins & Bake Mixes"
    },
    "weight": "16.5 oz",
    "UpcCode": "",
    "tax": 0.0,
    "spiceLevel": "",
    "aiselNo": "8",
    "store": "Market Basket",
    "weightType": "16.5 oz",
    "imageName": "2096.jpg",
    "defaultImage": "2096.jpg",
    "updatedTimestamp": "Jan 23, 2021 8:02:30 PM",
    "createdTimestamp": "Jan 23, 2021 8:02:30 PM",
    "isNewlyAdded": false,
    "isActive": true,
    "isDealsEnabled": false,
    "quantity": 0
  },
  {
    "id": 10225,
    "code": "So Delicious Dairy Free Frozen Dessert Cashew Milk Salted Caramel Cluster",
    "desc": "So Delicious Dairy Free Frozen Dessert Cashew Milk Salted Caramel Cluster",
    "shortDesc": "So Delicious Dairy Free Frozen Dessert Cashew Milk Salted Caramel Cluster",
    "tags": [
      "Ice Cream & Ice"
    ],
    "categories": [
      {
        "code": "Frozen Food",
        "desc": "Frozen Food"
      }
    ],
    "subCategories": [
      {
        "code": "Ice Cream & Ice",
        "desc": "Ice Cream & Ice"
      }
    ],
    "brands": [
      {
        "code": "So Delicious",
        "desc": "So Delicious"
      }
    ],
    "price": {
      "basePrice": 7.39,
      "discountPrice": 7.39
    },
    "type": {
      "code": "Ice Cream & Ice",
      "desc": "Ice Cream & Ice"
    },
    "weight": "1 pint",
    "UpcCode": "",
    "tax": 0.0,
    "spiceLevel": "",
    "aiselNo": "21",
    "store": "Market Basket",
    "weightType": "1 pint",
    "imageName": "16147.jpg",
    "defaultImage": "16147.jpg",
    "updatedTimestamp": "Jan 23, 2021 8:02:30 PM",
    "createdTimestamp": "Jan 23, 2021 8:02:30 PM",
    "isNewlyAdded": false,
    "isActive": true,
    "isDealsEnabled": false,
    "quantity": 0
  },
  {
    "id": 5205,
    "code": "Nabisco Premium Original Topped with Sea Salt Saltine Crackers Family Size",
    "desc": "Nabisco Premium Original Topped with Sea Salt Saltine Crackers Family Size",
    "shortDesc": "Nabisco Premium Original Topped with Sea Salt Saltine Crackers Family Size",
    "tags": [
      "Crackers"
    ],
    "categories": [
      {
        "code": "Chips, Cookies & Snacks",
        "desc": "Chips, Cookies & Snacks"
      }
    ],
    "subCategories": [
      {
        "code": "Cookies & Crackers",
        "desc": "Cookies & Crackers"
      }
    ],
    "brands": [
      {
        "code": "Nabisco",
        "desc": "Nabisco"
      }
    ],
    "price": {
      "basePrice": 5.45,
      "discountPrice": 5.45
    },
    "type": {
      "code": "Crackers",
      "desc": "Crackers"
    },
    "weight": "24 oz",
    "UpcCode": "",
    "tax": 0.0,
    "spiceLevel": "",
    "aiselNo": "6",
    "store": "Market Basket",
    "weightType": "24 oz",
    "imageName": "No Image.jpg",
    "defaultImage": "No Image.jpg",
    "updatedTimestamp": "Jan 23, 2021 8:02:30 PM",
    "createdTimestamp": "Jan 23, 2021 8:02:30 PM",
    "isNewlyAdded": false,
    "isActive": true,
    "isDealsEnabled": false,
    "quantity": 0
  },
  {
    "id": 7443,
    "code": "Goya Dominican Style Tomato Paste",
    "desc": "Goya Dominican Style Tomato Paste",
    "shortDesc": "Goya Dominican Style Tomato Paste",
    "tags": [
      "Canned & Jarred Vegetables"
    ],
    "categories": [
      {
        "code": "Cooking Needs",
        "desc": "Cooking Needs"
      }
    ],
    "subCategories": [
      {
        "code": "Canned Food",
        "desc": "Canned Food"
      }
    ],
    "brands": [
      {
        "code": "Goya",
        "desc": "Goya"
      }
    ],
    "price": {
      "basePrice": 2.79,
      "discountPrice": 2.79
    },
    "type": {
      "code": "Canned & Jarred Vegetables",
      "desc": "Canned & Jarred Vegetables"
    },
    "weight": "28 oz",
    "UpcCode": "",
    "tax": 0.0,
    "spiceLevel": "",
    "aiselNo": "9",
    "store": "Market Basket",
    "weightType": "28 oz",
    "imageName": "5060.jpg",
    "defaultImage": "5060.jpg",
    "updatedTimestamp": "Jan 23, 2021 8:02:30 PM",
    "createdTimestamp": "Jan 23, 2021 8:02:30 PM",
    "isNewlyAdded": false,
    "isActive": true,
    "isDealsEnabled": false,
    "quantity": 0
  },
  {
    "id": 4228,
    "code": "Louis Kemp Crab Delights Leg Style Imitation Crab Meat",
    "desc": "Louis Kemp Crab Delights Leg Style Imitation Crab Meat",
    "shortDesc": "Louis Kemp Crab Delights Leg Style Imitation Crab Meat",
    "tags": [
      "Crab"
    ],
    "categories": [
      {
        "code": "Meat & Seafood",
        "desc": "Meat & Seafood"
      }
    ],
    "subCategories": [
      {
        "code": "Packaged Meat & Seafood",
        "desc": "Packaged Meat & Seafood"
      }
    ],
    "brands": [
      {
        "code": "Louis Kemp",
        "desc": "Louis Kemp"
      }
    ],
    "price": {
      "basePrice": 3.69,
      "discountPrice": 3.69
    },
    "type": {
      "code": "Crab",
      "desc": "Crab"
    },
    "weight": "16 oz",
    "UpcCode": "",
    "tax": 0.0,
    "spiceLevel": "",
    "aiselNo": "22",
    "store": "Market Basket",
    "weightType": "16 oz",
    "imageName": "No Image.jpg",
    "defaultImage": "No Image.jpg",
    "updatedTimestamp": "Jan 23, 2021 8:02:30 PM",
    "createdTimestamp": "Jan 23, 2021 8:02:30 PM",
    "isNewlyAdded": false,
    "isActive": true,
    "isDealsEnabled": false,
    "quantity": 0
  },
  {
    "id": 7955,
    "code": "Campbell's Condensed Campbell's Condensed Healthy Request Cheddar Cheese Soup",
    "desc": "Campbell's Condensed Campbell's Condensed Healthy Request Cheddar Cheese Soup",
    "shortDesc": "Campbell's Condensed Campbell's Condensed Healthy Request Cheddar Cheese Soup",
    "tags": [
      "Soup, Broth & Bouillon"
    ],
    "categories": [
      {
        "code": "Cooking Needs",
        "desc": "Cooking Needs"
      }
    ],
    "subCategories": [
      {
        "code": "Canned Food",
        "desc": "Canned Food"
      }
    ],
    "brands": [
      {
        "code": "Campbell's",
        "desc": "Campbell's"
      }
    ],
    "price": {
      "basePrice": 2.09,
      "discountPrice": 2.09
    },
    "type": {
      "code": "Soup, Broth & Bouillon",
      "desc": "Soup, Broth & Bouillon"
    },
    "weight": "10.75 oz",
    "UpcCode": "",
    "tax": 0.0,
    "spiceLevel": "",
    "aiselNo": "2",
    "store": "Market Basket",
    "weightType": "10.75 oz",
    "imageName": "5316.jpg",
    "defaultImage": "5316.jpg",
    "updatedTimestamp": "Jan 23, 2021 8:02:30 PM",
    "createdTimestamp": "Jan 23, 2021 8:02:30 PM",
    "isNewlyAdded": false,
    "isActive": true,
    "isDealsEnabled": false,
    "quantity": 0
  },
  {
    "id": 14487,
    "code": "Starbucks Iced Coffee Medium Roast Coffee with Milk Sweetened",
    "desc": "Starbucks Iced Coffee Medium Roast Coffee with Milk Sweetened",
    "shortDesc": "Starbucks Iced Coffee Medium Roast Coffee with Milk Sweetened",
    "tags": [
      "Coffee"
    ],
    "categories": [
      {
        "code": "Breakfast & Dairy",
        "desc": "Breakfast & Dairy"
      }
    ],
    "subCategories": [
      {
        "code": "Tea & Coffee",
        "desc": "Tea & Coffee"
      }
    ],
    "brands": [
      {
        "code": "StarBucks",
        "desc": "StarBucks"
      }
    ],
    "price": {
      "basePrice": 7.39,
      "discountPrice": 7.39
    },
    "type": {
      "code": "Coffee",
      "desc": "Coffee"
    },
    "weight": "4 x 11 oz",
    "UpcCode": "",
    "tax": 0.0,
    "spiceLevel": "",
    "aiselNo": "8",
    "store": "Market Basket",
    "weightType": "4 x 11 oz",
    "imageName": "3305.jpg",
    "defaultImage": "3305.jpg",
    "updatedTimestamp": "Jan 23, 2021 8:02:30 PM",
    "createdTimestamp": "Jan 23, 2021 8:02:30 PM",
    "isNewlyAdded": false,
    "isActive": true,
    "isDealsEnabled": false,
    "quantity": 0
  },
  {
    "id": 8410,
    "code": "Heinz HomeStyle Classic Chicken Gravy",
    "desc": "Heinz HomeStyle Classic Chicken Gravy",
    "shortDesc": "Heinz HomeStyle Classic Chicken Gravy",
    "tags": [
      "Marinades & Meat Preparation"
    ],
    "categories": [
      {
        "code": "Condiments & Dressings",
        "desc": "Condiments & Dressings"
      }
    ],
    "subCategories": [
      {
        "code": "Marinades, Ketchup & Sauces",
        "desc": "Marinades, Ketchup & Sauces"
      }
    ],
    "brands": [
      {
        "code": "Heinz",
        "desc": "Heinz"
      }
    ],
    "price": {
      "basePrice": 2.69,
      "discountPrice": 2.69
    },
    "type": {
      "code": "Marinades & Meat Preparation",
      "desc": "Marinades & Meat Preparation"
    },
    "weight": "18 oz",
    "UpcCode": "",
    "tax": 0.0,
    "spiceLevel": "",
    "aiselNo": "9",
    "store": "Market Basket",
    "weightType": "18 oz",
    "imageName": "1956.jpg",
    "defaultImage": "1956.jpg",
    "updatedTimestamp": "Jan 23, 2021 8:02:30 PM",
    "createdTimestamp": "Jan 23, 2021 8:02:30 PM",
    "isNewlyAdded": false,
    "isActive": true,
    "isDealsEnabled": false,
    "quantity": 0
  },
  {
    "id": 56,
    "code": "Air Wick Automatic Spray Refill, Fresh Waters Fragrance",
    "desc": "Air Wick Automatic Spray Refill, Fresh Waters Fragrance",
    "shortDesc": "Air Wick Automatic Spray Refill, Fresh Waters Fragrance",
    "tags": [
      "Automatic Spray & Refill"
    ],
    "categories": [
      {
        "code": "Kitchen & Cleaning",
        "desc": "Kitchen & Cleaning"
      }
    ],
    "subCategories": [
      {
        "code": "Air Fresheners & Candles",
        "desc": "Air Fresheners & Candles"
      }
    ],
    "brands": [
      {
        "code": "Air Wick",
        "desc": "Air Wick"
      }
    ],
    "price": {
      "basePrice": 8.59,
      "discountPrice": 8.59
    },
    "type": {
      "code": "Automatic Spray & Refill",
      "desc": "Automatic Spray & Refill"
    },
    "weight": "2 count",
    "UpcCode": "",
    "tax": 1.0,
    "spiceLevel": "",
    "aiselNo": "15",
    "store": "Market Basket",
    "weightType": "2 count",
    "imageName": "4214.jpg",
    "defaultImage": "4214.jpg",
    "updatedTimestamp": "Jan 23, 2021 8:02:30 PM",
    "createdTimestamp": "Jan 23, 2021 8:02:30 PM",
    "isNewlyAdded": false,
    "isActive": true,
    "isDealsEnabled": false,
    "quantity": 0
  },
  {
    "id": 5157,
    "code": "Blue Diamond Nut Thins Nut & Rice Cracker Snacks Almond",
    "desc": "Blue Diamond Nut Thins Nut & Rice Cracker Snacks Almond",
    "shortDesc": "Blue Diamond Nut Thins Nut & Rice Cracker Snacks Almond",
    "tags": [
      "Crackers"
    ],
    "categories": [
      {
        "code": "Chips, Cookies & Snacks",
        "desc": "Chips, Cookies & Snacks"
      }
    ],
    "subCategories": [
      {
        "code": "Cookies & Crackers",
        "desc": "Cookies & Crackers"
      }
    ],
    "brands": [
      {
        "code": "Blue Diamond",
        "desc": "Blue Diamond"
      }
    ],
    "price": {
      "basePrice": 4.69,
      "discountPrice": 4.69
    },
    "type": {
      "code": "Crackers",
      "desc": "Crackers"
    },
    "weight": "4.25 oz",
    "UpcCode": "",
    "tax": 0.0,
    "spiceLevel": "",
    "aiselNo": "6",
    "store": "Market Basket",
    "weightType": "4.25 oz",
    "imageName": "1238.jpg",
    "defaultImage": "1238.jpg",
    "updatedTimestamp": "Jan 23, 2021 8:02:30 PM",
    "createdTimestamp": "Jan 23, 2021 8:02:30 PM",
    "isNewlyAdded": false,
    "isActive": true,
    "isDealsEnabled": false,
    "quantity": 0
  },
  {
    "id": 4985,
    "code": "Utz Kettle Classic Jalapeno Potato Chips",
    "desc": "Utz Kettle Classic Jalapeno Potato Chips",
    "shortDesc": "Utz Kettle Classic Jalapeno Potato Chips",
    "tags": [
      "Chips & Pretzels"
    ],
    "categories": [
      {
        "code": "Chips, Cookies & Snacks",
        "desc": "Chips, Cookies & Snacks"
      }
    ],
    "subCategories": [
      {
        "code": "Chips & Fruit Snacks",
        "desc": "Chips & Fruit Snacks"
      }
    ],
    "brands": [
      {
        "code": "Utz",
        "desc": "Utz"
      }
    ],
    "price": {
      "basePrice": 4.69,
      "discountPrice": 4.69
    },
    "type": {
      "code": "Chips & Pretzels",
      "desc": "Chips & Pretzels"
    },
    "weight": "8 oz",
    "UpcCode": "",
    "tax": 0.0,
    "spiceLevel": "",
    "aiselNo": "0",
    "store": "Market Basket",
    "weightType": "8 oz",
    "imageName": "No Image.jpg",
    "defaultImage": "No Image.jpg",
    "updatedTimestamp": "Jan 23, 2021 8:02:30 PM",
    "createdTimestamp": "Jan 23, 2021 8:02:30 PM",
    "isNewlyAdded": false,
    "isActive": true,
    "isDealsEnabled": false,
    "quantity": 0
  },
  {
    "id": 4320,
    "code": "Market Basket Pork Liver",
    "desc": "Market Basket Pork Liver",
    "shortDesc": "Market Basket Pork Liver",
    "tags": [
      "Pork"
    ],
    "categories": [
      {
        "code": "Meat & Seafood",
        "desc": "Meat & Seafood"
      }
    ],
    "subCategories": [
      {
        "code": "Meat & Seafood Counter",
        "desc": "Meat & Seafood Counter"
      }
    ],
    "brands": [
      {
        "code": "Market Basket",
        "desc": "Market Basket"
      }
    ],
    "price": {
      "basePrice": 1.34,
      "discountPrice": 1.34
    },
    "type": {
      "code": "Pork",
      "desc": "Pork"
    },
    "weight": "Approx: 0.90 lb at $1.49/lb",
    "UpcCode": "",
    "tax": 0.0,
    "spiceLevel": "",
    "aiselNo": "22",
    "store": "Market Basket",
    "weightType": "Approx: 0.90 lb at $1.49/lb",
    "imageName": "Market Basket.jpg",
    "defaultImage": "Market Basket.jpg",
    "updatedTimestamp": "Jan 23, 2021 8:02:30 PM",
    "createdTimestamp": "Jan 23, 2021 8:02:30 PM",
    "isNewlyAdded": false,
    "isActive": true,
    "isDealsEnabled": false,
    "quantity": 0
  },
  {
    "id": 12673,
    "code": "Chabaso Cranberry Pecan Bread",
    "desc": "Chabaso Cranberry Pecan Bread",
    "shortDesc": "Chabaso Cranberry Pecan Bread",
    "tags": [
      "Bread"
    ],
    "categories": [
      {
        "code": "Breakfast & Dairy",
        "desc": "Breakfast & Dairy"
      }
    ],
    "subCategories": [
      {
        "code": "Breads & Rolls",
        "desc": "Breads & Rolls"
      }
    ],
    "brands": [
      {
        "code": "Chabaso ",
        "desc": "Chabaso "
      }
    ],
    "price": {
      "basePrice": 6.49,
      "discountPrice": 6.49
    },
    "type": {
      "code": "Bread",
      "desc": "Bread"
    },
    "weight": "1 count",
    "UpcCode": "",
    "tax": 0.0,
    "spiceLevel": "",
    "aiselNo": "18",
    "store": "Market Basket",
    "weightType": "1 count",
    "imageName": "No Image.jpg",
    "defaultImage": "No Image.jpg",
    "updatedTimestamp": "Jan 23, 2021 8:02:30 PM",
    "createdTimestamp": "Jan 23, 2021 8:02:30 PM",
    "isNewlyAdded": false,
    "isActive": true,
    "isDealsEnabled": false,
    "quantity": 0
  },
  {
    "id": 13958,
    "code": "Market Basket Monterey Jack Cheese",
    "desc": "Market Basket Monterey Jack Cheese",
    "shortDesc": "Market Basket Monterey Jack Cheese",
    "tags": [
      "Specialty Cheeses"
    ],
    "categories": [
      {
        "code": "Breakfast & Dairy",
        "desc": "Breakfast & Dairy"
      }
    ],
    "subCategories": [
      {
        "code": "Dairy & Eggs",
        "desc": "Dairy & Eggs"
      }
    ],
    "brands": [
      {
        "code": "Market Basket",
        "desc": "Market Basket"
      }
    ],
    "price": {
      "basePrice": 5.49,
      "discountPrice": 5.49
    },
    "type": {
      "code": "Specialty Cheeses",
      "desc": "Specialty Cheeses"
    },
    "weight": "0.89 lb",
    "UpcCode": "",
    "tax": 0.0,
    "spiceLevel": "",
    "aiselNo": "1",
    "store": "Market Basket",
    "weightType": "0.89 lb",
    "imageName": "Market Basket.jpg",
    "defaultImage": "Market Basket.jpg",
    "updatedTimestamp": "Jan 23, 2021 8:02:30 PM",
    "createdTimestamp": "Jan 23, 2021 8:02:30 PM",
    "isNewlyAdded": false,
    "isActive": true,
    "isDealsEnabled": false,
    "quantity": 0
  },
  {
    "id": 9329,
    "code": "Athens Phyllo Shells",
    "desc": "Athens Phyllo Shells",
    "shortDesc": "Athens Phyllo Shells",
    "tags": [
      "Frozen Dessert"
    ],
    "categories": [
      {
        "code": "Frozen Food",
        "desc": "Frozen Food"
      }
    ],
    "subCategories": [
      {
        "code": "Frozen Dessert",
        "desc": "Frozen Dessert"
      }
    ],
    "brands": [
      {
        "code": "Athens",
        "desc": "Athens"
      }
    ],
    "price": {
      "basePrice": 2.09,
      "discountPrice": 2.09
    },
    "type": {
      "code": "Frozen Dessert",
      "desc": "Frozen Dessert"
    },
    "weight": "1.9 oz",
    "UpcCode": "",
    "tax": 0.0,
    "spiceLevel": "",
    "aiselNo": "19",
    "store": "Market Basket",
    "weightType": "1.9 oz",
    "imageName": "2979.jpg",
    "defaultImage": "2979.jpg",
    "updatedTimestamp": "Jan 23, 2021 8:02:30 PM",
    "createdTimestamp": "Jan 23, 2021 8:02:30 PM",
    "isNewlyAdded": false,
    "isActive": true,
    "isDealsEnabled": false,
    "quantity": 0
  },
  {
    "id": 5083,
    "code": "Market Basket Vanilla Creme Cookies",
    "desc": "Market Basket Vanilla Creme Cookies",
    "shortDesc": "Market Basket Vanilla Creme Cookies",
    "tags": [
      "Cookies & Cakes"
    ],
    "categories": [
      {
        "code": "Chips, Cookies & Snacks",
        "desc": "Chips, Cookies & Snacks"
      }
    ],
    "subCategories": [
      {
        "code": "Cookies & Crackers",
        "desc": "Cookies & Crackers"
      }
    ],
    "brands": [
      {
        "code": "Market Basket",
        "desc": "Market Basket"
      }
    ],
    "price": {
      "basePrice": 3.42,
      "discountPrice": 3.42
    },
    "type": {
      "code": "Cookies & Cakes",
      "desc": "Cookies & Cakes"
    },
    "weight": "25 oz",
    "UpcCode": "",
    "tax": 0.0,
    "spiceLevel": "",
    "aiselNo": "6",
    "store": "Market Basket",
    "weightType": "25 oz",
    "imageName": "Market Basket.jpg",
    "defaultImage": "Market Basket.jpg",
    "updatedTimestamp": "Jan 23, 2021 8:02:30 PM",
    "createdTimestamp": "Jan 23, 2021 8:02:30 PM",
    "isNewlyAdded": false,
    "isActive": true,
    "isDealsEnabled": false,
    "quantity": 0
  },
  {
    "id": 255,
    "code": "Ajax Ultra Triple Action Dish Liquid Hand Soap Orange",
    "desc": "Ajax Ultra Triple Action Dish Liquid Hand Soap Orange",
    "shortDesc": "Ajax Ultra Triple Action Dish Liquid Hand Soap Orange",
    "tags": [
      "Dish Liquid & Hand Soap"
    ],
    "categories": [
      {
        "code": "Kitchen & Cleaning",
        "desc": "Kitchen & Cleaning"
      }
    ],
    "subCategories": [
      {
        "code": "Dish Detergents",
        "desc": "Dish Detergents"
      }
    ],
    "brands": [
      {
        "code": "Ajax",
        "desc": "Ajax"
      }
    ],
    "price": {
      "basePrice": 2.49,
      "discountPrice": 2.49
    },
    "type": {
      "code": "Dish Liquid & Hand Soap",
      "desc": "Dish Liquid & Hand Soap"
    },
    "weight": "28 fl oz",
    "UpcCode": "",
    "tax": 1.0,
    "spiceLevel": "",
    "aiselNo": "15",
    "store": "Market Basket",
    "weightType": "28 fl oz",
    "imageName": "4375.jpg",
    "defaultImage": "4375.jpg",
    "updatedTimestamp": "Jan 23, 2021 8:02:30 PM",
    "createdTimestamp": "Jan 23, 2021 8:02:30 PM",
    "isNewlyAdded": false,
    "isActive": true,
    "isDealsEnabled": false,
    "quantity": 0
  },
  {
    "id": 4079,
    "code": "Market Basket Beef Extra Thin Bottom Round",
    "desc": "Market Basket Beef Extra Thin Bottom Round",
    "shortDesc": "Market Basket Beef Extra Thin Bottom Round",
    "tags": [
      "Beef"
    ],
    "categories": [
      {
        "code": "Meat & Seafood",
        "desc": "Meat & Seafood"
      }
    ],
    "subCategories": [
      {
        "code": "Meat & Seafood Counter",
        "desc": "Meat & Seafood Counter"
      }
    ],
    "brands": [
      {
        "code": "Market Basket",
        "desc": "Market Basket"
      }
    ],
    "price": {
      "basePrice": 7.11,
      "discountPrice": 7.11
    },
    "type": {
      "code": "Beef",
      "desc": "Beef"
    },
    "weight": "Approx: 1.17 lb at $6.09/lb",
    "UpcCode": "",
    "tax": 0.0,
    "spiceLevel": "",
    "aiselNo": "22",
    "store": "Market Basket",
    "weightType": "Approx: 1.17 lb at $6.09/lb",
    "imageName": "Market Basket.jpg",
    "defaultImage": "Market Basket.jpg",
    "updatedTimestamp": "Jan 23, 2021 8:02:30 PM",
    "createdTimestamp": "Jan 23, 2021 8:02:30 PM",
    "isNewlyAdded": false,
    "isActive": true,
    "isDealsEnabled": false,
    "quantity": 0
  },
  {
    "id": 10000,
    "code": "Dove Vanilla/Dark Chocolate",
    "desc": "Dove Vanilla/Dark Chocolate",
    "shortDesc": "Dove Vanilla/Dark Chocolate",
    "tags": [
      "Ice Cream & Ice"
    ],
    "categories": [
      {
        "code": "Frozen Food",
        "desc": "Frozen Food"
      }
    ],
    "subCategories": [
      {
        "code": "Ice Cream & Ice",
        "desc": "Ice Cream & Ice"
      }
    ],
    "brands": [
      {
        "code": "Dove",
        "desc": "Dove"
      }
    ],
    "price": {
      "basePrice": 4.09,
      "discountPrice": 4.09
    },
    "type": {
      "code": "Ice Cream & Ice",
      "desc": "Ice Cream & Ice"
    },
    "weight": "3 count",
    "UpcCode": "",
    "tax": 0.0,
    "spiceLevel": "",
    "aiselNo": "21",
    "store": "Market Basket",
    "weightType": "3 count",
    "imageName": "16106.jpg",
    "defaultImage": "16106.jpg",
    "updatedTimestamp": "Jan 23, 2021 8:02:30 PM",
    "createdTimestamp": "Jan 23, 2021 8:02:30 PM",
    "isNewlyAdded": false,
    "isActive": true,
    "isDealsEnabled": false,
    "quantity": 0
  },
  {
    "id": 314,
    "code": "Reynolds Kitchens Plastic Coated Freezer Paper",
    "desc": "Reynolds Kitchens Plastic Coated Freezer Paper",
    "shortDesc": "Reynolds Kitchens Plastic Coated Freezer Paper",
    "tags": [
      "Plastic/Cling Wrap"
    ],
    "categories": [
      {
        "code": "Kitchen & Cleaning",
        "desc": "Kitchen & Cleaning"
      }
    ],
    "subCategories": [
      {
        "code": "Food Storage & Kitchen Supplies",
        "desc": "Food Storage & Kitchen Supplies"
      }
    ],
    "brands": [
      {
        "code": "Reynolds",
        "desc": "Reynolds"
      }
    ],
    "price": {
      "basePrice": 2.49,
      "discountPrice": 2.49
    },
    "type": {
      "code": "Plastic/Cling Wrap",
      "desc": "Plastic/Cling Wrap"
    },
    "weight": "50 sq ft",
    "UpcCode": "",
    "tax": 1.0,
    "spiceLevel": "",
    "aiselNo": "12",
    "store": "Market Basket",
    "weightType": "50 sq ft",
    "imageName": "4418.jpg",
    "defaultImage": "4418.jpg",
    "updatedTimestamp": "Jan 23, 2021 8:02:30 PM",
    "createdTimestamp": "Jan 23, 2021 8:02:30 PM",
    "isNewlyAdded": false,
    "isActive": true,
    "isDealsEnabled": false,
    "quantity": 0
  },
  {
    "id": 7871,
    "code": "Pastene Fancy Solid Light Tuna",
    "desc": "Pastene Fancy Solid Light Tuna",
    "shortDesc": "Pastene Fancy Solid Light Tuna",
    "tags": [
      "Canned Meat & Seafood"
    ],
    "categories": [
      {
        "code": "Cooking Needs",
        "desc": "Cooking Needs"
      }
    ],
    "subCategories": [
      {
        "code": "Canned Food",
        "desc": "Canned Food"
      }
    ],
    "brands": [
      {
        "code": "Pastene",
        "desc": "Pastene"
      }
    ],
    "price": {
      "basePrice": 1.89,
      "discountPrice": 1.89
    },
    "type": {
      "code": "Canned Meat & Seafood",
      "desc": "Canned Meat & Seafood"
    },
    "weight": "5 oz",
    "UpcCode": "",
    "tax": 0.0,
    "spiceLevel": "",
    "aiselNo": "2",
    "store": "Market Basket",
    "weightType": "5 oz",
    "imageName": "17163.jpg",
    "defaultImage": "17163.jpg",
    "updatedTimestamp": "Jan 23, 2021 8:02:30 PM",
    "createdTimestamp": "Jan 23, 2021 8:02:30 PM",
    "isNewlyAdded": false,
    "isActive": true,
    "isDealsEnabled": false,
    "quantity": 0
  },
  {
    "id": 5906,
    "code": "Starbucks Frappuccino Vanilla Almondmilk",
    "desc": "Starbucks Frappuccino Vanilla Almondmilk",
    "shortDesc": "Starbucks Frappuccino Vanilla Almondmilk",
    "tags": [
      "Single To-Go Coffee"
    ],
    "categories": [
      {
        "code": "Beverages & Juices",
        "desc": "Beverages & Juices"
      }
    ],
    "subCategories": [
      {
        "code": "Tea, Coffee, Milk & Coconut Water",
        "desc": "Tea, Coffee, Milk & Coconut Water"
      }
    ],
    "brands": [
      {
        "code": "StarBucks",
        "desc": "StarBucks"
      }
    ],
    "price": {
      "basePrice": 3.36,
      "discountPrice": 3.36
    },
    "type": {
      "code": "Single To-Go Coffee",
      "desc": "Single To-Go Coffee"
    },
    "weight": "13.7 fl oz",
    "UpcCode": "",
    "tax": 0.0,
    "spiceLevel": "",
    "aiselNo": "17",
    "store": "Market Basket",
    "weightType": "13.7 fl oz",
    "imageName": "No Image.jpg",
    "defaultImage": "No Image.jpg",
    "updatedTimestamp": "Jan 23, 2021 8:02:30 PM",
    "createdTimestamp": "Jan 23, 2021 8:02:30 PM",
    "isNewlyAdded": false,
    "isActive": true,
    "isDealsEnabled": false,
    "quantity": 0
  },
  {
    "id": 15002,
    "code": "TopCare Children's Pain Reliever & Fever Reducer Acetaminophen 160 Mg Per 5 Ml Oral Suspension, Cherry",
    "desc": "TopCare Children's Pain Reliever & Fever Reducer Acetaminophen 160 Mg Per 5 Ml Oral Suspension, Cherry",
    "shortDesc": "TopCare Children's Pain Reliever & Fever Reducer Acetaminophen 160 Mg Per 5 Ml Oral Suspension, Cherry",
    "tags": [
      "Muscles, Joints & Pain Relief"
    ],
    "categories": [
      {
        "code": "Personal Care",
        "desc": "Personal Care"
      }
    ],
    "subCategories": [
      {
        "code": "First Aid & Healthcare",
        "desc": "First Aid & Healthcare"
      }
    ],
    "brands": [
      {
        "code": "Topcare",
        "desc": "Topcare"
      }
    ],
    "price": {
      "basePrice": 4.24,
      "discountPrice": 4.24
    },
    "type": {
      "code": "Muscles, Joints & Pain Relief",
      "desc": "Muscles, Joints & Pain Relief"
    },
    "weight": "4 fl oz",
    "UpcCode": "",
    "tax": 1.0,
    "spiceLevel": "",
    "aiselNo": "13",
    "store": "Market Basket",
    "weightType": "4 fl oz",
    "imageName": "6636.jpg",
    "defaultImage": "6636.jpg",
    "updatedTimestamp": "Jan 23, 2021 8:02:30 PM",
    "createdTimestamp": "Jan 23, 2021 8:02:30 PM",
    "isNewlyAdded": false,
    "isActive": true,
    "isDealsEnabled": false,
    "quantity": 0
  },
  {
    "id": 8665,
    "code": "Nathan's Kosher Spears, New York",
    "desc": "Nathan's Kosher Spears, New York",
    "shortDesc": "Nathan's Kosher Spears, New York",
    "tags": [
      "Pickled Goods & Olives"
    ],
    "categories": [
      {
        "code": "Condiments & Dressings",
        "desc": "Condiments & Dressings"
      }
    ],
    "subCategories": [
      {
        "code": "Pickled Goods & Olives",
        "desc": "Pickled Goods & Olives"
      }
    ],
    "brands": [
      {
        "code": "Nathan's",
        "desc": "Nathan's"
      }
    ],
    "price": {
      "basePrice": 3.59,
      "discountPrice": 3.59
    },
    "type": {
      "code": "Pickled Goods & Olives",
      "desc": "Pickled Goods & Olives"
    },
    "weight": "24 oz",
    "UpcCode": "",
    "tax": 0.0,
    "spiceLevel": "",
    "aiselNo": "2",
    "store": "Market Basket",
    "weightType": "24 oz",
    "imageName": "15550.jpg",
    "defaultImage": "15550.jpg",
    "updatedTimestamp": "Jan 23, 2021 8:02:30 PM",
    "createdTimestamp": "Jan 23, 2021 8:02:30 PM",
    "isNewlyAdded": false,
    "isActive": true,
    "isDealsEnabled": false,
    "quantity": 0
  },
  {
    "id": 7880,
    "code": "Snow's All Natural Clam Juice",
    "desc": "Snow's All Natural Clam Juice",
    "shortDesc": "Snow's All Natural Clam Juice",
    "tags": [
      "Canned Meat & Seafood"
    ],
    "categories": [
      {
        "code": "Cooking Needs",
        "desc": "Cooking Needs"
      }
    ],
    "subCategories": [
      {
        "code": "Canned Food",
        "desc": "Canned Food"
      }
    ],
    "brands": [
      {
        "code": "Snow's",
        "desc": "Snow's"
      }
    ],
    "price": {
      "basePrice": 2.99,
      "discountPrice": 2.99
    },
    "type": {
      "code": "Canned Meat & Seafood",
      "desc": "Canned Meat & Seafood"
    },
    "weight": "8 fl oz",
    "UpcCode": "",
    "tax": 0.0,
    "spiceLevel": "",
    "aiselNo": "2",
    "store": "Market Basket",
    "weightType": "8 fl oz",
    "imageName": "17167.jpg",
    "defaultImage": "17167.jpg",
    "updatedTimestamp": "Jan 23, 2021 8:02:30 PM",
    "createdTimestamp": "Jan 23, 2021 8:02:30 PM",
    "isNewlyAdded": false,
    "isActive": true,
    "isDealsEnabled": false,
    "quantity": 0
  },
  {
    "id": 7895,
    "code": "Solid White Albacore Tuna In Water",
    "desc": "Solid White Albacore Tuna In Water",
    "shortDesc": "Solid White Albacore Tuna In Water",
    "tags": [
      "Canned Meat & Seafood"
    ],
    "categories": [
      {
        "code": "Cooking Needs",
        "desc": "Cooking Needs"
      }
    ],
    "subCategories": [
      {
        "code": "Canned Food",
        "desc": "Canned Food"
      }
    ],
    "brands": [
      {
        "code": "StarKist",
        "desc": "StarKist"
      }
    ],
    "price": {
      "basePrice": 4.69,
      "discountPrice": 4.69
    },
    "type": {
      "code": "Canned Meat & Seafood",
      "desc": "Canned Meat & Seafood"
    },
    "weight": "3 oz",
    "UpcCode": "",
    "tax": 0.0,
    "spiceLevel": "",
    "aiselNo": "2",
    "store": "Market Basket",
    "weightType": "3 oz",
    "imageName": "5212.jpg",
    "defaultImage": "5212.jpg",
    "updatedTimestamp": "Jan 23, 2021 8:02:30 PM",
    "createdTimestamp": "Jan 23, 2021 8:02:30 PM",
    "isNewlyAdded": false,
    "isActive": true,
    "isDealsEnabled": false,
    "quantity": 0
  },
  {
    "id": 14897,
    "code": "U by Kotex - Premium Security Ultra Thin Pads, Regular",
    "desc": "U by Kotex - Premium Security Ultra Thin Pads, Regular",
    "shortDesc": "U by Kotex - Premium Security Ultra Thin Pads, Regular",
    "tags": [
      "Menstrual Pads"
    ],
    "categories": [
      {
        "code": "Personal Care",
        "desc": "Personal Care"
      }
    ],
    "subCategories": [
      {
        "code": "Feminine Care",
        "desc": "Feminine Care"
      }
    ],
    "brands": [
      {
        "code": "U by Kotex",
        "desc": "U by Kotex"
      }
    ],
    "price": {
      "basePrice": 4.47,
      "discountPrice": 4.47
    },
    "type": {
      "code": "Menstrual Pads",
      "desc": "Menstrual Pads"
    },
    "weight": "22 count",
    "UpcCode": "",
    "tax": 1.0,
    "spiceLevel": "",
    "aiselNo": "13",
    "store": "Market Basket",
    "weightType": "22 count",
    "imageName": "6519.jpg",
    "defaultImage": "6519.jpg",
    "updatedTimestamp": "Jan 23, 2021 8:02:30 PM",
    "createdTimestamp": "Jan 23, 2021 8:02:30 PM",
    "isNewlyAdded": false,
    "isActive": true,
    "isDealsEnabled": false,
    "quantity": 0
  },
  {
    "id": 6973,
    "code": "Jell o Instant Devil's Food Pudding & Pie Filling Mix",
    "desc": "Jell o Instant Devil's Food Pudding & Pie Filling Mix",
    "shortDesc": "Jell o Instant Devil's Food Pudding & Pie Filling Mix",
    "tags": [
      "Doughs, Gelatins & Bake Mixes"
    ],
    "categories": [
      {
        "code": "Cooking Needs",
        "desc": "Cooking Needs"
      }
    ],
    "subCategories": [
      {
        "code": "Baking & Cooking",
        "desc": "Baking & Cooking"
      }
    ],
    "brands": [
      {
        "code": "Jell-O",
        "desc": "Jell-O"
      }
    ],
    "price": {
      "basePrice": 1.09,
      "discountPrice": 1.09
    },
    "type": {
      "code": "Doughs, Gelatins & Bake Mixes",
      "desc": "Doughs, Gelatins & Bake Mixes"
    },
    "weight": "3.8 oz",
    "UpcCode": "",
    "tax": 0.0,
    "spiceLevel": "",
    "aiselNo": "8",
    "store": "Market Basket",
    "weightType": "3.8 oz",
    "imageName": "2048.jpg",
    "defaultImage": "2048.jpg",
    "updatedTimestamp": "Jan 23, 2021 8:02:30 PM",
    "createdTimestamp": "Jan 23, 2021 8:02:30 PM",
    "isNewlyAdded": false,
    "isActive": true,
    "isDealsEnabled": false,
    "quantity": 0
  },
  {
    "id": 8443,
    "code": "McCormick Bag 'n Season Original Chicken Cooking & Seasoning Mix",
    "desc": "McCormick Bag 'n Season Original Chicken Cooking & Seasoning Mix",
    "shortDesc": "McCormick Bag 'n Season Original Chicken Cooking & Seasoning Mix",
    "tags": [
      "Marinades & Meat Preparation"
    ],
    "categories": [
      {
        "code": "Condiments & Dressings",
        "desc": "Condiments & Dressings"
      }
    ],
    "subCategories": [
      {
        "code": "Marinades, Ketchup & Sauces",
        "desc": "Marinades, Ketchup & Sauces"
      }
    ],
    "brands": [
      {
        "code": "McCormick",
        "desc": "McCormick"
      }
    ],
    "price": {
      "basePrice": 1.29,
      "discountPrice": 1.29
    },
    "type": {
      "code": "Marinades & Meat Preparation",
      "desc": "Marinades & Meat Preparation"
    },
    "weight": "1.25 oz",
    "UpcCode": "",
    "tax": 0.0,
    "spiceLevel": "",
    "aiselNo": "9",
    "store": "Market Basket",
    "weightType": "1.25 oz",
    "imageName": "15566.jpg",
    "defaultImage": "15566.jpg",
    "updatedTimestamp": "Jan 23, 2021 8:02:30 PM",
    "createdTimestamp": "Jan 23, 2021 8:02:30 PM",
    "isNewlyAdded": false,
    "isActive": true,
    "isDealsEnabled": false,
    "quantity": 0
  },
  {
    "id": 13785,
    "code": "Olympus Greek Feta Cheese In Brine",
    "desc": "Olympus Greek Feta Cheese In Brine",
    "shortDesc": "Olympus Greek Feta Cheese In Brine",
    "tags": [
      "Packaged Cheese"
    ],
    "categories": [
      {
        "code": "Breakfast & Dairy",
        "desc": "Breakfast & Dairy"
      }
    ],
    "subCategories": [
      {
        "code": "Dairy & Eggs",
        "desc": "Dairy & Eggs"
      }
    ],
    "brands": [
      {
        "code": "Olympus",
        "desc": "Olympus"
      }
    ],
    "price": {
      "basePrice": 7.39,
      "discountPrice": 7.39
    },
    "type": {
      "code": "Packaged Cheese",
      "desc": "Packaged Cheese"
    },
    "weight": "14.1 oz",
    "UpcCode": "",
    "tax": 0.0,
    "spiceLevel": "",
    "aiselNo": "1",
    "store": "Market Basket",
    "weightType": "14.1 oz",
    "imageName": "14600.jpg",
    "defaultImage": "14600.jpg",
    "updatedTimestamp": "Jan 23, 2021 8:02:30 PM",
    "createdTimestamp": "Jan 23, 2021 8:02:30 PM",
    "isNewlyAdded": false,
    "isActive": true,
    "isDealsEnabled": false,
    "quantity": 0
  },
  {
    "id": 3476,
    "code": "Banana Flowers",
    "desc": "Banana Flowers",
    "shortDesc": "Banana Flowers",
    "tags": [
      "Flowers"
    ],
    "categories": [
      {
        "code": "Fresh Produce",
        "desc": "Fresh Produce"
      }
    ],
    "subCategories": [
      {
        "code": "Fresh Herbs",
        "desc": "Fresh Herbs"
      }
    ],
    "brands": [
      {
        "code": "Market Basket",
        "desc": "Market Basket"
      }
    ],
    "price": {
      "basePrice": 3.29,
      "discountPrice": 3.29
    },
    "type": {
      "code": "Flowers",
      "desc": "Flowers"
    },
    "weight": "1 lb",
    "UpcCode": "",
    "tax": 0.0,
    "spiceLevel": "",
    "aiselNo": "20",
    "store": "Market Basket",
    "weightType": "1 lb",
    "imageName": "f64.jpg",
    "defaultImage": "f64.jpg",
    "updatedTimestamp": "Jan 23, 2021 8:02:30 PM",
    "createdTimestamp": "Jan 23, 2021 8:02:30 PM",
    "isNewlyAdded": false,
    "isActive": true,
    "isDealsEnabled": false,
    "quantity": 0
  },
  {
    "id": 5298,
    "code": "Ritz Crisp & Thins 50% Less Fat Salt & Vinegar",
    "desc": "Ritz Crisp & Thins 50% Less Fat Salt & Vinegar",
    "shortDesc": "Ritz Crisp & Thins 50% Less Fat Salt & Vinegar",
    "tags": [
      "Crackers"
    ],
    "categories": [
      {
        "code": "Chips, Cookies & Snacks",
        "desc": "Chips, Cookies & Snacks"
      }
    ],
    "subCategories": [
      {
        "code": "Cookies & Crackers",
        "desc": "Cookies & Crackers"
      }
    ],
    "brands": [
      {
        "code": "Ritz",
        "desc": "Ritz"
      }
    ],
    "price": {
      "basePrice": 3.91,
      "discountPrice": 3.91
    },
    "type": {
      "code": "Crackers",
      "desc": "Crackers"
    },
    "weight": "7.1 oz",
    "UpcCode": "",
    "tax": 0.0,
    "spiceLevel": "",
    "aiselNo": "6",
    "store": "Market Basket",
    "weightType": "7.1 oz",
    "imageName": "No Image.jpg",
    "defaultImage": "No Image.jpg",
    "updatedTimestamp": "Jan 23, 2021 8:02:30 PM",
    "createdTimestamp": "Jan 23, 2021 8:02:30 PM",
    "isNewlyAdded": false,
    "isActive": true,
    "isDealsEnabled": false,
    "quantity": 0
  },
  {
    "id": 14464,
    "code": "Peet's Coffee House Blend Dark Roast Whole Bean Coffee",
    "desc": "Peet's Coffee House Blend Dark Roast Whole Bean Coffee",
    "shortDesc": "Peet's Coffee House Blend Dark Roast Whole Bean Coffee",
    "tags": [
      "Coffee"
    ],
    "categories": [
      {
        "code": "Breakfast & Dairy",
        "desc": "Breakfast & Dairy"
      }
    ],
    "subCategories": [
      {
        "code": "Tea & Coffee",
        "desc": "Tea & Coffee"
      }
    ],
    "brands": [
      {
        "code": "Peet's Coffee",
        "desc": "Peet's Coffee"
      }
    ],
    "price": {
      "basePrice": 10.99,
      "discountPrice": 10.99
    },
    "type": {
      "code": "Coffee",
      "desc": "Coffee"
    },
    "weight": "12 oz",
    "UpcCode": "",
    "tax": 0.0,
    "spiceLevel": "",
    "aiselNo": "8",
    "store": "Market Basket",
    "weightType": "12 oz",
    "imageName": "3332.jpg",
    "defaultImage": "3332.jpg",
    "updatedTimestamp": "Jan 23, 2021 8:02:30 PM",
    "createdTimestamp": "Jan 23, 2021 8:02:30 PM",
    "isNewlyAdded": false,
    "isActive": true,
    "isDealsEnabled": false,
    "quantity": 0
  },
  {
    "id": 13862,
    "code": "8th Continent Soymilk Original",
    "desc": "8th Continent Soymilk Original",
    "shortDesc": "8th Continent Soymilk Original",
    "tags": [
      "Soy & Lactose-Free"
    ],
    "categories": [
      {
        "code": "Breakfast & Dairy",
        "desc": "Breakfast & Dairy"
      }
    ],
    "subCategories": [
      {
        "code": "Dairy & Eggs",
        "desc": "Dairy & Eggs"
      }
    ],
    "brands": [
      {
        "code": "8th Continent",
        "desc": "8th Continent"
      }
    ],
    "price": {
      "basePrice": 3.69,
      "discountPrice": 3.69
    },
    "type": {
      "code": "Soy & Lactose-Free",
      "desc": "Soy & Lactose-Free"
    },
    "weight": "64 fl oz",
    "UpcCode": "",
    "tax": 0.0,
    "spiceLevel": "",
    "aiselNo": "1",
    "store": "Market Basket",
    "weightType": "64 fl oz",
    "imageName": "14806.jpg",
    "defaultImage": "14806.jpg",
    "updatedTimestamp": "Jan 23, 2021 8:02:30 PM",
    "createdTimestamp": "Jan 23, 2021 8:02:30 PM",
    "isNewlyAdded": false,
    "isActive": true,
    "isDealsEnabled": false,
    "quantity": 0
  },
  {
    "id": 10048,
    "code": "Friendly's Premium Ice Cream Rich & Creamy Strawberry",
    "desc": "Friendly's Premium Ice Cream Rich & Creamy Strawberry",
    "shortDesc": "Friendly's Premium Ice Cream Rich & Creamy Strawberry",
    "tags": [
      "Ice Cream & Ice"
    ],
    "categories": [
      {
        "code": "Frozen Food",
        "desc": "Frozen Food"
      }
    ],
    "subCategories": [
      {
        "code": "Ice Cream & Ice",
        "desc": "Ice Cream & Ice"
      }
    ],
    "brands": [
      {
        "code": "Friendly's",
        "desc": "Friendly's"
      }
    ],
    "price": {
      "basePrice": 3.69,
      "discountPrice": 3.69
    },
    "type": {
      "code": "Ice Cream & Ice",
      "desc": "Ice Cream & Ice"
    },
    "weight": "1.5 quart",
    "UpcCode": "",
    "tax": 0.0,
    "spiceLevel": "",
    "aiselNo": "21",
    "store": "Market Basket",
    "weightType": "1.5 quart",
    "imageName": "3050.jpg",
    "defaultImage": "3050.jpg",
    "updatedTimestamp": "Jan 23, 2021 8:02:30 PM",
    "createdTimestamp": "Jan 23, 2021 8:02:30 PM",
    "isNewlyAdded": false,
    "isActive": true,
    "isDealsEnabled": false,
    "quantity": 0
  },
  {
    "id": 6164,
    "code": "Pepsi Caffeine Free",
    "desc": "Pepsi Caffeine Free",
    "shortDesc": "Pepsi Caffeine Free",
    "tags": [
      "Soft Drinks"
    ],
    "categories": [
      {
        "code": "Beverages & Juices",
        "desc": "Beverages & Juices"
      }
    ],
    "subCategories": [
      {
        "code": "Soft Drinks & Seltzers",
        "desc": "Soft Drinks & Seltzers"
      }
    ],
    "brands": [
      {
        "code": "Pepsi",
        "desc": "Pepsi"
      }
    ],
    "price": {
      "basePrice": 2.5,
      "discountPrice": 2.5
    },
    "type": {
      "code": "Soft Drinks",
      "desc": "Soft Drinks"
    },
    "weight": "2 L",
    "UpcCode": "",
    "tax": 0.0,
    "spiceLevel": "",
    "aiselNo": "17",
    "store": "Market Basket",
    "weightType": "2 L",
    "imageName": "No Image.jpg",
    "defaultImage": "No Image.jpg",
    "updatedTimestamp": "Jan 23, 2021 8:02:30 PM",
    "createdTimestamp": "Jan 23, 2021 8:02:30 PM",
    "isNewlyAdded": false,
    "isActive": true,
    "isDealsEnabled": false,
    "quantity": 0
  },
  {
    "id": 7441,
    "code": "Goya Chipotle Peppers In Adobo Sauce",
    "desc": "Goya Chipotle Peppers In Adobo Sauce",
    "shortDesc": "Goya Chipotle Peppers In Adobo Sauce",
    "tags": [
      "Canned & Jarred Vegetables"
    ],
    "categories": [
      {
        "code": "Cooking Needs",
        "desc": "Cooking Needs"
      }
    ],
    "subCategories": [
      {
        "code": "Canned Food",
        "desc": "Canned Food"
      }
    ],
    "brands": [
      {
        "code": "Goya",
        "desc": "Goya"
      }
    ],
    "price": {
      "basePrice": 3.29,
      "discountPrice": 3.29
    },
    "type": {
      "code": "Canned & Jarred Vegetables",
      "desc": "Canned & Jarred Vegetables"
    },
    "weight": "12 oz",
    "UpcCode": "",
    "tax": 0.0,
    "spiceLevel": "",
    "aiselNo": "9",
    "store": "Market Basket",
    "weightType": "12 oz",
    "imageName": "5053.jpg",
    "defaultImage": "5053.jpg",
    "updatedTimestamp": "Jan 23, 2021 8:02:30 PM",
    "createdTimestamp": "Jan 23, 2021 8:02:30 PM",
    "isNewlyAdded": false,
    "isActive": true,
    "isDealsEnabled": false,
    "quantity": 0
  },
  {
    "id": 627,
    "code": "Scotties Pocket Packs ultra plush",
    "desc": "Scotties Pocket Packs ultra plush",
    "shortDesc": "Scotties Pocket Packs ultra plush",
    "tags": [
      "Wipes"
    ],
    "categories": [
      {
        "code": "Laundry & Paper Goods",
        "desc": "Laundry & Paper Goods"
      }
    ],
    "subCategories": [
      {
        "code": "Paper Goods",
        "desc": "Paper Goods"
      }
    ],
    "brands": [
      {
        "code": "Scotties",
        "desc": "Scotties"
      }
    ],
    "price": {
      "basePrice": 1.88,
      "discountPrice": 1.88
    },
    "type": {
      "code": "Wipes",
      "desc": "Wipes"
    },
    "weight": "8 count",
    "UpcCode": "",
    "tax": 1.0,
    "spiceLevel": "",
    "aiselNo": "14",
    "store": "Market Basket",
    "weightType": "8 count",
    "imageName": "No Image.jpg",
    "defaultImage": "No Image.jpg",
    "updatedTimestamp": "Jan 23, 2021 8:02:30 PM",
    "createdTimestamp": "Jan 23, 2021 8:02:30 PM",
    "isNewlyAdded": false,
    "isActive": true,
    "isDealsEnabled": false,
    "quantity": 0
  },
  {
    "id": 5413,
    "code": "Nature's Bakery Fig Bar Raspberry",
    "desc": "Nature's Bakery Fig Bar Raspberry",
    "shortDesc": "Nature's Bakery Fig Bar Raspberry",
    "tags": [
      "Breakfast Bars"
    ],
    "categories": [
      {
        "code": "Breakfast & Dairy",
        "desc": "Breakfast & Dairy"
      }
    ],
    "subCategories": [
      {
        "code": "Bars & Pastries",
        "desc": "Bars & Pastries"
      }
    ],
    "brands": [
      {
        "code": "Nature's Bakery",
        "desc": "Nature's Bakery"
      }
    ],
    "price": {
      "basePrice": 9.36,
      "discountPrice": 9.36
    },
    "type": {
      "code": "Breakfast Bars",
      "desc": "Breakfast Bars"
    },
    "weight": "12 packs",
    "UpcCode": "",
    "tax": 0.0,
    "spiceLevel": "",
    "aiselNo": "6",
    "store": "Market Basket",
    "weightType": "12 packs",
    "imageName": "No Image.jpg",
    "defaultImage": "No Image.jpg",
    "updatedTimestamp": "Jan 23, 2021 8:02:30 PM",
    "createdTimestamp": "Jan 23, 2021 8:02:30 PM",
    "isNewlyAdded": false,
    "isActive": true,
    "isDealsEnabled": false,
    "quantity": 0
  },
  {
    "id": 7290,
    "code": "McCormick GourmetÃ¢âÂ¢ Organic Fennel Seed",
    "desc": "McCormick GourmetÃ¢âÂ¢ Organic Fennel Seed",
    "shortDesc": "McCormick GourmetÃ¢âÂ¢ Organic Fennel Seed",
    "tags": [
      "Spices & Seasonings"
    ],
    "categories": [
      {
        "code": "Cooking Needs",
        "desc": "Cooking Needs"
      }
    ],
    "subCategories": [
      {
        "code": "Spices & Seasonings",
        "desc": "Spices & Seasonings"
      }
    ],
    "brands": [
      {
        "code": "McCormick",
        "desc": "McCormick"
      }
    ],
    "price": {
      "basePrice": 4.89,
      "discountPrice": 4.89
    },
    "type": {
      "code": "Spices & Seasonings",
      "desc": "Spices & Seasonings"
    },
    "weight": "1 oz jar",
    "UpcCode": "",
    "tax": 0.0,
    "spiceLevel": "",
    "aiselNo": "9",
    "store": "Market Basket",
    "weightType": "1 oz jar",
    "imageName": "2212.jpg",
    "defaultImage": "2212.jpg",
    "updatedTimestamp": "Jan 23, 2021 8:02:30 PM",
    "createdTimestamp": "Jan 23, 2021 8:02:30 PM",
    "isNewlyAdded": false,
    "isActive": true,
    "isDealsEnabled": false,
    "quantity": 0
  },
  {
    "id": 4748,
    "code": "Tyson Cornish Game Hen",
    "desc": "Tyson Cornish Game Hen",
    "shortDesc": "Tyson Cornish Game Hen",
    "tags": [
      "Other Frozen Meat"
    ],
    "categories": [
      {
        "code": "Meat & Seafood",
        "desc": "Meat & Seafood"
      }
    ],
    "subCategories": [
      {
        "code": "Frozen Meat & Seafood",
        "desc": "Frozen Meat & Seafood"
      }
    ],
    "brands": [
      {
        "code": "Tyson",
        "desc": "Tyson"
      }
    ],
    "price": {
      "basePrice": 8.72,
      "discountPrice": 8.72
    },
    "type": {
      "code": "Other Frozen Meat",
      "desc": "Other Frozen Meat"
    },
    "weight": "Approx: 3.50 lb at $2.49/lb",
    "UpcCode": "",
    "tax": 0.0,
    "spiceLevel": "",
    "aiselNo": "18",
    "store": "Market Basket",
    "weightType": "Approx: 3.50 lb at $2.49/lb",
    "imageName": "No Image.jpg",
    "defaultImage": "No Image.jpg",
    "updatedTimestamp": "Jan 23, 2021 8:02:30 PM",
    "createdTimestamp": "Jan 23, 2021 8:02:30 PM",
    "isNewlyAdded": false,
    "isActive": true,
    "isDealsEnabled": false,
    "quantity": 0
  },
  {
    "id": 5946,
    "code": "Finest Call Premium Margarita Mix",
    "desc": "Finest Call Premium Margarita Mix",
    "shortDesc": "Finest Call Premium Margarita Mix",
    "tags": [
      "Cocoa & Drink Mixes"
    ],
    "categories": [
      {
        "code": "Beverages & Juices",
        "desc": "Beverages & Juices"
      }
    ],
    "subCategories": [
      {
        "code": "Cocoa & Drink Mixes",
        "desc": "Cocoa & Drink Mixes"
      }
    ],
    "brands": [
      {
        "code": "Finest Call",
        "desc": "Finest Call"
      }
    ],
    "price": {
      "basePrice": 4.99,
      "discountPrice": 4.99
    },
    "type": {
      "code": "Cocoa & Drink Mixes",
      "desc": "Cocoa & Drink Mixes"
    },
    "weight": "33.8 fl oz",
    "UpcCode": "",
    "tax": 0.0,
    "spiceLevel": "",
    "aiselNo": "17",
    "store": "Market Basket",
    "weightType": "33.8 fl oz",
    "imageName": "No Image.jpg",
    "defaultImage": "No Image.jpg",
    "updatedTimestamp": "Jan 23, 2021 8:02:29 PM",
    "createdTimestamp": "Jan 23, 2021 8:02:29 PM",
    "isNewlyAdded": false,
    "isActive": true,
    "isDealsEnabled": false,
    "quantity": 0
  },
  {
    "id": 10091,
    "code": "Hood Ice Cream Chocolate Chip",
    "desc": "Hood Ice Cream Chocolate Chip",
    "shortDesc": "Hood Ice Cream Chocolate Chip",
    "tags": [
      "Ice Cream & Ice"
    ],
    "categories": [
      {
        "code": "Frozen Food",
        "desc": "Frozen Food"
      }
    ],
    "subCategories": [
      {
        "code": "Ice Cream & Ice",
        "desc": "Ice Cream & Ice"
      }
    ],
    "brands": [
      {
        "code": "Hood",
        "desc": "Hood"
      }
    ],
    "price": {
      "basePrice": 3.69,
      "discountPrice": 3.69
    },
    "type": {
      "code": "Ice Cream & Ice",
      "desc": "Ice Cream & Ice"
    },
    "weight": "1.5 quart",
    "UpcCode": "",
    "tax": 0.0,
    "spiceLevel": "",
    "aiselNo": "21",
    "store": "Market Basket",
    "weightType": "1.5 quart",
    "imageName": "3095.jpg",
    "defaultImage": "3095.jpg",
    "updatedTimestamp": "Jan 23, 2021 8:02:30 PM",
    "createdTimestamp": "Jan 23, 2021 8:02:30 PM",
    "isNewlyAdded": false,
    "isActive": true,
    "isDealsEnabled": false,
    "quantity": 0
  },
  {
    "id": 3733,
    "code": "Sun State Produce Sales, Seedless Watermelon",
    "desc": "Sun State Produce Sales, Seedless Watermelon",
    "shortDesc": "Sun State Produce Sales, Seedless Watermelon",
    "tags": [
      "Watermelon"
    ],
    "categories": [
      {
        "code": "Fresh Produce",
        "desc": "Fresh Produce"
      }
    ],
    "subCategories": [
      {
        "code": "Fresh Fruits",
        "desc": "Fresh Fruits"
      }
    ],
    "brands": [
      {
        "code": "Sun State",
        "desc": "Sun State"
      }
    ],
    "price": {
      "basePrice": 11.26,
      "discountPrice": 11.26
    },
    "type": {
      "code": "Watermelon",
      "desc": "Watermelon"
    },
    "weight": "1 count",
    "UpcCode": "",
    "tax": 0.0,
    "spiceLevel": "",
    "aiselNo": "20",
    "store": "Market Basket",
    "weightType": "1 count",
    "imageName": "14280.jpg",
    "defaultImage": "14280.jpg",
    "updatedTimestamp": "Jan 23, 2021 8:02:30 PM",
    "createdTimestamp": "Jan 23, 2021 8:02:30 PM",
    "isNewlyAdded": false,
    "isActive": true,
    "isDealsEnabled": false,
    "quantity": 0
  },
  {
    "id": 6442,
    "code": "Market Basket Club Soda",
    "desc": "Market Basket Club Soda",
    "shortDesc": "Market Basket Club Soda",
    "tags": [
      "Soft Drinks"
    ],
    "categories": [
      {
        "code": "Beverages & Juices",
        "desc": "Beverages & Juices"
      }
    ],
    "subCategories": [
      {
        "code": "Soft Drinks & Seltzers",
        "desc": "Soft Drinks & Seltzers"
      }
    ],
    "brands": [
      {
        "code": "Market Basket",
        "desc": "Market Basket"
      }
    ],
    "price": {
      "basePrice": 3.75,
      "discountPrice": 3.75
    },
    "type": {
      "code": "Soft Drinks",
      "desc": "Soft Drinks"
    },
    "weight": "12 x 12 fl oz",
    "UpcCode": "",
    "tax": 0.0,
    "spiceLevel": "",
    "aiselNo": "17",
    "store": "Market Basket",
    "weightType": "12 x 12 fl oz",
    "imageName": "Market Basket.jpg",
    "defaultImage": "Market Basket.jpg",
    "updatedTimestamp": "Jan 23, 2021 8:02:30 PM",
    "createdTimestamp": "Jan 23, 2021 8:02:30 PM",
    "isNewlyAdded": false,
    "isActive": true,
    "isDealsEnabled": false,
    "quantity": 0
  },
  {
    "id": 4640,
    "code": "Bumble Bee Sardines in Mustard",
    "desc": "Bumble Bee Sardines in Mustard",
    "shortDesc": "Bumble Bee Sardines in Mustard",
    "tags": [
      "Canned Sardines"
    ],
    "categories": [
      {
        "code": "Meat & Seafood",
        "desc": "Meat & Seafood"
      }
    ],
    "subCategories": [
      {
        "code": "Canned Meat & Seafood",
        "desc": "Canned Meat & Seafood"
      }
    ],
    "brands": [
      {
        "code": "Bumble Bee",
        "desc": "Bumble Bee"
      }
    ],
    "price": {
      "basePrice": 1.29,
      "discountPrice": 1.29
    },
    "type": {
      "code": "Canned Sardines",
      "desc": "Canned Sardines"
    },
    "weight": "3.75 oz",
    "UpcCode": "",
    "tax": 0.0,
    "spiceLevel": "",
    "aiselNo": "2",
    "store": "Market Basket",
    "weightType": "3.75 oz",
    "imageName": "5198.jpg",
    "defaultImage": "5198.jpg",
    "updatedTimestamp": "Jan 23, 2021 8:02:30 PM",
    "createdTimestamp": "Jan 23, 2021 8:02:30 PM",
    "isNewlyAdded": false,
    "isActive": true,
    "isDealsEnabled": false,
    "quantity": 0
  },
  {
    "id": 10088,
    "code": "Hood Frozen Yogurt Low Fat Chocolate Fudge Brownie",
    "desc": "Hood Frozen Yogurt Low Fat Chocolate Fudge Brownie",
    "shortDesc": "Hood Frozen Yogurt Low Fat Chocolate Fudge Brownie",
    "tags": [
      "Ice Cream & Ice"
    ],
    "categories": [
      {
        "code": "Frozen Food",
        "desc": "Frozen Food"
      }
    ],
    "subCategories": [
      {
        "code": "Ice Cream & Ice",
        "desc": "Ice Cream & Ice"
      }
    ],
    "brands": [
      {
        "code": "Hood",
        "desc": "Hood"
      }
    ],
    "price": {
      "basePrice": 3.69,
      "discountPrice": 3.69
    },
    "type": {
      "code": "Ice Cream & Ice",
      "desc": "Ice Cream & Ice"
    },
    "weight": "1.5 quart",
    "UpcCode": "",
    "tax": 0.0,
    "spiceLevel": "",
    "aiselNo": "21",
    "store": "Market Basket",
    "weightType": "1.5 quart",
    "imageName": "3112.jpg",
    "defaultImage": "3112.jpg",
    "updatedTimestamp": "Jan 23, 2021 8:02:30 PM",
    "createdTimestamp": "Jan 23, 2021 8:02:30 PM",
    "isNewlyAdded": false,
    "isActive": true,
    "isDealsEnabled": false,
    "quantity": 0
  },
  {
    "id": 4023,
    "code": "Kumato Tomatoes",
    "desc": "Kumato Tomatoes",
    "shortDesc": "Kumato Tomatoes",
    "tags": [
      "Tomato"
    ],
    "categories": [
      {
        "code": "Fresh Produce",
        "desc": "Fresh Produce"
      }
    ],
    "subCategories": [
      {
        "code": "Fresh Vegetables",
        "desc": "Fresh Vegetables"
      }
    ],
    "brands": [
      {
        "code": "Market Basket",
        "desc": "Market Basket"
      }
    ],
    "price": {
      "basePrice": 4.39,
      "discountPrice": 4.39
    },
    "type": {
      "code": "Tomato",
      "desc": "Tomato"
    },
    "weight": "1 lb",
    "UpcCode": "",
    "tax": 0.0,
    "spiceLevel": "",
    "aiselNo": "20",
    "store": "Market Basket",
    "weightType": "1 lb",
    "imageName": "f297.jpg",
    "defaultImage": "f297.jpg",
    "updatedTimestamp": "Jan 23, 2021 8:02:30 PM",
    "createdTimestamp": "Jan 23, 2021 8:02:30 PM",
    "isNewlyAdded": false,
    "isActive": true,
    "isDealsEnabled": false,
    "quantity": 0
  },
  {
    "id": 4897,
    "code": "Market Basket Touch Of Lime Tortilla Chips",
    "desc": "Market Basket Touch Of Lime Tortilla Chips",
    "shortDesc": "Market Basket Touch Of Lime Tortilla Chips",
    "tags": [
      "Chips & Pretzels"
    ],
    "categories": [
      {
        "code": "Chips, Cookies & Snacks",
        "desc": "Chips, Cookies & Snacks"
      }
    ],
    "subCategories": [
      {
        "code": "Chips & Fruit Snacks",
        "desc": "Chips & Fruit Snacks"
      }
    ],
    "brands": [
      {
        "code": "Market Basket",
        "desc": "Market Basket"
      }
    ],
    "price": {
      "basePrice": 3.13,
      "discountPrice": 3.13
    },
    "type": {
      "code": "Chips & Pretzels",
      "desc": "Chips & Pretzels"
    },
    "weight": "12.5 oz",
    "UpcCode": "",
    "tax": 0.0,
    "spiceLevel": "",
    "aiselNo": "0",
    "store": "Market Basket",
    "weightType": "12.5 oz",
    "imageName": "Market Basket.jpg",
    "defaultImage": "Market Basket.jpg",
    "updatedTimestamp": "Jan 23, 2021 8:02:30 PM",
    "createdTimestamp": "Jan 23, 2021 8:02:30 PM",
    "isNewlyAdded": false,
    "isActive": true,
    "isDealsEnabled": false,
    "quantity": 0
  },
  {
    "id": 6386,
    "code": "Polar Strawberry Watermelon Sparkling Water",
    "desc": "Polar Strawberry Watermelon Sparkling Water",
    "shortDesc": "Polar Strawberry Watermelon Sparkling Water",
    "tags": [
      "Sparkling Water"
    ],
    "categories": [
      {
        "code": "Beverages & Juices",
        "desc": "Beverages & Juices"
      }
    ],
    "subCategories": [
      {
        "code": "Water",
        "desc": "Water"
      }
    ],
    "brands": [
      {
        "code": "Polar",
        "desc": "Polar"
      }
    ],
    "price": {
      "basePrice": 1.24,
      "discountPrice": 1.24
    },
    "type": {
      "code": "Sparkling Water",
      "desc": "Sparkling Water"
    },
    "weight": "1 L",
    "UpcCode": "",
    "tax": 0.0,
    "spiceLevel": "",
    "aiselNo": "11",
    "store": "Market Basket",
    "weightType": "1 L",
    "imageName": "No Image.jpg",
    "defaultImage": "No Image.jpg",
    "updatedTimestamp": "Jan 23, 2021 8:02:30 PM",
    "createdTimestamp": "Jan 23, 2021 8:02:30 PM",
    "isNewlyAdded": false,
    "isActive": true,
    "isDealsEnabled": false,
    "quantity": 0
  },
  {
    "id": 5940,
    "code": "Powell & Mahoney Classic Bloody Mary",
    "desc": "Powell & Mahoney Classic Bloody Mary",
    "shortDesc": "Powell & Mahoney Classic Bloody Mary",
    "tags": [
      "Cocoa & Drink Mixes"
    ],
    "categories": [
      {
        "code": "Beverages & Juices",
        "desc": "Beverages & Juices"
      }
    ],
    "subCategories": [
      {
        "code": "Cocoa & Drink Mixes",
        "desc": "Cocoa & Drink Mixes"
      }
    ],
    "brands": [
      {
        "code": "Powell & Mahoney",
        "desc": "Powell & Mahoney"
      }
    ],
    "price": {
      "basePrice": 8.74,
      "discountPrice": 8.74
    },
    "type": {
      "code": "Cocoa & Drink Mixes",
      "desc": "Cocoa & Drink Mixes"
    },
    "weight": "750 ml",
    "UpcCode": "",
    "tax": 0.0,
    "spiceLevel": "",
    "aiselNo": "17",
    "store": "Market Basket",
    "weightType": "750 ml",
    "imageName": "No Image.jpg",
    "defaultImage": "No Image.jpg",
    "updatedTimestamp": "Jan 23, 2021 8:02:29 PM",
    "createdTimestamp": "Jan 23, 2021 8:02:29 PM",
    "isNewlyAdded": false,
    "isActive": true,
    "isDealsEnabled": false,
    "quantity": 0
  },
  {
    "id": 14635,
    "code": "Twinings of London Black Tea Lady Grey",
    "desc": "Twinings of London Black Tea Lady Grey",
    "shortDesc": "Twinings of London Black Tea Lady Grey",
    "tags": [
      "Tea"
    ],
    "categories": [
      {
        "code": "Breakfast & Dairy",
        "desc": "Breakfast & Dairy"
      }
    ],
    "subCategories": [
      {
        "code": "Tea & Coffee",
        "desc": "Tea & Coffee"
      }
    ],
    "brands": [
      {
        "code": "Twinings",
        "desc": "Twinings"
      }
    ],
    "price": {
      "basePrice": 3.69,
      "discountPrice": 3.69
    },
    "type": {
      "code": "Tea",
      "desc": "Tea"
    },
    "weight": "20 count",
    "UpcCode": "",
    "tax": 0.0,
    "spiceLevel": "",
    "aiselNo": "8",
    "store": "Market Basket",
    "weightType": "20 count",
    "imageName": "3434.jpg",
    "defaultImage": "3434.jpg",
    "updatedTimestamp": "Jan 23, 2021 8:02:30 PM",
    "createdTimestamp": "Jan 23, 2021 8:02:30 PM",
    "isNewlyAdded": false,
    "isActive": true,
    "isDealsEnabled": false,
    "quantity": 0
  },
  {
    "id": 9885,
    "code": "Market Basket Sweet Peas",
    "desc": "Market Basket Sweet Peas",
    "shortDesc": "Market Basket Sweet Peas",
    "tags": [
      "Frozen Produce"
    ],
    "categories": [
      {
        "code": "Frozen Food",
        "desc": "Frozen Food"
      }
    ],
    "subCategories": [
      {
        "code": "Frozen Produce",
        "desc": "Frozen Produce"
      }
    ],
    "brands": [
      {
        "code": "Market Basket",
        "desc": "Market Basket"
      }
    ],
    "price": {
      "basePrice": 1.29,
      "discountPrice": 1.29
    },
    "type": {
      "code": "Frozen Produce",
      "desc": "Frozen Produce"
    },
    "weight": "16 oz",
    "UpcCode": "",
    "tax": 0.0,
    "spiceLevel": "",
    "aiselNo": "19",
    "store": "Market Basket",
    "weightType": "16 oz",
    "imageName": "Market Basket.jpg",
    "defaultImage": "Market Basket.jpg",
    "updatedTimestamp": "Jan 23, 2021 8:02:30 PM",
    "createdTimestamp": "Jan 23, 2021 8:02:30 PM",
    "isNewlyAdded": false,
    "isActive": true,
    "isDealsEnabled": false,
    "quantity": 0
  },
  {
    "id": 4656,
    "code": "Genova Albacore in Olive Oil No Salt Added Tuna",
    "desc": "Genova Albacore in Olive Oil No Salt Added Tuna",
    "shortDesc": "Genova Albacore in Olive Oil No Salt Added Tuna",
    "tags": [
      "Canned Tuna"
    ],
    "categories": [
      {
        "code": "Meat & Seafood",
        "desc": "Meat & Seafood"
      }
    ],
    "subCategories": [
      {
        "code": "Canned Meat & Seafood",
        "desc": "Canned Meat & Seafood"
      }
    ],
    "brands": [
      {
        "code": "Genova",
        "desc": "Genova"
      }
    ],
    "price": {
      "basePrice": 2.49,
      "discountPrice": 2.49
    },
    "type": {
      "code": "Canned Tuna",
      "desc": "Canned Tuna"
    },
    "weight": "5 oz",
    "UpcCode": "",
    "tax": 0.0,
    "spiceLevel": "",
    "aiselNo": "2",
    "store": "Market Basket",
    "weightType": "5 oz",
    "imageName": "5241.jpg",
    "defaultImage": "5241.jpg",
    "updatedTimestamp": "Jan 23, 2021 8:02:30 PM",
    "createdTimestamp": "Jan 23, 2021 8:02:30 PM",
    "isNewlyAdded": false,
    "isActive": true,
    "isDealsEnabled": false,
    "quantity": 0
  },
  {
    "id": 4724,
    "code": "Market Basket Duck",
    "desc": "Market Basket Duck",
    "shortDesc": "Market Basket Duck",
    "tags": [
      "Frozen Meat"
    ],
    "categories": [
      {
        "code": "Meat & Seafood",
        "desc": "Meat & Seafood"
      }
    ],
    "subCategories": [
      {
        "code": "Frozen Meat & Seafood",
        "desc": "Frozen Meat & Seafood"
      }
    ],
    "brands": [
      {
        "code": "Market Basket",
        "desc": "Market Basket"
      }
    ],
    "price": {
      "basePrice": 60.52,
      "discountPrice": 60.52
    },
    "type": {
      "code": "Frozen Meat",
      "desc": "Frozen Meat"
    },
    "weight": "Approx: 16.4 lb at $3.69/lb",
    "UpcCode": "",
    "tax": 0.0,
    "spiceLevel": "",
    "aiselNo": "18",
    "store": "Market Basket",
    "weightType": "Approx: 16.4 lb at $3.69/lb",
    "imageName": "Market Basket.jpg",
    "defaultImage": "Market Basket.jpg",
    "updatedTimestamp": "Jan 23, 2021 8:02:30 PM",
    "createdTimestamp": "Jan 23, 2021 8:02:30 PM",
    "isNewlyAdded": false,
    "isActive": true,
    "isDealsEnabled": false,
    "quantity": 0
  },
  {
    "id": 4156,
    "code": "Market Basket Spiral Cooked Ham",
    "desc": "Market Basket Spiral Cooked Ham",
    "shortDesc": "Market Basket Spiral Cooked Ham",
    "tags": [
      "Ham"
    ],
    "categories": [
      {
        "code": "Meat & Seafood",
        "desc": "Meat & Seafood"
      }
    ],
    "subCategories": [
      {
        "code": "Meat & Seafood Counter",
        "desc": "Meat & Seafood Counter"
      }
    ],
    "brands": [
      {
        "code": "Market Basket",
        "desc": "Market Basket"
      }
    ],
    "price": {
      "basePrice": 18.59,
      "discountPrice": 18.59
    },
    "type": {
      "code": "Ham",
      "desc": "Ham"
    },
    "weight": "1 lb",
    "UpcCode": "",
    "tax": 0.0,
    "spiceLevel": "",
    "aiselNo": "22",
    "store": "Market Basket",
    "weightType": "1 lb",
    "imageName": "Market Basket.jpg",
    "defaultImage": "Market Basket.jpg",
    "updatedTimestamp": "Jan 23, 2021 8:02:30 PM",
    "createdTimestamp": "Jan 23, 2021 8:02:30 PM",
    "isNewlyAdded": false,
    "isActive": true,
    "isDealsEnabled": false,
    "quantity": 0
  },
  {
    "id": 3553,
    "code": "Bok Choy Tips",
    "desc": "Bok Choy Tips",
    "shortDesc": "Bok Choy Tips",
    "tags": [
      "Bok Choy"
    ],
    "categories": [
      {
        "code": "Fresh Produce",
        "desc": "Fresh Produce"
      }
    ],
    "subCategories": [
      {
        "code": "Fresh Vegetables",
        "desc": "Fresh Vegetables"
      }
    ],
    "brands": [
      {
        "code": "Market Basket",
        "desc": "Market Basket"
      }
    ],
    "price": {
      "basePrice": 3.55,
      "discountPrice": 3.55
    },
    "type": {
      "code": "Bok Choy",
      "desc": "Bok Choy"
    },
    "weight": "1 lb",
    "UpcCode": "",
    "tax": 0.0,
    "spiceLevel": "",
    "aiselNo": "20",
    "store": "Market Basket",
    "weightType": "1 lb",
    "imageName": "FP99.jpg",
    "defaultImage": "FP99.jpg",
    "updatedTimestamp": "Jan 23, 2021 8:02:30 PM",
    "createdTimestamp": "Jan 23, 2021 8:02:30 PM",
    "isNewlyAdded": false,
    "isActive": true,
    "isDealsEnabled": false,
    "quantity": 0
  },
  {
    "id": 447,
    "code": "Market Basket Drawstring Clear Tall Kitchen Bags",
    "desc": "Market Basket Drawstring Clear Tall Kitchen Bags",
    "shortDesc": "Market Basket Drawstring Clear Tall Kitchen Bags",
    "tags": [
      "Tall Trash Bags"
    ],
    "categories": [
      {
        "code": "Kitchen & Cleaning",
        "desc": "Kitchen & Cleaning"
      }
    ],
    "subCategories": [
      {
        "code": "Trash Bags & Liners",
        "desc": "Trash Bags & Liners"
      }
    ],
    "brands": [
      {
        "code": "Market Basket",
        "desc": "Market Basket"
      }
    ],
    "price": {
      "basePrice": 3.69,
      "discountPrice": 3.69
    },
    "type": {
      "code": "Tall Trash Bags",
      "desc": "Tall Trash Bags"
    },
    "weight": "20 count",
    "UpcCode": "",
    "tax": 1.0,
    "spiceLevel": "",
    "aiselNo": "12",
    "store": "Market Basket",
    "weightType": "20 count",
    "imageName": "Market Basket.jpg",
    "defaultImage": "Market Basket.jpg",
    "updatedTimestamp": "Jan 23, 2021 8:02:30 PM",
    "createdTimestamp": "Jan 23, 2021 8:02:30 PM",
    "isNewlyAdded": false,
    "isActive": true,
    "isDealsEnabled": false,
    "quantity": 0
  },
  {
    "id": 5338,
    "code": "belVita Sandwich Cinnamon Brown Sugar With Vanilla Creme",
    "desc": "belVita Sandwich Cinnamon Brown Sugar With Vanilla Creme",
    "shortDesc": "belVita Sandwich Cinnamon Brown Sugar With Vanilla Creme",
    "tags": [
      "Cookies & Cakes"
    ],
    "categories": [
      {
        "code": "Chips, Cookies & Snacks",
        "desc": "Chips, Cookies & Snacks"
      }
    ],
    "subCategories": [
      {
        "code": "Cookies & Crackers",
        "desc": "Cookies & Crackers"
      }
    ],
    "brands": [
      {
        "code": "belVita",
        "desc": "belVita"
      }
    ],
    "price": {
      "basePrice": 4.69,
      "discountPrice": 4.69
    },
    "type": {
      "code": "Cookies & Cakes",
      "desc": "Cookies & Cakes"
    },
    "weight": "8.8 oz",
    "UpcCode": "",
    "tax": 0.0,
    "spiceLevel": "",
    "aiselNo": "6",
    "store": "Market Basket",
    "weightType": "8.8 oz",
    "imageName": "No Image.jpg",
    "defaultImage": "No Image.jpg",
    "updatedTimestamp": "Jan 23, 2021 8:02:30 PM",
    "createdTimestamp": "Jan 23, 2021 8:02:30 PM",
    "isNewlyAdded": false,
    "isActive": true,
    "isDealsEnabled": false,
    "quantity": 0
  },
  {
    "id": 6578,
    "code": "Bolthouse Farms Vanilla Chai Tea",
    "desc": "Bolthouse Farms Vanilla Chai Tea",
    "shortDesc": "Bolthouse Farms Vanilla Chai Tea",
    "tags": [
      "Refrigerated Drinks"
    ],
    "categories": [
      {
        "code": "Beverages & Juices",
        "desc": "Beverages & Juices"
      }
    ],
    "subCategories": [
      {
        "code": "Juices & Refrigerated Drinks",
        "desc": "Juices & Refrigerated Drinks"
      }
    ],
    "brands": [
      {
        "code": "Bolthouse Farms",
        "desc": "Bolthouse Farms"
      }
    ],
    "price": {
      "basePrice": 6.09,
      "discountPrice": 6.09
    },
    "type": {
      "code": "Refrigerated Drinks",
      "desc": "Refrigerated Drinks"
    },
    "weight": "52 fl oz",
    "UpcCode": "",
    "tax": 0.0,
    "spiceLevel": "",
    "aiselNo": "20",
    "store": "Market Basket",
    "weightType": "52 fl oz",
    "imageName": "3826.jpg",
    "defaultImage": "3826.jpg",
    "updatedTimestamp": "Jan 23, 2021 8:02:30 PM",
    "createdTimestamp": "Jan 23, 2021 8:02:30 PM",
    "isNewlyAdded": false,
    "isActive": true,
    "isDealsEnabled": false,
    "quantity": 0
  },
  {
    "id": 6894,
    "code": "Maseca Instant Corn Masa Flour",
    "desc": "Maseca Instant Corn Masa Flour",
    "shortDesc": "Maseca Instant Corn Masa Flour",
    "tags": [
      "Baking Ingredients"
    ],
    "categories": [
      {
        "code": "Cooking Needs",
        "desc": "Cooking Needs"
      }
    ],
    "subCategories": [
      {
        "code": "Baking & Cooking",
        "desc": "Baking & Cooking"
      }
    ],
    "brands": [
      {
        "code": "Maseca",
        "desc": "Maseca"
      }
    ],
    "price": {
      "basePrice": 3.69,
      "discountPrice": 3.69
    },
    "type": {
      "code": "Baking Ingredients",
      "desc": "Baking Ingredients"
    },
    "weight": "4.4 lb",
    "UpcCode": "",
    "tax": 0.0,
    "spiceLevel": "",
    "aiselNo": "8",
    "store": "Market Basket",
    "weightType": "4.4 lb",
    "imageName": "15723.jpg",
    "defaultImage": "15723.jpg",
    "updatedTimestamp": "Jan 23, 2021 8:02:30 PM",
    "createdTimestamp": "Jan 23, 2021 8:02:30 PM",
    "isNewlyAdded": false,
    "isActive": true,
    "isDealsEnabled": false,
    "quantity": 0
  },
  {
    "id": 15319,
    "code": "Dramamine Motion Sickness Relief, Chewable Tablets, Orange Flavor",
    "desc": "Dramamine Motion Sickness Relief, Chewable Tablets, Orange Flavor",
    "shortDesc": "Dramamine Motion Sickness Relief, Chewable Tablets, Orange Flavor",
    "tags": [
      "Vitamins & Supplements"
    ],
    "categories": [
      {
        "code": "Personal Care",
        "desc": "Personal Care"
      }
    ],
    "subCategories": [
      {
        "code": "Vitamins & Proteins",
        "desc": "Vitamins & Proteins"
      }
    ],
    "brands": [
      {
        "code": "Dramamine",
        "desc": "Dramamine"
      }
    ],
    "price": {
      "basePrice": 2.86,
      "discountPrice": 2.86
    },
    "type": {
      "code": "Vitamins & Supplements",
      "desc": "Vitamins & Supplements"
    },
    "weight": "4 count",
    "UpcCode": "",
    "tax": 1.0,
    "spiceLevel": "",
    "aiselNo": "13",
    "store": "Market Basket",
    "weightType": "4 count",
    "imageName": "17854.jpg",
    "defaultImage": "17854.jpg",
    "updatedTimestamp": "Jan 23, 2021 8:02:30 PM",
    "createdTimestamp": "Jan 23, 2021 8:02:30 PM",
    "isNewlyAdded": false,
    "isActive": true,
    "isDealsEnabled": false,
    "quantity": 0
  },
  {
    "id": 7867,
    "code": "Market Basket Chunk White Chicken In Water",
    "desc": "Market Basket Chunk White Chicken In Water",
    "shortDesc": "Market Basket Chunk White Chicken In Water",
    "tags": [
      "Canned Meat & Seafood"
    ],
    "categories": [
      {
        "code": "Cooking Needs",
        "desc": "Cooking Needs"
      }
    ],
    "subCategories": [
      {
        "code": "Canned Food",
        "desc": "Canned Food"
      }
    ],
    "brands": [
      {
        "code": "Market Basket",
        "desc": "Market Basket"
      }
    ],
    "price": {
      "basePrice": 2.49,
      "discountPrice": 2.49
    },
    "type": {
      "code": "Canned Meat & Seafood",
      "desc": "Canned Meat & Seafood"
    },
    "weight": "12.5 oz",
    "UpcCode": "",
    "tax": 0.0,
    "spiceLevel": "",
    "aiselNo": "2",
    "store": "Market Basket",
    "weightType": "12.5 oz",
    "imageName": "Market Basket.jpg",
    "defaultImage": "Market Basket.jpg",
    "updatedTimestamp": "Jan 23, 2021 8:02:30 PM",
    "createdTimestamp": "Jan 23, 2021 8:02:30 PM",
    "isNewlyAdded": false,
    "isActive": true,
    "isDealsEnabled": false,
    "quantity": 0
  },
  {
    "id": 7437,
    "code": "Goya Artichoke Hearts Quartered & Marinated",
    "desc": "Goya Artichoke Hearts Quartered & Marinated",
    "shortDesc": "Goya Artichoke Hearts Quartered & Marinated",
    "tags": [
      "Canned & Jarred Vegetables"
    ],
    "categories": [
      {
        "code": "Cooking Needs",
        "desc": "Cooking Needs"
      }
    ],
    "subCategories": [
      {
        "code": "Canned Food",
        "desc": "Canned Food"
      }
    ],
    "brands": [
      {
        "code": "Goya",
        "desc": "Goya"
      }
    ],
    "price": {
      "basePrice": 2.09,
      "discountPrice": 2.09
    },
    "type": {
      "code": "Canned & Jarred Vegetables",
      "desc": "Canned & Jarred Vegetables"
    },
    "weight": "6 oz",
    "UpcCode": "",
    "tax": 0.0,
    "spiceLevel": "",
    "aiselNo": "9",
    "store": "Market Basket",
    "weightType": "6 oz",
    "imageName": "5056.jpg",
    "defaultImage": "5056.jpg",
    "updatedTimestamp": "Jan 23, 2021 8:02:30 PM",
    "createdTimestamp": "Jan 23, 2021 8:02:30 PM",
    "isNewlyAdded": false,
    "isActive": true,
    "isDealsEnabled": false,
    "quantity": 0
  },
  {
    "id": 591,
    "code": "Final Touch Fabric Softener plus conditioner Lavender 36 Loads",
    "desc": "Final Touch Fabric Softener plus conditioner Lavender 36 Loads",
    "shortDesc": "Final Touch Fabric Softener plus conditioner Lavender 36 Loads",
    "tags": [
      "Fabric Softener"
    ],
    "categories": [
      {
        "code": "Laundry & Paper Goods",
        "desc": "Laundry & Paper Goods"
      }
    ],
    "subCategories": [
      {
        "code": "Laundry",
        "desc": "Laundry"
      }
    ],
    "brands": [
      {
        "code": "Final Touch",
        "desc": "Final Touch"
      }
    ],
    "price": {
      "basePrice": 2.74,
      "discountPrice": 2.74
    },
    "type": {
      "code": "Fabric Softener",
      "desc": "Fabric Softener"
    },
    "weight": "72 fl oz",
    "UpcCode": "",
    "tax": 1.0,
    "spiceLevel": "",
    "aiselNo": "15",
    "store": "Market Basket",
    "weightType": "72 fl oz",
    "imageName": "No Image.jpg",
    "defaultImage": "No Image.jpg",
    "updatedTimestamp": "Jan 23, 2021 8:02:30 PM",
    "createdTimestamp": "Jan 23, 2021 8:02:30 PM",
    "isNewlyAdded": false,
    "isActive": true,
    "isDealsEnabled": false,
    "quantity": 0
  },
  {
    "id": 15233,
    "code": "Market Basket Soft & Smooth Dental Floss",
    "desc": "Market Basket Soft & Smooth Dental Floss",
    "shortDesc": "Market Basket Soft & Smooth Dental Floss",
    "tags": [
      "Oral Hygiene"
    ],
    "categories": [
      {
        "code": "Personal Care",
        "desc": "Personal Care"
      }
    ],
    "subCategories": [
      {
        "code": "Personal Needs",
        "desc": "Personal Needs"
      }
    ],
    "brands": [
      {
        "code": "Market Basket",
        "desc": "Market Basket"
      }
    ],
    "price": {
      "basePrice": 2.86,
      "discountPrice": 2.86
    },
    "type": {
      "code": "Oral Hygiene",
      "desc": "Oral Hygiene"
    },
    "weight": "55 count",
    "UpcCode": "",
    "tax": 1.0,
    "spiceLevel": "",
    "aiselNo": "13",
    "store": "Market Basket",
    "weightType": "55 count",
    "imageName": "Market Basket.jpg",
    "defaultImage": "Market Basket.jpg",
    "updatedTimestamp": "Jan 23, 2021 8:02:30 PM",
    "createdTimestamp": "Jan 23, 2021 8:02:30 PM",
    "isNewlyAdded": false,
    "isActive": true,
    "isDealsEnabled": false,
    "quantity": 0
  },
  {
    "id": 10418,
    "code": "Goya Navy Beans",
    "desc": "Goya Navy Beans",
    "shortDesc": "Goya Navy Beans",
    "tags": [
      "Canned Food"
    ],
    "categories": [
      {
        "code": "Cooking Needs",
        "desc": "Cooking Needs"
      }
    ],
    "subCategories": [
      {
        "code": "Canned Food",
        "desc": "Canned Food"
      }
    ],
    "brands": [
      {
        "code": "Goya",
        "desc": "Goya"
      }
    ],
    "price": {
      "basePrice": 1.59,
      "discountPrice": 1.59
    },
    "type": {
      "code": "Canned Food",
      "desc": "Canned Food"
    },
    "weight": "16 oz",
    "UpcCode": "",
    "tax": 0.0,
    "spiceLevel": "",
    "aiselNo": "7",
    "store": "Market Basket",
    "weightType": "16 oz",
    "imageName": "5821.jpg",
    "defaultImage": "5821.jpg",
    "updatedTimestamp": "Jan 23, 2021 8:02:30 PM",
    "createdTimestamp": "Jan 23, 2021 8:02:30 PM",
    "isNewlyAdded": false,
    "isActive": true,
    "isDealsEnabled": false,
    "quantity": 0
  },
  {
    "id": 5933,
    "code": "Twix Chocolate Lowfat Milk",
    "desc": "Twix Chocolate Lowfat Milk",
    "shortDesc": "Twix Chocolate Lowfat Milk",
    "tags": [
      "Single To-Go Coffee"
    ],
    "categories": [
      {
        "code": "Beverages & Juices",
        "desc": "Beverages & Juices"
      }
    ],
    "subCategories": [
      {
        "code": "Tea, Coffee, Milk & Coconut Water",
        "desc": "Tea, Coffee, Milk & Coconut Water"
      }
    ],
    "brands": [
      {
        "code": "Twix",
        "desc": "Twix"
      }
    ],
    "price": {
      "basePrice": 3.74,
      "discountPrice": 3.74
    },
    "type": {
      "code": "Single To-Go Coffee",
      "desc": "Single To-Go Coffee"
    },
    "weight": "14 fl oz",
    "UpcCode": "",
    "tax": 0.0,
    "spiceLevel": "",
    "aiselNo": "17",
    "store": "Market Basket",
    "weightType": "14 fl oz",
    "imageName": "No Image.jpg",
    "defaultImage": "No Image.jpg",
    "updatedTimestamp": "Jan 23, 2021 8:02:30 PM",
    "createdTimestamp": "Jan 23, 2021 8:02:30 PM",
    "isNewlyAdded": false,
    "isActive": true,
    "isDealsEnabled": false,
    "quantity": 0
  },
  {
    "id": 5319,
    "code": "Chips Ahoy! 25% Less Fat Than Original",
    "desc": "Chips Ahoy! 25% Less Fat Than Original",
    "shortDesc": "Chips Ahoy! 25% Less Fat Than Original",
    "tags": [
      "Cookies & Cakes"
    ],
    "categories": [
      {
        "code": "Chips, Cookies & Snacks",
        "desc": "Chips, Cookies & Snacks"
      }
    ],
    "subCategories": [
      {
        "code": "Cookies & Crackers",
        "desc": "Cookies & Crackers"
      }
    ],
    "brands": [
      {
        "code": "Chips Ahoy!",
        "desc": "Chips Ahoy!"
      }
    ],
    "price": {
      "basePrice": 3.91,
      "discountPrice": 3.91
    },
    "type": {
      "code": "Cookies & Cakes",
      "desc": "Cookies & Cakes"
    },
    "weight": "13 oz",
    "UpcCode": "",
    "tax": 0.0,
    "spiceLevel": "",
    "aiselNo": "6",
    "store": "Market Basket",
    "weightType": "13 oz",
    "imageName": "No Image.jpg",
    "defaultImage": "No Image.jpg",
    "updatedTimestamp": "Jan 23, 2021 8:02:30 PM",
    "createdTimestamp": "Jan 23, 2021 8:02:30 PM",
    "isNewlyAdded": false,
    "isActive": true,
    "isDealsEnabled": false,
    "quantity": 0
  },
  {
    "id": 5843,
    "code": "Zone Perfect Nutrition Bar Fudge Graham",
    "desc": "Zone Perfect Nutrition Bar Fudge Graham",
    "shortDesc": "Zone Perfect Nutrition Bar Fudge Graham",
    "tags": [
      "Protien Bars"
    ],
    "categories": [
      {
        "code": "Breakfast & Dairy",
        "desc": "Breakfast & Dairy"
      }
    ],
    "subCategories": [
      {
        "code": "Bars & Pastries",
        "desc": "Bars & Pastries"
      }
    ],
    "brands": [
      {
        "code": "Zone Perfect",
        "desc": "Zone Perfect"
      }
    ],
    "price": {
      "basePrice": 1.56,
      "discountPrice": 1.56
    },
    "type": {
      "code": "Protien Bars",
      "desc": "Protien Bars"
    },
    "weight": "1.76 oz",
    "UpcCode": "",
    "tax": 0.0,
    "spiceLevel": "",
    "aiselNo": "3",
    "store": "Market Basket",
    "weightType": "1.76 oz",
    "imageName": "1325.jpg",
    "defaultImage": "1325.jpg",
    "updatedTimestamp": "Jan 23, 2021 8:02:30 PM",
    "createdTimestamp": "Jan 23, 2021 8:02:30 PM",
    "isNewlyAdded": false,
    "isActive": true,
    "isDealsEnabled": false,
    "quantity": 0
  },
  {
    "id": 7866,
    "code": "Market Basket Chicken Cooking Stock No Msg Fat Free",
    "desc": "Market Basket Chicken Cooking Stock No Msg Fat Free",
    "shortDesc": "Market Basket Chicken Cooking Stock No Msg Fat Free",
    "tags": [
      "Canned Meat & Seafood"
    ],
    "categories": [
      {
        "code": "Cooking Needs",
        "desc": "Cooking Needs"
      }
    ],
    "subCategories": [
      {
        "code": "Canned Food",
        "desc": "Canned Food"
      }
    ],
    "brands": [
      {
        "code": "Market Basket",
        "desc": "Market Basket"
      }
    ],
    "price": {
      "basePrice": 2.49,
      "discountPrice": 2.49
    },
    "type": {
      "code": "Canned Meat & Seafood",
      "desc": "Canned Meat & Seafood"
    },
    "weight": "32 oz",
    "UpcCode": "",
    "tax": 0.0,
    "spiceLevel": "",
    "aiselNo": "2",
    "store": "Market Basket",
    "weightType": "32 oz",
    "imageName": "Market Basket.jpg",
    "defaultImage": "Market Basket.jpg",
    "updatedTimestamp": "Jan 23, 2021 8:02:30 PM",
    "createdTimestamp": "Jan 23, 2021 8:02:30 PM",
    "isNewlyAdded": false,
    "isActive": true,
    "isDealsEnabled": false,
    "quantity": 0
  },
  {
    "id": 4885,
    "code": "Market Basket Baked Potato Crisps Original",
    "desc": "Market Basket Baked Potato Crisps Original",
    "shortDesc": "Market Basket Baked Potato Crisps Original",
    "tags": [
      "Chips & Pretzels"
    ],
    "categories": [
      {
        "code": "Chips, Cookies & Snacks",
        "desc": "Chips, Cookies & Snacks"
      }
    ],
    "subCategories": [
      {
        "code": "Chips & Fruit Snacks",
        "desc": "Chips & Fruit Snacks"
      }
    ],
    "brands": [
      {
        "code": "Market Basket",
        "desc": "Market Basket"
      }
    ],
    "price": {
      "basePrice": 3.91,
      "discountPrice": 3.91
    },
    "type": {
      "code": "Chips & Pretzels",
      "desc": "Chips & Pretzels"
    },
    "weight": "9 oz",
    "UpcCode": "",
    "tax": 0.0,
    "spiceLevel": "",
    "aiselNo": "0",
    "store": "Market Basket",
    "weightType": "9 oz",
    "imageName": "Market Basket.jpg",
    "defaultImage": "Market Basket.jpg",
    "updatedTimestamp": "Jan 23, 2021 8:02:30 PM",
    "createdTimestamp": "Jan 23, 2021 8:02:30 PM",
    "isNewlyAdded": false,
    "isActive": true,
    "isDealsEnabled": false,
    "quantity": 0
  },
  {
    "id": 7712,
    "code": "Bush's Best Reduced Sodium Dark Red Kidney Beans",
    "desc": "Bush's Best Reduced Sodium Dark Red Kidney Beans",
    "shortDesc": "Bush's Best Reduced Sodium Dark Red Kidney Beans",
    "tags": [
      "Canned Meals & Beans"
    ],
    "categories": [
      {
        "code": "Cooking Needs",
        "desc": "Cooking Needs"
      }
    ],
    "subCategories": [
      {
        "code": "Canned Food",
        "desc": "Canned Food"
      }
    ],
    "brands": [
      {
        "code": "Bush's Best",
        "desc": "Bush's Best"
      }
    ],
    "price": {
      "basePrice": 1.59,
      "discountPrice": 1.59
    },
    "type": {
      "code": "Canned Meals & Beans",
      "desc": "Canned Meals & Beans"
    },
    "weight": "16 oz",
    "UpcCode": "",
    "tax": 0.0,
    "spiceLevel": "",
    "aiselNo": "2",
    "store": "Market Basket",
    "weightType": "16 oz",
    "imageName": "5149.jpg",
    "defaultImage": "5149.jpg",
    "updatedTimestamp": "Jan 23, 2021 8:02:30 PM",
    "createdTimestamp": "Jan 23, 2021 8:02:30 PM",
    "isNewlyAdded": false,
    "isActive": true,
    "isDealsEnabled": false,
    "quantity": 0
  },
  {
    "id": 14412,
    "code": "Market Basket Hazelnut Creme",
    "desc": "Market Basket Hazelnut Creme",
    "shortDesc": "Market Basket Hazelnut Creme",
    "tags": [
      "Coffee"
    ],
    "categories": [
      {
        "code": "Breakfast & Dairy",
        "desc": "Breakfast & Dairy"
      }
    ],
    "subCategories": [
      {
        "code": "Tea & Coffee",
        "desc": "Tea & Coffee"
      }
    ],
    "brands": [
      {
        "code": "Market Basket",
        "desc": "Market Basket"
      }
    ],
    "price": {
      "basePrice": 4.89,
      "discountPrice": 4.89
    },
    "type": {
      "code": "Coffee",
      "desc": "Coffee"
    },
    "weight": "11 oz",
    "UpcCode": "",
    "tax": 0.0,
    "spiceLevel": "",
    "aiselNo": "8",
    "store": "Market Basket",
    "weightType": "11 oz",
    "imageName": "Market Basket.jpg",
    "defaultImage": "Market Basket.jpg",
    "updatedTimestamp": "Jan 23, 2021 8:02:30 PM",
    "createdTimestamp": "Jan 23, 2021 8:02:30 PM",
    "isNewlyAdded": false,
    "isActive": true,
    "isDealsEnabled": false,
    "quantity": 0
  },
  {
    "id": 467,
    "code": "Sun Triple Clean plus OXI original fresh 156 medium loads laundry detergent",
    "desc": "Sun Triple Clean plus OXI original fresh 156 medium loads laundry detergent",
    "shortDesc": "Sun Triple Clean plus OXI original fresh 156 medium loads laundry detergent",
    "tags": [
      "Laundry Detergent"
    ],
    "categories": [
      {
        "code": "Laundry & Paper Goods",
        "desc": "Laundry & Paper Goods"
      }
    ],
    "subCategories": [
      {
        "code": "Laundry",
        "desc": "Laundry"
      }
    ],
    "brands": [
      {
        "code": "Sun",
        "desc": "Sun"
      }
    ],
    "price": {
      "basePrice": 9.86,
      "discountPrice": 9.86
    },
    "type": {
      "code": "Laundry Detergent",
      "desc": "Laundry Detergent"
    },
    "weight": "250 fl oz",
    "UpcCode": "",
    "tax": 1.0,
    "spiceLevel": "",
    "aiselNo": "15",
    "store": "Market Basket",
    "weightType": "250 fl oz",
    "imageName": "No Image.jpg",
    "defaultImage": "No Image.jpg",
    "updatedTimestamp": "Jan 23, 2021 8:02:30 PM",
    "createdTimestamp": "Jan 23, 2021 8:02:30 PM",
    "isNewlyAdded": false,
    "isActive": true,
    "isDealsEnabled": false,
    "quantity": 0
  },
  {
    "id": 6338,
    "code": "Polar Cranberry Seltzer",
    "desc": "Polar Cranberry Seltzer",
    "shortDesc": "Polar Cranberry Seltzer",
    "tags": [
      "Seltzer"
    ],
    "categories": [
      {
        "code": "Beverages & Juices",
        "desc": "Beverages & Juices"
      }
    ],
    "subCategories": [
      {
        "code": "Soft Drinks & Seltzers",
        "desc": "Soft Drinks & Seltzers"
      }
    ],
    "brands": [
      {
        "code": "Polar",
        "desc": "Polar"
      }
    ],
    "price": {
      "basePrice": 1.24,
      "discountPrice": 1.24
    },
    "type": {
      "code": "Seltzer",
      "desc": "Seltzer"
    },
    "weight": "2 L",
    "UpcCode": "",
    "tax": 0.0,
    "spiceLevel": "",
    "aiselNo": "11",
    "store": "Market Basket",
    "weightType": "2 L",
    "imageName": "No Image.jpg",
    "defaultImage": "No Image.jpg",
    "updatedTimestamp": "Jan 23, 2021 8:02:30 PM",
    "createdTimestamp": "Jan 23, 2021 8:02:30 PM",
    "isNewlyAdded": false,
    "isActive": true,
    "isDealsEnabled": false,
    "quantity": 0
  },
  {
    "id": 6315,
    "code": "Poland Spring Sparkling Water, Orange Mango",
    "desc": "Poland Spring Sparkling Water, Orange Mango",
    "shortDesc": "Poland Spring Sparkling Water, Orange Mango",
    "tags": [
      "Sparkling Water"
    ],
    "categories": [
      {
        "code": "Beverages & Juices",
        "desc": "Beverages & Juices"
      }
    ],
    "subCategories": [
      {
        "code": "Water",
        "desc": "Water"
      }
    ],
    "brands": [
      {
        "code": "Poland Spring",
        "desc": "Poland Spring"
      }
    ],
    "price": {
      "basePrice": 3.74,
      "discountPrice": 3.74
    },
    "type": {
      "code": "Sparkling Water",
      "desc": "Sparkling Water"
    },
    "weight": "8 x 12 fl oz",
    "UpcCode": "",
    "tax": 0.0,
    "spiceLevel": "",
    "aiselNo": "11",
    "store": "Market Basket",
    "weightType": "8 x 12 fl oz",
    "imageName": "No Image.jpg",
    "defaultImage": "No Image.jpg",
    "updatedTimestamp": "Jan 23, 2021 8:02:30 PM",
    "createdTimestamp": "Jan 23, 2021 8:02:30 PM",
    "isNewlyAdded": false,
    "isActive": true,
    "isDealsEnabled": false,
    "quantity": 0
  },
  {
    "id": 13523,
    "code": "Oakhurst Fat Free Skim Milk",
    "desc": "Oakhurst Fat Free Skim Milk",
    "shortDesc": "Oakhurst Fat Free Skim Milk",
    "tags": [
      "Milk"
    ],
    "categories": [
      {
        "code": "Breakfast & Dairy",
        "desc": "Breakfast & Dairy"
      }
    ],
    "subCategories": [
      {
        "code": "Dairy & Eggs",
        "desc": "Dairy & Eggs"
      }
    ],
    "brands": [
      {
        "code": "Oakhurst",
        "desc": "Oakhurst"
      }
    ],
    "price": {
      "basePrice": 2.79,
      "discountPrice": 2.79
    },
    "type": {
      "code": "Milk",
      "desc": "Milk"
    },
    "weight": "2 gal",
    "UpcCode": "",
    "tax": 0.0,
    "spiceLevel": "",
    "aiselNo": "1",
    "store": "Market Basket",
    "weightType": "2 gal",
    "imageName": "Market Basket.jpg",
    "defaultImage": "Market Basket.jpg",
    "updatedTimestamp": "Jan 23, 2021 8:02:30 PM",
    "createdTimestamp": "Jan 23, 2021 8:02:30 PM",
    "isNewlyAdded": false,
    "isActive": true,
    "isDealsEnabled": false,
    "quantity": 0
  },
  {
    "id": 13716,
    "code": "El Cortijo Manchego Cheese",
    "desc": "El Cortijo Manchego Cheese",
    "shortDesc": "El Cortijo Manchego Cheese",
    "tags": [
      "Packaged Cheese"
    ],
    "categories": [
      {
        "code": "Breakfast & Dairy",
        "desc": "Breakfast & Dairy"
      }
    ],
    "subCategories": [
      {
        "code": "Dairy & Eggs",
        "desc": "Dairy & Eggs"
      }
    ],
    "brands": [
      {
        "code": "Market Basket",
        "desc": "Market Basket"
      }
    ],
    "price": {
      "basePrice": 13.49,
      "discountPrice": 13.49
    },
    "type": {
      "code": "Packaged Cheese",
      "desc": "Packaged Cheese"
    },
    "weight": "1 lb",
    "UpcCode": "",
    "tax": 0.0,
    "spiceLevel": "",
    "aiselNo": "1",
    "store": "Market Basket",
    "weightType": "1 lb",
    "imageName": "Market Basket.jpg",
    "defaultImage": "Market Basket.jpg",
    "updatedTimestamp": "Jan 23, 2021 8:02:30 PM",
    "createdTimestamp": "Jan 23, 2021 8:02:30 PM",
    "isNewlyAdded": false,
    "isActive": true,
    "isDealsEnabled": false,
    "quantity": 0
  },
  {
    "id": 5371,
    "code": "Enjoy Life Soft Baked Cookies Snickerdoodle",
    "desc": "Enjoy Life Soft Baked Cookies Snickerdoodle",
    "shortDesc": "Enjoy Life Soft Baked Cookies Snickerdoodle",
    "tags": [
      "Cookies & Cakes"
    ],
    "categories": [
      {
        "code": "Chips, Cookies & Snacks",
        "desc": "Chips, Cookies & Snacks"
      }
    ],
    "subCategories": [
      {
        "code": "Cookies & Crackers",
        "desc": "Cookies & Crackers"
      }
    ],
    "brands": [
      {
        "code": "Enjoy Life",
        "desc": "Enjoy Life"
      }
    ],
    "price": {
      "basePrice": 6.23,
      "discountPrice": 6.23
    },
    "type": {
      "code": "Cookies & Cakes",
      "desc": "Cookies & Cakes"
    },
    "weight": "6 oz",
    "UpcCode": "",
    "tax": 0.0,
    "spiceLevel": "",
    "aiselNo": "6",
    "store": "Market Basket",
    "weightType": "6 oz",
    "imageName": "No Image.jpg",
    "defaultImage": "No Image.jpg",
    "updatedTimestamp": "Jan 23, 2021 8:02:30 PM",
    "createdTimestamp": "Jan 23, 2021 8:02:30 PM",
    "isNewlyAdded": false,
    "isActive": true,
    "isDealsEnabled": false,
    "quantity": 0
  },
  {
    "id": 14577,
    "code": "Market Basket Iced Tea Mix",
    "desc": "Market Basket Iced Tea Mix",
    "shortDesc": "Market Basket Iced Tea Mix",
    "tags": [
      "Tea"
    ],
    "categories": [
      {
        "code": "Breakfast & Dairy",
        "desc": "Breakfast & Dairy"
      }
    ],
    "subCategories": [
      {
        "code": "Tea & Coffee",
        "desc": "Tea & Coffee"
      }
    ],
    "brands": [
      {
        "code": "Market Basket",
        "desc": "Market Basket"
      }
    ],
    "price": {
      "basePrice": 6.09,
      "discountPrice": 6.09
    },
    "type": {
      "code": "Tea",
      "desc": "Tea"
    },
    "weight": "20 count",
    "UpcCode": "",
    "tax": 0.0,
    "spiceLevel": "",
    "aiselNo": "8",
    "store": "Market Basket",
    "weightType": "20 count",
    "imageName": "Market Basket.jpg",
    "defaultImage": "Market Basket.jpg",
    "updatedTimestamp": "Jan 23, 2021 8:02:30 PM",
    "createdTimestamp": "Jan 23, 2021 8:02:30 PM",
    "isNewlyAdded": false,
    "isActive": true,
    "isDealsEnabled": false,
    "quantity": 0
  },
  {
    "id": 8284,
    "code": "Cedar Hommus Zesty Lemon",
    "desc": "Cedar Hommus Zesty Lemon",
    "shortDesc": "Cedar Hommus Zesty Lemon",
    "tags": [
      "Hommus"
    ],
    "categories": [
      {
        "code": "Condiments & Dressings",
        "desc": "Condiments & Dressings"
      }
    ],
    "subCategories": [
      {
        "code": "Fresh Dips & Tapenades",
        "desc": "Fresh Dips & Tapenades"
      }
    ],
    "brands": [
      {
        "code": "Cedar",
        "desc": "Cedar"
      }
    ],
    "price": {
      "basePrice": 2.49,
      "discountPrice": 2.49
    },
    "type": {
      "code": "Hommus",
      "desc": "Hommus"
    },
    "weight": "8 oz",
    "UpcCode": "",
    "tax": 0.0,
    "spiceLevel": "",
    "aiselNo": "1",
    "store": "Market Basket",
    "weightType": "8 oz",
    "imageName": "5508.jpg",
    "defaultImage": "5508.jpg",
    "updatedTimestamp": "Jan 23, 2021 8:02:30 PM",
    "createdTimestamp": "Jan 23, 2021 8:02:30 PM",
    "isNewlyAdded": false,
    "isActive": true,
    "isDealsEnabled": false,
    "quantity": 0
  },
  {
    "id": 14667,
    "code": "Gold Bond Softening Lotion Shea Butter + Coconut Oil & Cocoa Butter",
    "desc": "Gold Bond Softening Lotion Shea Butter + Coconut Oil & Cocoa Butter",
    "shortDesc": "Gold Bond Softening Lotion Shea Butter + Coconut Oil & Cocoa Butter",
    "tags": [
      "Body Lotion"
    ],
    "categories": [
      {
        "code": "Personal Care",
        "desc": "Personal Care"
      }
    ],
    "subCategories": [
      {
        "code": "Body Wash, Soap & Hair Care",
        "desc": "Body Wash, Soap & Hair Care"
      }
    ],
    "brands": [
      {
        "code": "Gold Bond",
        "desc": "Gold Bond"
      }
    ],
    "price": {
      "basePrice": 14.02,
      "discountPrice": 14.02
    },
    "type": {
      "code": "Body Lotion",
      "desc": "Body Lotion"
    },
    "weight": "14 oz",
    "UpcCode": "",
    "tax": 1.0,
    "spiceLevel": "",
    "aiselNo": "13",
    "store": "Market Basket",
    "weightType": "14 oz",
    "imageName": "17726.jpg",
    "defaultImage": "17726.jpg",
    "updatedTimestamp": "Jan 23, 2021 8:02:30 PM",
    "createdTimestamp": "Jan 23, 2021 8:02:30 PM",
    "isNewlyAdded": false,
    "isActive": true,
    "isDealsEnabled": false,
    "quantity": 0
  },
  {
    "id": 6114,
    "code": "Dr Pepper Diet Soda",
    "desc": "Dr Pepper Diet Soda",
    "shortDesc": "Dr Pepper Diet Soda",
    "tags": [
      "Soft Drinks"
    ],
    "categories": [
      {
        "code": "Beverages & Juices",
        "desc": "Beverages & Juices"
      }
    ],
    "subCategories": [
      {
        "code": "Soft Drinks & Seltzers",
        "desc": "Soft Drinks & Seltzers"
      }
    ],
    "brands": [
      {
        "code": "Dr Pepper",
        "desc": "Dr Pepper"
      }
    ],
    "price": {
      "basePrice": 1.24,
      "discountPrice": 1.24
    },
    "type": {
      "code": "Soft Drinks",
      "desc": "Soft Drinks"
    },
    "weight": "2 L",
    "UpcCode": "",
    "tax": 0.0,
    "spiceLevel": "",
    "aiselNo": "17",
    "store": "Market Basket",
    "weightType": "2 L",
    "imageName": "No Image.jpg",
    "defaultImage": "No Image.jpg",
    "updatedTimestamp": "Jan 23, 2021 8:02:30 PM",
    "createdTimestamp": "Jan 23, 2021 8:02:30 PM",
    "isNewlyAdded": false,
    "isActive": true,
    "isDealsEnabled": false,
    "quantity": 0
  },
  {
    "id": 10185,
    "code": "Outshine Fruit & Veggie Bars, Assorted",
    "desc": "Outshine Fruit & Veggie Bars, Assorted",
    "shortDesc": "Outshine Fruit & Veggie Bars, Assorted",
    "tags": [
      "Ice Cream & Ice"
    ],
    "categories": [
      {
        "code": "Frozen Food",
        "desc": "Frozen Food"
      }
    ],
    "subCategories": [
      {
        "code": "Ice Cream & Ice",
        "desc": "Ice Cream & Ice"
      }
    ],
    "brands": [
      {
        "code": "Outshine",
        "desc": "Outshine"
      }
    ],
    "price": {
      "basePrice": 4.29,
      "discountPrice": 4.29
    },
    "type": {
      "code": "Ice Cream & Ice",
      "desc": "Ice Cream & Ice"
    },
    "weight": "12 x 1.5 fl oz",
    "UpcCode": "",
    "tax": 0.0,
    "spiceLevel": "",
    "aiselNo": "21",
    "store": "Market Basket",
    "weightType": "12 x 1.5 fl oz",
    "imageName": "16160.jpg",
    "defaultImage": "16160.jpg",
    "updatedTimestamp": "Jan 23, 2021 8:02:30 PM",
    "createdTimestamp": "Jan 23, 2021 8:02:30 PM",
    "isNewlyAdded": false,
    "isActive": true,
    "isDealsEnabled": false,
    "quantity": 0
  },
  {
    "id": 3869,
    "code": "J&D Produce Red Kale",
    "desc": "J&D Produce Red Kale",
    "shortDesc": "J&D Produce Red Kale",
    "tags": [
      "Kale"
    ],
    "categories": [
      {
        "code": "Fresh Produce",
        "desc": "Fresh Produce"
      }
    ],
    "subCategories": [
      {
        "code": "Fresh Vegetables",
        "desc": "Fresh Vegetables"
      }
    ],
    "brands": [
      {
        "code": "Market Basket",
        "desc": "Market Basket"
      }
    ],
    "price": {
      "basePrice": 3.55,
      "discountPrice": 3.55
    },
    "type": {
      "code": "Kale",
      "desc": "Kale"
    },
    "weight": "1 bunch",
    "UpcCode": "",
    "tax": 0.0,
    "spiceLevel": "",
    "aiselNo": "20",
    "store": "Market Basket",
    "weightType": "1 bunch",
    "imageName": "FP109.jpg",
    "defaultImage": "FP109.jpg",
    "updatedTimestamp": "Jan 23, 2021 8:02:30 PM",
    "createdTimestamp": "Jan 23, 2021 8:02:30 PM",
    "isNewlyAdded": false,
    "isActive": true,
    "isDealsEnabled": false,
    "quantity": 0
  },
  {
    "id": 14752,
    "code": "Herbal Essences Set Me Up Hair Mousse",
    "desc": "Herbal Essences Set Me Up Hair Mousse",
    "shortDesc": "Herbal Essences Set Me Up Hair Mousse",
    "tags": [
      "Hair Care"
    ],
    "categories": [
      {
        "code": "Personal Care",
        "desc": "Personal Care"
      }
    ],
    "subCategories": [
      {
        "code": "Body Wash, Soap & Hair Care",
        "desc": "Body Wash, Soap & Hair Care"
      }
    ],
    "brands": [
      {
        "code": "Herbal Essences",
        "desc": "Herbal Essences"
      }
    ],
    "price": {
      "basePrice": 5.39,
      "discountPrice": 5.39
    },
    "type": {
      "code": "Hair Care",
      "desc": "Hair Care"
    },
    "weight": "6.8 fl oz",
    "UpcCode": "",
    "tax": 1.0,
    "spiceLevel": "",
    "aiselNo": "13",
    "store": "Market Basket",
    "weightType": "6.8 fl oz",
    "imageName": "18172.jpg",
    "defaultImage": "18172.jpg",
    "updatedTimestamp": "Jan 23, 2021 8:02:30 PM",
    "createdTimestamp": "Jan 23, 2021 8:02:30 PM",
    "isNewlyAdded": false,
    "isActive": true,
    "isDealsEnabled": false,
    "quantity": 0
  },
  {
    "id": 14855,
    "code": "Market Basket Antibacterial Liquid Hand Soap Refill",
    "desc": "Market Basket Antibacterial Liquid Hand Soap Refill",
    "shortDesc": "Market Basket Antibacterial Liquid Hand Soap Refill",
    "tags": [
      "Soap"
    ],
    "categories": [
      {
        "code": "Personal Care",
        "desc": "Personal Care"
      }
    ],
    "subCategories": [
      {
        "code": "Body Wash, Soap & Hair Care",
        "desc": "Body Wash, Soap & Hair Care"
      }
    ],
    "brands": [
      {
        "code": "Market Basket",
        "desc": "Market Basket"
      }
    ],
    "price": {
      "basePrice": 4.7,
      "discountPrice": 4.7
    },
    "type": {
      "code": "Soap",
      "desc": "Soap"
    },
    "weight": "56 fl oz",
    "UpcCode": "",
    "tax": 1.0,
    "spiceLevel": "",
    "aiselNo": "13",
    "store": "Market Basket",
    "weightType": "56 fl oz",
    "imageName": "Market Basket.jpg",
    "defaultImage": "Market Basket.jpg",
    "updatedTimestamp": "Jan 23, 2021 8:02:30 PM",
    "createdTimestamp": "Jan 23, 2021 8:02:30 PM",
    "isNewlyAdded": false,
    "isActive": true,
    "isDealsEnabled": false,
    "quantity": 0
  },
  {
    "id": 5937,
    "code": "Suckerpunch Gourmet Spicy Bloody Mary Mix",
    "desc": "Suckerpunch Gourmet Spicy Bloody Mary Mix",
    "shortDesc": "Suckerpunch Gourmet Spicy Bloody Mary Mix",
    "tags": [
      "Cocoa & Drink Mixes"
    ],
    "categories": [
      {
        "code": "Beverages & Juices",
        "desc": "Beverages & Juices"
      }
    ],
    "subCategories": [
      {
        "code": "Cocoa & Drink Mixes",
        "desc": "Cocoa & Drink Mixes"
      }
    ],
    "brands": [
      {
        "code": "Suckerpunch",
        "desc": "Suckerpunch"
      }
    ],
    "price": {
      "basePrice": 6.24,
      "discountPrice": 6.24
    },
    "type": {
      "code": "Cocoa & Drink Mixes",
      "desc": "Cocoa & Drink Mixes"
    },
    "weight": "32 fl oz",
    "UpcCode": "",
    "tax": 0.0,
    "spiceLevel": "",
    "aiselNo": "17",
    "store": "Market Basket",
    "weightType": "32 fl oz",
    "imageName": "No Image.jpg",
    "defaultImage": "No Image.jpg",
    "updatedTimestamp": "Jan 23, 2021 8:02:29 PM",
    "createdTimestamp": "Jan 23, 2021 8:02:29 PM",
    "isNewlyAdded": false,
    "isActive": true,
    "isDealsEnabled": false,
    "quantity": 0
  },
  {
    "id": 13916,
    "code": "So Delicious Dairy Free Original Organic Coconutmilk",
    "desc": "So Delicious Dairy Free Original Organic Coconutmilk",
    "shortDesc": "So Delicious Dairy Free Original Organic Coconutmilk",
    "tags": [
      "Soy & Lactose-Free"
    ],
    "categories": [
      {
        "code": "Breakfast & Dairy",
        "desc": "Breakfast & Dairy"
      }
    ],
    "subCategories": [
      {
        "code": "Dairy & Eggs",
        "desc": "Dairy & Eggs"
      }
    ],
    "brands": [
      {
        "code": "So Delicious",
        "desc": "So Delicious"
      }
    ],
    "price": {
      "basePrice": 3.09,
      "discountPrice": 3.09
    },
    "type": {
      "code": "Soy & Lactose-Free",
      "desc": "Soy & Lactose-Free"
    },
    "weight": "32 oz",
    "UpcCode": "",
    "tax": 0.0,
    "spiceLevel": "",
    "aiselNo": "1",
    "store": "Market Basket",
    "weightType": "32 oz",
    "imageName": "743.jpg",
    "defaultImage": "743.jpg",
    "updatedTimestamp": "Jan 23, 2021 8:02:30 PM",
    "createdTimestamp": "Jan 23, 2021 8:02:30 PM",
    "isNewlyAdded": false,
    "isActive": true,
    "isDealsEnabled": false,
    "quantity": 0
  },
  {
    "id": 9760,
    "code": "Birds Eye Broccoli Florets Carrots & Water Chestnuts",
    "desc": "Birds Eye Broccoli Florets Carrots & Water Chestnuts",
    "shortDesc": "Birds Eye Broccoli Florets Carrots & Water Chestnuts",
    "tags": [
      "Frozen Produce"
    ],
    "categories": [
      {
        "code": "Frozen Food",
        "desc": "Frozen Food"
      }
    ],
    "subCategories": [
      {
        "code": "Frozen Produce",
        "desc": "Frozen Produce"
      }
    ],
    "brands": [
      {
        "code": "Birds Eye",
        "desc": "Birds Eye"
      }
    ],
    "price": {
      "basePrice": 2.49,
      "discountPrice": 2.49
    },
    "type": {
      "code": "Frozen Produce",
      "desc": "Frozen Produce"
    },
    "weight": "1 lb",
    "UpcCode": "",
    "tax": 0.0,
    "spiceLevel": "",
    "aiselNo": "19",
    "store": "Market Basket",
    "weightType": "1 lb",
    "imageName": "17926.jpg",
    "defaultImage": "17926.jpg",
    "updatedTimestamp": "Jan 23, 2021 8:02:30 PM",
    "createdTimestamp": "Jan 23, 2021 8:02:30 PM",
    "isNewlyAdded": false,
    "isActive": true,
    "isDealsEnabled": false,
    "quantity": 0
  },
  {
    "id": 6564,
    "code": "Bolthouse Farms Smoothie, 100% Fruit Juice, C Boost",
    "desc": "Bolthouse Farms Smoothie, 100% Fruit Juice, C Boost",
    "shortDesc": "Bolthouse Farms Smoothie, 100% Fruit Juice, C Boost",
    "tags": [
      "Refrigerated Drinks"
    ],
    "categories": [
      {
        "code": "Beverages & Juices",
        "desc": "Beverages & Juices"
      }
    ],
    "subCategories": [
      {
        "code": "Juices & Refrigerated Drinks",
        "desc": "Juices & Refrigerated Drinks"
      }
    ],
    "brands": [
      {
        "code": "Bolthouse Farms",
        "desc": "Bolthouse Farms"
      }
    ],
    "price": {
      "basePrice": 4.59,
      "discountPrice": 4.59
    },
    "type": {
      "code": "Refrigerated Drinks",
      "desc": "Refrigerated Drinks"
    },
    "weight": "32 fl oz",
    "UpcCode": "",
    "tax": 0.0,
    "spiceLevel": "",
    "aiselNo": "20",
    "store": "Market Basket",
    "weightType": "32 fl oz",
    "imageName": "16529.jpg",
    "defaultImage": "16529.jpg",
    "updatedTimestamp": "Jan 23, 2021 8:02:30 PM",
    "createdTimestamp": "Jan 23, 2021 8:02:30 PM",
    "isNewlyAdded": false,
    "isActive": true,
    "isDealsEnabled": false,
    "quantity": 0
  },
  {
    "id": 3787,
    "code": "Organic Bosc Pear",
    "desc": "Organic Bosc Pear",
    "shortDesc": "Organic Bosc Pear",
    "tags": [
      "Pear"
    ],
    "categories": [
      {
        "code": "Fresh Produce",
        "desc": "Fresh Produce"
      }
    ],
    "subCategories": [
      {
        "code": "Fresh Organic Fruits",
        "desc": "Fresh Organic Fruits"
      }
    ],
    "brands": [
      {
        "code": "Market Basket",
        "desc": "Market Basket"
      }
    ],
    "price": {
      "basePrice": 1.44,
      "discountPrice": 1.44
    },
    "type": {
      "code": "Pear",
      "desc": "Pear"
    },
    "weight": "1 count",
    "UpcCode": "",
    "tax": 0.0,
    "spiceLevel": "",
    "aiselNo": "20",
    "store": "Market Basket",
    "weightType": "1 count",
    "imageName": "14239.jpg",
    "defaultImage": "14239.jpg",
    "updatedTimestamp": "Jan 23, 2021 8:02:30 PM",
    "createdTimestamp": "Jan 23, 2021 8:02:30 PM",
    "isNewlyAdded": false,
    "isActive": true,
    "isDealsEnabled": false,
    "quantity": 0
  },
  {
    "id": 4621,
    "code": "Market Basket Chicken Cooking Stock No Msg Fat Free",
    "desc": "Market Basket Chicken Cooking Stock No Msg Fat Free",
    "shortDesc": "Market Basket Chicken Cooking Stock No Msg Fat Free",
    "tags": [
      "Canned Chicken"
    ],
    "categories": [
      {
        "code": "Meat & Seafood",
        "desc": "Meat & Seafood"
      }
    ],
    "subCategories": [
      {
        "code": "Canned Meat & Seafood",
        "desc": "Canned Meat & Seafood"
      }
    ],
    "brands": [
      {
        "code": "Market Basket",
        "desc": "Market Basket"
      }
    ],
    "price": {
      "basePrice": 2.49,
      "discountPrice": 2.49
    },
    "type": {
      "code": "Canned Chicken",
      "desc": "Canned Chicken"
    },
    "weight": "32 oz",
    "UpcCode": "",
    "tax": 0.0,
    "spiceLevel": "",
    "aiselNo": "2",
    "store": "Market Basket",
    "weightType": "32 oz",
    "imageName": "Market Basket.jpg",
    "defaultImage": "Market Basket.jpg",
    "updatedTimestamp": "Jan 23, 2021 8:02:30 PM",
    "createdTimestamp": "Jan 23, 2021 8:02:30 PM",
    "isNewlyAdded": false,
    "isActive": true,
    "isDealsEnabled": false,
    "quantity": 0
  },
  {
    "id": 13397,
    "code": "Almark Foods Boiled Eggs",
    "desc": "Almark Foods Boiled Eggs",
    "shortDesc": "Almark Foods Boiled Eggs",
    "tags": [
      "Eggs"
    ],
    "categories": [
      {
        "code": "Breakfast & Dairy",
        "desc": "Breakfast & Dairy"
      }
    ],
    "subCategories": [
      {
        "code": "Dairy & Eggs",
        "desc": "Dairy & Eggs"
      }
    ],
    "brands": [
      {
        "code": "Almark",
        "desc": "Almark"
      }
    ],
    "price": {
      "basePrice": 1.29,
      "discountPrice": 1.29
    },
    "type": {
      "code": "Eggs",
      "desc": "Eggs"
    },
    "weight": "2 x 3 oz",
    "UpcCode": "",
    "tax": 0.0,
    "spiceLevel": "",
    "aiselNo": "1",
    "store": "Market Basket",
    "weightType": "2 x 3 oz",
    "imageName": "Market Basket.jpg",
    "defaultImage": "Market Basket.jpg",
    "updatedTimestamp": "Jan 23, 2021 8:02:30 PM",
    "createdTimestamp": "Jan 23, 2021 8:02:30 PM",
    "isNewlyAdded": false,
    "isActive": true,
    "isDealsEnabled": false,
    "quantity": 0
  },
  {
    "id": 7637,
    "code": "Del Monte Fruit Naturals Cherry Mixed Fruit In Extra Light Syrup",
    "desc": "Del Monte Fruit Naturals Cherry Mixed Fruit In Extra Light Syrup",
    "shortDesc": "Del Monte Fruit Naturals Cherry Mixed Fruit In Extra Light Syrup",
    "tags": [
      "Canned Fruit & Applesauce"
    ],
    "categories": [
      {
        "code": "Cooking Needs",
        "desc": "Cooking Needs"
      }
    ],
    "subCategories": [
      {
        "code": "Canned Food",
        "desc": "Canned Food"
      }
    ],
    "brands": [
      {
        "code": "Del Monte",
        "desc": "Del Monte"
      }
    ],
    "price": {
      "basePrice": 1.59,
      "discountPrice": 1.59
    },
    "type": {
      "code": "Canned Fruit & Applesauce",
      "desc": "Canned Fruit & Applesauce"
    },
    "weight": "7 oz",
    "UpcCode": "",
    "tax": 0.0,
    "spiceLevel": "",
    "aiselNo": "3",
    "store": "Market Basket",
    "weightType": "7 oz",
    "imageName": "4919.jpg",
    "defaultImage": "4919.jpg",
    "updatedTimestamp": "Jan 23, 2021 8:02:30 PM",
    "createdTimestamp": "Jan 23, 2021 8:02:30 PM",
    "isNewlyAdded": false,
    "isActive": true,
    "isDealsEnabled": false,
    "quantity": 0
  },
  {
    "id": 8414,
    "code": "Heinz HomeStyle Savory Beef Gravy",
    "desc": "Heinz HomeStyle Savory Beef Gravy",
    "shortDesc": "Heinz HomeStyle Savory Beef Gravy",
    "tags": [
      "Marinades & Meat Preparation"
    ],
    "categories": [
      {
        "code": "Condiments & Dressings",
        "desc": "Condiments & Dressings"
      }
    ],
    "subCategories": [
      {
        "code": "Marinades, Ketchup & Sauces",
        "desc": "Marinades, Ketchup & Sauces"
      }
    ],
    "brands": [
      {
        "code": "Heinz",
        "desc": "Heinz"
      }
    ],
    "price": {
      "basePrice": 2.09,
      "discountPrice": 2.09
    },
    "type": {
      "code": "Marinades & Meat Preparation",
      "desc": "Marinades & Meat Preparation"
    },
    "weight": "12 oz",
    "UpcCode": "",
    "tax": 0.0,
    "spiceLevel": "",
    "aiselNo": "9",
    "store": "Market Basket",
    "weightType": "12 oz",
    "imageName": "1955.jpg",
    "defaultImage": "1955.jpg",
    "updatedTimestamp": "Jan 23, 2021 8:02:30 PM",
    "createdTimestamp": "Jan 23, 2021 8:02:30 PM",
    "isNewlyAdded": false,
    "isActive": true,
    "isDealsEnabled": false,
    "quantity": 0
  },
  {
    "id": 5588,
    "code": "Riesen European Chocolate",
    "desc": "Riesen European Chocolate",
    "shortDesc": "Riesen European Chocolate",
    "tags": [
      "Candy & Chocolate"
    ],
    "categories": [
      {
        "code": "Chips, Cookies & Snacks",
        "desc": "Chips, Cookies & Snacks"
      }
    ],
    "subCategories": [
      {
        "code": "Candy & Chocolates",
        "desc": "Candy & Chocolates"
      }
    ],
    "brands": [
      {
        "code": "Storck",
        "desc": "Storck"
      }
    ],
    "price": {
      "basePrice": 1.89,
      "discountPrice": 1.89
    },
    "type": {
      "code": "Candy & Chocolate",
      "desc": "Candy & Chocolate"
    },
    "weight": "5.5 oz",
    "UpcCode": "",
    "tax": 0.0,
    "spiceLevel": "",
    "aiselNo": "3",
    "store": "Market Basket",
    "weightType": "5.5 oz",
    "imageName": "14910.jpg",
    "defaultImage": "14910.jpg",
    "updatedTimestamp": "Jan 23, 2021 8:02:30 PM",
    "createdTimestamp": "Jan 23, 2021 8:02:30 PM",
    "isNewlyAdded": false,
    "isActive": true,
    "isDealsEnabled": false,
    "quantity": 0
  },
  {
    "id": 5165,
    "code": "Carr's Entertainment Cracker Collection",
    "desc": "Carr's Entertainment Cracker Collection",
    "shortDesc": "Carr's Entertainment Cracker Collection",
    "tags": [
      "Crackers"
    ],
    "categories": [
      {
        "code": "Chips, Cookies & Snacks",
        "desc": "Chips, Cookies & Snacks"
      }
    ],
    "subCategories": [
      {
        "code": "Cookies & Crackers",
        "desc": "Cookies & Crackers"
      }
    ],
    "brands": [
      {
        "code": "Carr's",
        "desc": "Carr's"
      }
    ],
    "price": {
      "basePrice": 4.69,
      "discountPrice": 4.69
    },
    "type": {
      "code": "Crackers",
      "desc": "Crackers"
    },
    "weight": "7.5 oz",
    "UpcCode": "",
    "tax": 0.0,
    "spiceLevel": "",
    "aiselNo": "6",
    "store": "Market Basket",
    "weightType": "7.5 oz",
    "imageName": "No Image.jpg",
    "defaultImage": "No Image.jpg",
    "updatedTimestamp": "Jan 23, 2021 8:02:30 PM",
    "createdTimestamp": "Jan 23, 2021 8:02:30 PM",
    "isNewlyAdded": false,
    "isActive": true,
    "isDealsEnabled": false,
    "quantity": 0
  },
  {
    "id": 8285,
    "code": "Cedar Hommus, Artichoke Spinach",
    "desc": "Cedar Hommus, Artichoke Spinach",
    "shortDesc": "Cedar Hommus, Artichoke Spinach",
    "tags": [
      "Hommus"
    ],
    "categories": [
      {
        "code": "Condiments & Dressings",
        "desc": "Condiments & Dressings"
      }
    ],
    "subCategories": [
      {
        "code": "Fresh Dips & Tapenades",
        "desc": "Fresh Dips & Tapenades"
      }
    ],
    "brands": [
      {
        "code": "Cedar",
        "desc": "Cedar"
      }
    ],
    "price": {
      "basePrice": 3.69,
      "discountPrice": 3.69
    },
    "type": {
      "code": "Hommus",
      "desc": "Hommus"
    },
    "weight": "8 oz",
    "UpcCode": "",
    "tax": 0.0,
    "spiceLevel": "",
    "aiselNo": "1",
    "store": "Market Basket",
    "weightType": "8 oz",
    "imageName": "5507.jpg",
    "defaultImage": "5507.jpg",
    "updatedTimestamp": "Jan 23, 2021 8:02:30 PM",
    "createdTimestamp": "Jan 23, 2021 8:02:30 PM",
    "isNewlyAdded": false,
    "isActive": true,
    "isDealsEnabled": false,
    "quantity": 0
  },
  {
    "id": 6006,
    "code": "Monster Energy Ultra Fiesta",
    "desc": "Monster Energy Ultra Fiesta",
    "shortDesc": "Monster Energy Ultra Fiesta",
    "tags": [
      "Energy & Sports Drinks"
    ],
    "categories": [
      {
        "code": "Beverages & Juices",
        "desc": "Beverages & Juices"
      }
    ],
    "subCategories": [
      {
        "code": "Energy & Sports Drinks",
        "desc": "Energy & Sports Drinks"
      }
    ],
    "brands": [
      {
        "code": "Monster",
        "desc": "Monster"
      }
    ],
    "price": {
      "basePrice": 2.49,
      "discountPrice": 2.49
    },
    "type": {
      "code": "Energy & Sports Drinks",
      "desc": "Energy & Sports Drinks"
    },
    "weight": "16 fl oz",
    "UpcCode": "",
    "tax": 0.0,
    "spiceLevel": "",
    "aiselNo": "17",
    "store": "Market Basket",
    "weightType": "16 fl oz",
    "imageName": "No Image.jpg",
    "defaultImage": "No Image.jpg",
    "updatedTimestamp": "Jan 23, 2021 8:02:29 PM",
    "createdTimestamp": "Jan 23, 2021 8:02:29 PM",
    "isNewlyAdded": false,
    "isActive": true,
    "isDealsEnabled": false,
    "quantity": 0
  },
  {
    "id": 13776,
    "code": "Roth Cheese Buttermilk Blue Cheese",
    "desc": "Roth Cheese Buttermilk Blue Cheese",
    "shortDesc": "Roth Cheese Buttermilk Blue Cheese",
    "tags": [
      "Packaged Cheese"
    ],
    "categories": [
      {
        "code": "Breakfast & Dairy",
        "desc": "Breakfast & Dairy"
      }
    ],
    "subCategories": [
      {
        "code": "Dairy & Eggs",
        "desc": "Dairy & Eggs"
      }
    ],
    "brands": [
      {
        "code": "Market Basket",
        "desc": "Market Basket"
      }
    ],
    "price": {
      "basePrice": 3.19,
      "discountPrice": 3.19
    },
    "type": {
      "code": "Packaged Cheese",
      "desc": "Packaged Cheese"
    },
    "weight": "1 lb",
    "UpcCode": "",
    "tax": 0.0,
    "spiceLevel": "",
    "aiselNo": "1",
    "store": "Market Basket",
    "weightType": "1 lb",
    "imageName": "Market Basket.jpg",
    "defaultImage": "Market Basket.jpg",
    "updatedTimestamp": "Jan 23, 2021 8:02:30 PM",
    "createdTimestamp": "Jan 23, 2021 8:02:30 PM",
    "isNewlyAdded": false,
    "isActive": true,
    "isDealsEnabled": false,
    "quantity": 0
  },
  {
    "id": 7588,
    "code": "Sliced Mushrooms",
    "desc": "Sliced Mushrooms",
    "shortDesc": "Sliced Mushrooms",
    "tags": [
      "Canned & Jarred Vegetables"
    ],
    "categories": [
      {
        "code": "Cooking Needs",
        "desc": "Cooking Needs"
      }
    ],
    "subCategories": [
      {
        "code": "Canned Food",
        "desc": "Canned Food"
      }
    ],
    "brands": [
      {
        "code": "Pennsylvania Dutchman",
        "desc": "Pennsylvania Dutchman"
      }
    ],
    "price": {
      "basePrice": 1.69,
      "discountPrice": 1.69
    },
    "type": {
      "code": "Canned & Jarred Vegetables",
      "desc": "Canned & Jarred Vegetables"
    },
    "weight": "4.5 oz",
    "UpcCode": "",
    "tax": 0.0,
    "spiceLevel": "",
    "aiselNo": "9",
    "store": "Market Basket",
    "weightType": "4.5 oz",
    "imageName": "17090.jpg",
    "defaultImage": "17090.jpg",
    "updatedTimestamp": "Jan 23, 2021 8:02:30 PM",
    "createdTimestamp": "Jan 23, 2021 8:02:30 PM",
    "isNewlyAdded": false,
    "isActive": true,
    "isDealsEnabled": false,
    "quantity": 0
  },
  {
    "id": 5892,
    "code": "Starbucks Doubleshot Espresso Cans 4 Pack",
    "desc": "Starbucks Doubleshot Espresso Cans 4 Pack",
    "shortDesc": "Starbucks Doubleshot Espresso Cans 4 Pack",
    "tags": [
      "Single To-Go Coffee"
    ],
    "categories": [
      {
        "code": "Beverages & Juices",
        "desc": "Beverages & Juices"
      }
    ],
    "subCategories": [
      {
        "code": "Tea, Coffee, Milk & Coconut Water",
        "desc": "Tea, Coffee, Milk & Coconut Water"
      }
    ],
    "brands": [
      {
        "code": "StarBucks",
        "desc": "StarBucks"
      }
    ],
    "price": {
      "basePrice": 3.11,
      "discountPrice": 3.11
    },
    "type": {
      "code": "Single To-Go Coffee",
      "desc": "Single To-Go Coffee"
    },
    "weight": "4 x 6.5 fl oz",
    "UpcCode": "",
    "tax": 0.0,
    "spiceLevel": "",
    "aiselNo": "17",
    "store": "Market Basket",
    "weightType": "4 x 6.5 fl oz",
    "imageName": "No Image.jpg",
    "defaultImage": "No Image.jpg",
    "updatedTimestamp": "Jan 23, 2021 8:02:30 PM",
    "createdTimestamp": "Jan 23, 2021 8:02:30 PM",
    "isNewlyAdded": false,
    "isActive": true,
    "isDealsEnabled": false,
    "quantity": 0
  },
  {
    "id": 8413,
    "code": "Heinz HomeStyle Roasted Turkey Gravy",
    "desc": "Heinz HomeStyle Roasted Turkey Gravy",
    "shortDesc": "Heinz HomeStyle Roasted Turkey Gravy",
    "tags": [
      "Marinades & Meat Preparation"
    ],
    "categories": [
      {
        "code": "Condiments & Dressings",
        "desc": "Condiments & Dressings"
      }
    ],
    "subCategories": [
      {
        "code": "Marinades, Ketchup & Sauces",
        "desc": "Marinades, Ketchup & Sauces"
      }
    ],
    "brands": [
      {
        "code": "Heinz",
        "desc": "Heinz"
      }
    ],
    "price": {
      "basePrice": 1.59,
      "discountPrice": 1.59
    },
    "type": {
      "code": "Marinades & Meat Preparation",
      "desc": "Marinades & Meat Preparation"
    },
    "weight": "12 oz",
    "UpcCode": "",
    "tax": 0.0,
    "spiceLevel": "",
    "aiselNo": "9",
    "store": "Market Basket",
    "weightType": "12 oz",
    "imageName": "1959.jpg",
    "defaultImage": "1959.jpg",
    "updatedTimestamp": "Jan 23, 2021 8:02:30 PM",
    "createdTimestamp": "Jan 23, 2021 8:02:30 PM",
    "isNewlyAdded": false,
    "isActive": true,
    "isDealsEnabled": false,
    "quantity": 0
  },
  {
    "id": 15219,
    "code": "Market Basket Angle Edge Toothbrush Soft",
    "desc": "Market Basket Angle Edge Toothbrush Soft",
    "shortDesc": "Market Basket Angle Edge Toothbrush Soft",
    "tags": [
      "Oral Hygiene"
    ],
    "categories": [
      {
        "code": "Personal Care",
        "desc": "Personal Care"
      }
    ],
    "subCategories": [
      {
        "code": "Personal Needs",
        "desc": "Personal Needs"
      }
    ],
    "brands": [
      {
        "code": "Market Basket",
        "desc": "Market Basket"
      }
    ],
    "price": {
      "basePrice": 1.71,
      "discountPrice": 1.71
    },
    "type": {
      "code": "Oral Hygiene",
      "desc": "Oral Hygiene"
    },
    "weight": "1 count",
    "UpcCode": "",
    "tax": 1.0,
    "spiceLevel": "",
    "aiselNo": "13",
    "store": "Market Basket",
    "weightType": "1 count",
    "imageName": "Market Basket.jpg",
    "defaultImage": "Market Basket.jpg",
    "updatedTimestamp": "Jan 23, 2021 8:02:30 PM",
    "createdTimestamp": "Jan 23, 2021 8:02:30 PM",
    "isNewlyAdded": false,
    "isActive": true,
    "isDealsEnabled": false,
    "quantity": 0
  },
  {
    "id": 8942,
    "code": "Oscar Mayer Real Bacon Bits",
    "desc": "Oscar Mayer Real Bacon Bits",
    "shortDesc": "Oscar Mayer Real Bacon Bits",
    "tags": [
      "Salad Dressing & Toppings"
    ],
    "categories": [
      {
        "code": "Condiments & Dressings",
        "desc": "Condiments & Dressings"
      }
    ],
    "subCategories": [
      {
        "code": "Salad Dressings & Toppings",
        "desc": "Salad Dressings & Toppings"
      }
    ],
    "brands": [
      {
        "code": "Oscar Mayer",
        "desc": "Oscar Mayer"
      }
    ],
    "price": {
      "basePrice": 2.49,
      "discountPrice": 2.49
    },
    "type": {
      "code": "Salad Dressing & Toppings",
      "desc": "Salad Dressing & Toppings"
    },
    "weight": "3 oz",
    "UpcCode": "",
    "tax": 0.0,
    "spiceLevel": "",
    "aiselNo": "2",
    "store": "Market Basket",
    "weightType": "3 oz",
    "imageName": "15443.jpg",
    "defaultImage": "15443.jpg",
    "updatedTimestamp": "Jan 23, 2021 8:02:30 PM",
    "createdTimestamp": "Jan 23, 2021 8:02:30 PM",
    "isNewlyAdded": false,
    "isActive": true,
    "isDealsEnabled": false,
    "quantity": 0
  },
  {
    "id": 6913,
    "code": "Splenda No Calorie Sweetener Individual Packets",
    "desc": "Splenda No Calorie Sweetener Individual Packets",
    "shortDesc": "Splenda No Calorie Sweetener Individual Packets",
    "tags": [
      "Baking Ingredients"
    ],
    "categories": [
      {
        "code": "Cooking Needs",
        "desc": "Cooking Needs"
      }
    ],
    "subCategories": [
      {
        "code": "Baking & Cooking",
        "desc": "Baking & Cooking"
      }
    ],
    "brands": [
      {
        "code": "Splenda",
        "desc": "Splenda"
      }
    ],
    "price": {
      "basePrice": 8.59,
      "discountPrice": 8.59
    },
    "type": {
      "code": "Baking Ingredients",
      "desc": "Baking Ingredients"
    },
    "weight": "200 count",
    "UpcCode": "",
    "tax": 0.0,
    "spiceLevel": "",
    "aiselNo": "8",
    "store": "Market Basket",
    "weightType": "200 count",
    "imageName": "15684.jpg",
    "defaultImage": "15684.jpg",
    "updatedTimestamp": "Jan 23, 2021 8:02:30 PM",
    "createdTimestamp": "Jan 23, 2021 8:02:30 PM",
    "isNewlyAdded": false,
    "isActive": true,
    "isDealsEnabled": false,
    "quantity": 0
  },
  {
    "id": 5386,
    "code": "Real Food Butternet Squash Crackers Sea Salt",
    "desc": "Real Food Butternet Squash Crackers Sea Salt",
    "shortDesc": "Real Food Butternet Squash Crackers Sea Salt",
    "tags": [
      "Crackers"
    ],
    "categories": [
      {
        "code": "Chips, Cookies & Snacks",
        "desc": "Chips, Cookies & Snacks"
      }
    ],
    "subCategories": [
      {
        "code": "Cookies & Crackers",
        "desc": "Cookies & Crackers"
      }
    ],
    "brands": [
      {
        "code": "Real Food",
        "desc": "Real Food"
      }
    ],
    "price": {
      "basePrice": 4.69,
      "discountPrice": 4.69
    },
    "type": {
      "code": "Crackers",
      "desc": "Crackers"
    },
    "weight": "4 oz",
    "UpcCode": "",
    "tax": 0.0,
    "spiceLevel": "",
    "aiselNo": "6",
    "store": "Market Basket",
    "weightType": "4 oz",
    "imageName": "No Image.jpg",
    "defaultImage": "No Image.jpg",
    "updatedTimestamp": "Jan 23, 2021 8:02:30 PM",
    "createdTimestamp": "Jan 23, 2021 8:02:30 PM",
    "isNewlyAdded": false,
    "isActive": true,
    "isDealsEnabled": false,
    "quantity": 0
  },
  {
    "id": 5885,
    "code": "Tang Orange Mango Drink Mix",
    "desc": "Tang Orange Mango Drink Mix",
    "shortDesc": "Tang Orange Mango Drink Mix",
    "tags": [
      "Cocoa & Drink Mixes"
    ],
    "categories": [
      {
        "code": "Beverages & Juices",
        "desc": "Beverages & Juices"
      }
    ],
    "subCategories": [
      {
        "code": "Cocoa & Drink Mixes",
        "desc": "Cocoa & Drink Mixes"
      }
    ],
    "brands": [
      {
        "code": "Tang",
        "desc": "Tang"
      }
    ],
    "price": {
      "basePrice": 3.36,
      "discountPrice": 3.36
    },
    "type": {
      "code": "Cocoa & Drink Mixes",
      "desc": "Cocoa & Drink Mixes"
    },
    "weight": "19.7 oz",
    "UpcCode": "",
    "tax": 0.0,
    "spiceLevel": "",
    "aiselNo": "17",
    "store": "Market Basket",
    "weightType": "19.7 oz",
    "imageName": "No Image.jpg",
    "defaultImage": "No Image.jpg",
    "updatedTimestamp": "Jan 23, 2021 8:02:29 PM",
    "createdTimestamp": "Jan 23, 2021 8:02:29 PM",
    "isNewlyAdded": false,
    "isActive": true,
    "isDealsEnabled": false,
    "quantity": 0
  },
  {
    "id": 4805,
    "code": "Pier 33 Gourmet Mussels, in White Wine Sauce",
    "desc": "Pier 33 Gourmet Mussels, in White Wine Sauce",
    "shortDesc": "Pier 33 Gourmet Mussels, in White Wine Sauce",
    "tags": [
      "Other Frozen Seafood"
    ],
    "categories": [
      {
        "code": "Meat & Seafood",
        "desc": "Meat & Seafood"
      }
    ],
    "subCategories": [
      {
        "code": "Frozen Meat & Seafood",
        "desc": "Frozen Meat & Seafood"
      }
    ],
    "brands": [
      {
        "code": "Pier 33 Gourmet",
        "desc": "Pier 33 Gourmet"
      }
    ],
    "price": {
      "basePrice": 3.69,
      "discountPrice": 3.69
    },
    "type": {
      "code": "Other Frozen Seafood",
      "desc": "Other Frozen Seafood"
    },
    "weight": "16 lb",
    "UpcCode": "",
    "tax": 0.0,
    "spiceLevel": "",
    "aiselNo": "18",
    "store": "Market Basket",
    "weightType": "16 lb",
    "imageName": "2915.jpg",
    "defaultImage": "2915.jpg",
    "updatedTimestamp": "Jan 23, 2021 8:02:30 PM",
    "createdTimestamp": "Jan 23, 2021 8:02:30 PM",
    "isNewlyAdded": false,
    "isActive": true,
    "isDealsEnabled": false,
    "quantity": 0
  },
  {
    "id": 375,
    "code": "Goodcook Steamer Basket",
    "desc": "Goodcook Steamer Basket",
    "shortDesc": "Goodcook Steamer Basket",
    "tags": [
      "Utensils & Kitchen Supplies"
    ],
    "categories": [
      {
        "code": "Kitchen & Cleaning",
        "desc": "Kitchen & Cleaning"
      }
    ],
    "subCategories": [
      {
        "code": "Food Storage & Kitchen Supplies",
        "desc": "Food Storage & Kitchen Supplies"
      }
    ],
    "brands": [
      {
        "code": "Goodcook",
        "desc": "Goodcook"
      }
    ],
    "price": {
      "basePrice": 10.39,
      "discountPrice": 10.39
    },
    "type": {
      "code": "Utensils & Kitchen Supplies",
      "desc": "Utensils & Kitchen Supplies"
    },
    "weight": "1 ct",
    "UpcCode": "",
    "tax": 1.0,
    "spiceLevel": "",
    "aiselNo": "12",
    "store": "Market Basket",
    "weightType": "1 ct",
    "imageName": "16871.jpg",
    "defaultImage": "16871.jpg",
    "updatedTimestamp": "Jan 23, 2021 8:02:30 PM",
    "createdTimestamp": "Jan 23, 2021 8:02:30 PM",
    "isNewlyAdded": false,
    "isActive": true,
    "isDealsEnabled": false,
    "quantity": 0
  },
  {
    "id": 8052,
    "code": "Market Basket Homestyle Clam Chowder Soup",
    "desc": "Market Basket Homestyle Clam Chowder Soup",
    "shortDesc": "Market Basket Homestyle Clam Chowder Soup",
    "tags": [
      "Soup, Broth & Bouillon"
    ],
    "categories": [
      {
        "code": "Cooking Needs",
        "desc": "Cooking Needs"
      }
    ],
    "subCategories": [
      {
        "code": "Canned Food",
        "desc": "Canned Food"
      }
    ],
    "brands": [
      {
        "code": "Market Basket",
        "desc": "Market Basket"
      }
    ],
    "price": {
      "basePrice": 1.89,
      "discountPrice": 1.89
    },
    "type": {
      "code": "Soup, Broth & Bouillon",
      "desc": "Soup, Broth & Bouillon"
    },
    "weight": "18.5 oz",
    "UpcCode": "",
    "tax": 0.0,
    "spiceLevel": "",
    "aiselNo": "2",
    "store": "Market Basket",
    "weightType": "18.5 oz",
    "imageName": "Market Basket.jpg",
    "defaultImage": "Market Basket.jpg",
    "updatedTimestamp": "Jan 23, 2021 8:02:30 PM",
    "createdTimestamp": "Jan 23, 2021 8:02:30 PM",
    "isNewlyAdded": false,
    "isActive": true,
    "isDealsEnabled": false,
    "quantity": 0
  },
  {
    "id": 5097,
    "code": "Nonni's Toffee Almond Biscotti",
    "desc": "Nonni's Toffee Almond Biscotti",
    "shortDesc": "Nonni's Toffee Almond Biscotti",
    "tags": [
      "Cookies & Cakes"
    ],
    "categories": [
      {
        "code": "Chips, Cookies & Snacks",
        "desc": "Chips, Cookies & Snacks"
      }
    ],
    "subCategories": [
      {
        "code": "Cookies & Crackers",
        "desc": "Cookies & Crackers"
      }
    ],
    "brands": [
      {
        "code": "Nonni's",
        "desc": "Nonni's"
      }
    ],
    "price": {
      "basePrice": 4.36,
      "discountPrice": 4.36
    },
    "type": {
      "code": "Cookies & Cakes",
      "desc": "Cookies & Cakes"
    },
    "weight": "6.88 oz",
    "UpcCode": "",
    "tax": 0.0,
    "spiceLevel": "",
    "aiselNo": "6",
    "store": "Market Basket",
    "weightType": "6.88 oz",
    "imageName": "15029.jpg",
    "defaultImage": "15029.jpg",
    "updatedTimestamp": "Jan 23, 2021 8:02:30 PM",
    "createdTimestamp": "Jan 23, 2021 8:02:30 PM",
    "isNewlyAdded": false,
    "isActive": true,
    "isDealsEnabled": false,
    "quantity": 0
  },
  {
    "id": 7949,
    "code": "Campbell's Condensed Campbell's Condensed Cream of Onion Soup",
    "desc": "Campbell's Condensed Campbell's Condensed Cream of Onion Soup",
    "shortDesc": "Campbell's Condensed Campbell's Condensed Cream of Onion Soup",
    "tags": [
      "Soup, Broth & Bouillon"
    ],
    "categories": [
      {
        "code": "Cooking Needs",
        "desc": "Cooking Needs"
      }
    ],
    "subCategories": [
      {
        "code": "Canned Food",
        "desc": "Canned Food"
      }
    ],
    "brands": [
      {
        "code": "Campbell's",
        "desc": "Campbell's"
      }
    ],
    "price": {
      "basePrice": 2.09,
      "discountPrice": 2.09
    },
    "type": {
      "code": "Soup, Broth & Bouillon",
      "desc": "Soup, Broth & Bouillon"
    },
    "weight": "10.5 oz",
    "UpcCode": "",
    "tax": 0.0,
    "spiceLevel": "",
    "aiselNo": "2",
    "store": "Market Basket",
    "weightType": "10.5 oz",
    "imageName": "5319.jpg",
    "defaultImage": "5319.jpg",
    "updatedTimestamp": "Jan 23, 2021 8:02:30 PM",
    "createdTimestamp": "Jan 23, 2021 8:02:30 PM",
    "isNewlyAdded": false,
    "isActive": true,
    "isDealsEnabled": false,
    "quantity": 0
  },
  {
    "id": 5070,
    "code": "Market Basket Chocolate Chip Premium Cookies",
    "desc": "Market Basket Chocolate Chip Premium Cookies",
    "shortDesc": "Market Basket Chocolate Chip Premium Cookies",
    "tags": [
      "Cookies & Cakes"
    ],
    "categories": [
      {
        "code": "Chips, Cookies & Snacks",
        "desc": "Chips, Cookies & Snacks"
      }
    ],
    "subCategories": [
      {
        "code": "Cookies & Crackers",
        "desc": "Cookies & Crackers"
      }
    ],
    "brands": [
      {
        "code": "Market Basket",
        "desc": "Market Basket"
      }
    ],
    "price": {
      "basePrice": 3.13,
      "discountPrice": 3.13
    },
    "type": {
      "code": "Cookies & Cakes",
      "desc": "Cookies & Cakes"
    },
    "weight": "13 oz",
    "UpcCode": "",
    "tax": 0.0,
    "spiceLevel": "",
    "aiselNo": "6",
    "store": "Market Basket",
    "weightType": "13 oz",
    "imageName": "Market Basket.jpg",
    "defaultImage": "Market Basket.jpg",
    "updatedTimestamp": "Jan 23, 2021 8:02:30 PM",
    "createdTimestamp": "Jan 23, 2021 8:02:30 PM",
    "isNewlyAdded": false,
    "isActive": true,
    "isDealsEnabled": false,
    "quantity": 0
  },
  {
    "id": 6878,
    "code": "Market Basket Corn Starch",
    "desc": "Market Basket Corn Starch",
    "shortDesc": "Market Basket Corn Starch",
    "tags": [
      "Baking Ingredients"
    ],
    "categories": [
      {
        "code": "Cooking Needs",
        "desc": "Cooking Needs"
      }
    ],
    "subCategories": [
      {
        "code": "Baking & Cooking",
        "desc": "Baking & Cooking"
      }
    ],
    "brands": [
      {
        "code": "Market Basket",
        "desc": "Market Basket"
      }
    ],
    "price": {
      "basePrice": 1.29,
      "discountPrice": 1.29
    },
    "type": {
      "code": "Baking Ingredients",
      "desc": "Baking Ingredients"
    },
    "weight": "16 oz",
    "UpcCode": "",
    "tax": 0.0,
    "spiceLevel": "",
    "aiselNo": "8",
    "store": "Market Basket",
    "weightType": "16 oz",
    "imageName": "Market Basket.jpg",
    "defaultImage": "Market Basket.jpg",
    "updatedTimestamp": "Jan 23, 2021 8:02:30 PM",
    "createdTimestamp": "Jan 23, 2021 8:02:30 PM",
    "isNewlyAdded": false,
    "isActive": true,
    "isDealsEnabled": false,
    "quantity": 0
  },
  {
    "id": 8782,
    "code": "Tostitos Salsa, Chunky, Hot",
    "desc": "Tostitos Salsa, Chunky, Hot",
    "shortDesc": "Tostitos Salsa, Chunky, Hot",
    "tags": [
      "Preserved Dips & Salsa"
    ],
    "categories": [
      {
        "code": "Condiments & Dressings",
        "desc": "Condiments & Dressings"
      }
    ],
    "subCategories": [
      {
        "code": "Preserved Dips & Spreads",
        "desc": "Preserved Dips & Spreads"
      }
    ],
    "brands": [
      {
        "code": "Tostitos",
        "desc": "Tostitos"
      }
    ],
    "price": {
      "basePrice": 3.69,
      "discountPrice": 3.69
    },
    "type": {
      "code": "Preserved Dips & Salsa",
      "desc": "Preserved Dips & Salsa"
    },
    "weight": "15.5 oz",
    "UpcCode": "",
    "tax": 0.0,
    "spiceLevel": "",
    "aiselNo": "0",
    "store": "Market Basket",
    "weightType": "15.5 oz",
    "imageName": "1998.jpg",
    "defaultImage": "1998.jpg",
    "updatedTimestamp": "Jan 23, 2021 8:02:30 PM",
    "createdTimestamp": "Jan 23, 2021 8:02:30 PM",
    "isNewlyAdded": false,
    "isActive": true,
    "isDealsEnabled": false,
    "quantity": 0
  },
  {
    "id": 331,
    "code": "Market Basket Resealable Sandwich Bags",
    "desc": "Market Basket Resealable Sandwich Bags",
    "shortDesc": "Market Basket Resealable Sandwich Bags",
    "tags": [
      "Storage Bags"
    ],
    "categories": [
      {
        "code": "Kitchen & Cleaning",
        "desc": "Kitchen & Cleaning"
      }
    ],
    "subCategories": [
      {
        "code": "Food Storage & Kitchen Supplies",
        "desc": "Food Storage & Kitchen Supplies"
      }
    ],
    "brands": [
      {
        "code": "Market Basket",
        "desc": "Market Basket"
      }
    ],
    "price": {
      "basePrice": 4.89,
      "discountPrice": 4.89
    },
    "type": {
      "code": "Storage Bags",
      "desc": "Storage Bags"
    },
    "weight": "200 bag(s)",
    "UpcCode": "",
    "tax": 1.0,
    "spiceLevel": "",
    "aiselNo": "12",
    "store": "Market Basket",
    "weightType": "200 bag(s)",
    "imageName": "Market Basket.jpg",
    "defaultImage": "Market Basket.jpg",
    "updatedTimestamp": "Jan 23, 2021 8:02:30 PM",
    "createdTimestamp": "Jan 23, 2021 8:02:30 PM",
    "isNewlyAdded": false,
    "isActive": true,
    "isDealsEnabled": false,
    "quantity": 0
  },
  {
    "id": 5884,
    "code": "Tang Orange Naranja Drink Mix",
    "desc": "Tang Orange Naranja Drink Mix",
    "shortDesc": "Tang Orange Naranja Drink Mix",
    "tags": [
      "Cocoa & Drink Mixes"
    ],
    "categories": [
      {
        "code": "Beverages & Juices",
        "desc": "Beverages & Juices"
      }
    ],
    "subCategories": [
      {
        "code": "Cocoa & Drink Mixes",
        "desc": "Cocoa & Drink Mixes"
      }
    ],
    "brands": [
      {
        "code": "Tang",
        "desc": "Tang"
      }
    ],
    "price": {
      "basePrice": 3.36,
      "discountPrice": 3.36
    },
    "type": {
      "code": "Cocoa & Drink Mixes",
      "desc": "Cocoa & Drink Mixes"
    },
    "weight": "20 oz",
    "UpcCode": "",
    "tax": 0.0,
    "spiceLevel": "",
    "aiselNo": "17",
    "store": "Market Basket",
    "weightType": "20 oz",
    "imageName": "No Image.jpg",
    "defaultImage": "No Image.jpg",
    "updatedTimestamp": "Jan 23, 2021 8:02:29 PM",
    "createdTimestamp": "Jan 23, 2021 8:02:29 PM",
    "isNewlyAdded": false,
    "isActive": true,
    "isDealsEnabled": false,
    "quantity": 0
  },
  {
    "id": 10241,
    "code": "Turkey Hill All Natural Chocolate Chip Ice Cream",
    "desc": "Turkey Hill All Natural Chocolate Chip Ice Cream",
    "shortDesc": "Turkey Hill All Natural Chocolate Chip Ice Cream",
    "tags": [
      "Ice Cream & Ice"
    ],
    "categories": [
      {
        "code": "Frozen Food",
        "desc": "Frozen Food"
      }
    ],
    "subCategories": [
      {
        "code": "Ice Cream & Ice",
        "desc": "Ice Cream & Ice"
      }
    ],
    "brands": [
      {
        "code": "Turkey Hill",
        "desc": "Turkey Hill"
      }
    ],
    "price": {
      "basePrice": 4.79,
      "discountPrice": 4.79
    },
    "type": {
      "code": "Ice Cream & Ice",
      "desc": "Ice Cream & Ice"
    },
    "weight": "48 fl oz",
    "UpcCode": "",
    "tax": 0.0,
    "spiceLevel": "",
    "aiselNo": "21",
    "store": "Market Basket",
    "weightType": "48 fl oz",
    "imageName": "3122.jpg",
    "defaultImage": "3122.jpg",
    "updatedTimestamp": "Jan 23, 2021 8:02:30 PM",
    "createdTimestamp": "Jan 23, 2021 8:02:30 PM",
    "isNewlyAdded": false,
    "isActive": true,
    "isDealsEnabled": false,
    "quantity": 0
  },
  {
    "id": 14598,
    "code": "Snapple Diet  Lemon Tea",
    "desc": "Snapple Diet  Lemon Tea",
    "shortDesc": "Snapple Diet  Lemon Tea",
    "tags": [
      "Tea"
    ],
    "categories": [
      {
        "code": "Beverages & Juices",
        "desc": "Beverages & Juices"
      }
    ],
    "subCategories": [
      {
        "code": "Tea, Coffee, Milk & Coconut Water",
        "desc": "Tea, Coffee, Milk & Coconut Water"
      }
    ],
    "brands": [
      {
        "code": "Snapple",
        "desc": "Snapple"
      }
    ],
    "price": {
      "basePrice": 2.49,
      "discountPrice": 2.49
    },
    "type": {
      "code": "Tea",
      "desc": "Tea"
    },
    "weight": "32 fl oz",
    "UpcCode": "076183323762",
    "tax": 0.0,
    "spiceLevel": "",
    "aiselNo": "10",
    "store": "Market Basket",
    "weightType": "32 fl oz",
    "imageName": "X2968.jpg",
    "defaultImage": "X2968.jpg",
    "updatedTimestamp": "Jan 23, 2021 8:02:29 PM",
    "createdTimestamp": "Jan 23, 2021 8:02:29 PM",
    "isNewlyAdded": false,
    "isActive": true,
    "isDealsEnabled": false,
    "quantity": 0
  },
  {
    "id": 5309,
    "code": "Newman's Own Vanilla Cookies",
    "desc": "Newman's Own Vanilla Cookies",
    "shortDesc": "Newman's Own Vanilla Cookies",
    "tags": [
      "Cookies & Cakes"
    ],
    "categories": [
      {
        "code": "Chips, Cookies & Snacks",
        "desc": "Chips, Cookies & Snacks"
      }
    ],
    "subCategories": [
      {
        "code": "Cookies & Crackers",
        "desc": "Cookies & Crackers"
      }
    ],
    "brands": [
      {
        "code": "Newman's Own",
        "desc": "Newman's Own"
      }
    ],
    "price": {
      "basePrice": 3.91,
      "discountPrice": 3.91
    },
    "type": {
      "code": "Cookies & Cakes",
      "desc": "Cookies & Cakes"
    },
    "weight": "8 oz",
    "UpcCode": "",
    "tax": 0.0,
    "spiceLevel": "",
    "aiselNo": "6",
    "store": "Market Basket",
    "weightType": "8 oz",
    "imageName": "No Image.jpg",
    "defaultImage": "No Image.jpg",
    "updatedTimestamp": "Jan 23, 2021 8:02:30 PM",
    "createdTimestamp": "Jan 23, 2021 8:02:30 PM",
    "isNewlyAdded": false,
    "isActive": true,
    "isDealsEnabled": false,
    "quantity": 0
  },
  {
    "id": 9862,
    "code": "Market Basket Golden Cut Corn",
    "desc": "Market Basket Golden Cut Corn",
    "shortDesc": "Market Basket Golden Cut Corn",
    "tags": [
      "Frozen Produce"
    ],
    "categories": [
      {
        "code": "Frozen Food",
        "desc": "Frozen Food"
      }
    ],
    "subCategories": [
      {
        "code": "Frozen Produce",
        "desc": "Frozen Produce"
      }
    ],
    "brands": [
      {
        "code": "Market Basket",
        "desc": "Market Basket"
      }
    ],
    "price": {
      "basePrice": 2.49,
      "discountPrice": 2.49
    },
    "type": {
      "code": "Frozen Produce",
      "desc": "Frozen Produce"
    },
    "weight": "32 oz",
    "UpcCode": "",
    "tax": 0.0,
    "spiceLevel": "",
    "aiselNo": "19",
    "store": "Market Basket",
    "weightType": "32 oz",
    "imageName": "Market Basket.jpg",
    "defaultImage": "Market Basket.jpg",
    "updatedTimestamp": "Jan 23, 2021 8:02:30 PM",
    "createdTimestamp": "Jan 23, 2021 8:02:30 PM",
    "isNewlyAdded": false,
    "isActive": true,
    "isDealsEnabled": false,
    "quantity": 0
  },
  {
    "id": 13520,
    "code": "Ninho Instant Dry Whole Milk",
    "desc": "Ninho Instant Dry Whole Milk",
    "shortDesc": "Ninho Instant Dry Whole Milk",
    "tags": [
      "Milk"
    ],
    "categories": [
      {
        "code": "Breakfast & Dairy",
        "desc": "Breakfast & Dairy"
      }
    ],
    "subCategories": [
      {
        "code": "Dairy & Eggs",
        "desc": "Dairy & Eggs"
      }
    ],
    "brands": [
      {
        "code": "Ninho",
        "desc": "Ninho"
      }
    ],
    "price": {
      "basePrice": 7.39,
      "discountPrice": 7.39
    },
    "type": {
      "code": "Milk",
      "desc": "Milk"
    },
    "weight": "12.6 oz",
    "UpcCode": "",
    "tax": 0.0,
    "spiceLevel": "",
    "aiselNo": "1",
    "store": "Market Basket",
    "weightType": "12.6 oz",
    "imageName": "14740.jpg",
    "defaultImage": "14740.jpg",
    "updatedTimestamp": "Jan 23, 2021 8:02:30 PM",
    "createdTimestamp": "Jan 23, 2021 8:02:30 PM",
    "isNewlyAdded": false,
    "isActive": true,
    "isDealsEnabled": false,
    "quantity": 0
  },
  {
    "id": 8136,
    "code": "Swanson Natural Goodness Swanson Natural Goodness Chicken Broth",
    "desc": "Swanson Natural Goodness Swanson Natural Goodness Chicken Broth",
    "shortDesc": "Swanson Natural Goodness Swanson Natural Goodness Chicken Broth",
    "tags": [
      "Soup, Broth & Bouillon"
    ],
    "categories": [
      {
        "code": "Cooking Needs",
        "desc": "Cooking Needs"
      }
    ],
    "subCategories": [
      {
        "code": "Canned Food",
        "desc": "Canned Food"
      }
    ],
    "brands": [
      {
        "code": "Swanson",
        "desc": "Swanson"
      }
    ],
    "price": {
      "basePrice": 3.09,
      "discountPrice": 3.09
    },
    "type": {
      "code": "Soup, Broth & Bouillon",
      "desc": "Soup, Broth & Bouillon"
    },
    "weight": "32 fl oz",
    "UpcCode": "",
    "tax": 0.0,
    "spiceLevel": "",
    "aiselNo": "2",
    "store": "Market Basket",
    "weightType": "32 fl oz",
    "imageName": "17197.jpg",
    "defaultImage": "17197.jpg",
    "updatedTimestamp": "Jan 23, 2021 8:02:30 PM",
    "createdTimestamp": "Jan 23, 2021 8:02:30 PM",
    "isNewlyAdded": false,
    "isActive": true,
    "isDealsEnabled": false,
    "quantity": 0
  },
  {
    "id": 7522,
    "code": "Market Basket Petite Diced Tomatoes With Onion, Celery, Green Pepper, In Tomato Juice",
    "desc": "Market Basket Petite Diced Tomatoes With Onion, Celery, Green Pepper, In Tomato Juice",
    "shortDesc": "Market Basket Petite Diced Tomatoes With Onion, Celery, Green Pepper, In Tomato Juice",
    "tags": [
      "Canned & Jarred Vegetables"
    ],
    "categories": [
      {
        "code": "Cooking Needs",
        "desc": "Cooking Needs"
      }
    ],
    "subCategories": [
      {
        "code": "Canned Food",
        "desc": "Canned Food"
      }
    ],
    "brands": [
      {
        "code": "Market Basket",
        "desc": "Market Basket"
      }
    ],
    "price": {
      "basePrice": 0.89,
      "discountPrice": 0.89
    },
    "type": {
      "code": "Canned & Jarred Vegetables",
      "desc": "Canned & Jarred Vegetables"
    },
    "weight": "14.5 oz",
    "UpcCode": "",
    "tax": 0.0,
    "spiceLevel": "",
    "aiselNo": "9",
    "store": "Market Basket",
    "weightType": "14.5 oz",
    "imageName": "Market Basket.jpg",
    "defaultImage": "Market Basket.jpg",
    "updatedTimestamp": "Jan 23, 2021 8:02:30 PM",
    "createdTimestamp": "Jan 23, 2021 8:02:30 PM",
    "isNewlyAdded": false,
    "isActive": true,
    "isDealsEnabled": false,
    "quantity": 0
  },
  {
    "id": 7200,
    "code": "Badia Onion Powder",
    "desc": "Badia Onion Powder",
    "shortDesc": "Badia Onion Powder",
    "tags": [
      "Spices & Seasonings"
    ],
    "categories": [
      {
        "code": "Cooking Needs",
        "desc": "Cooking Needs"
      }
    ],
    "subCategories": [
      {
        "code": "Spices & Seasonings",
        "desc": "Spices & Seasonings"
      }
    ],
    "brands": [
      {
        "code": "Badia",
        "desc": "Badia"
      }
    ],
    "price": {
      "basePrice": 3.69,
      "discountPrice": 3.69
    },
    "type": {
      "code": "Spices & Seasonings",
      "desc": "Spices & Seasonings"
    },
    "weight": "9.5 oz",
    "UpcCode": "",
    "tax": 0.0,
    "spiceLevel": "",
    "aiselNo": "9",
    "store": "Market Basket",
    "weightType": "9.5 oz",
    "imageName": "2224.jpg",
    "defaultImage": "2224.jpg",
    "updatedTimestamp": "Jan 23, 2021 8:02:30 PM",
    "createdTimestamp": "Jan 23, 2021 8:02:30 PM",
    "isNewlyAdded": false,
    "isActive": true,
    "isDealsEnabled": false,
    "quantity": 0
  },
  {
    "id": 4137,
    "code": "Market Basket Downeast Steamer Clams",
    "desc": "Market Basket Downeast Steamer Clams",
    "shortDesc": "Market Basket Downeast Steamer Clams",
    "tags": [
      "Clams"
    ],
    "categories": [
      {
        "code": "Meat & Seafood",
        "desc": "Meat & Seafood"
      }
    ],
    "subCategories": [
      {
        "code": "Meat & Seafood Counter",
        "desc": "Meat & Seafood Counter"
      }
    ],
    "brands": [
      {
        "code": "Market Basket",
        "desc": "Market Basket"
      }
    ],
    "price": {
      "basePrice": 11.82,
      "discountPrice": 11.82
    },
    "type": {
      "code": "Clams",
      "desc": "Clams"
    },
    "weight": "Approx: 1.60 lb at $7.39/lb",
    "UpcCode": "",
    "tax": 0.0,
    "spiceLevel": "",
    "aiselNo": "22",
    "store": "Market Basket",
    "weightType": "Approx: 1.60 lb at $7.39/lb",
    "imageName": "Market Basket.jpg",
    "defaultImage": "Market Basket.jpg",
    "updatedTimestamp": "Jan 23, 2021 8:02:30 PM",
    "createdTimestamp": "Jan 23, 2021 8:02:30 PM",
    "isNewlyAdded": false,
    "isActive": true,
    "isDealsEnabled": false,
    "quantity": 0
  },
  {
    "id": 13904,
    "code": "Silk Dark Chocolate Almondmilk",
    "desc": "Silk Dark Chocolate Almondmilk",
    "shortDesc": "Silk Dark Chocolate Almondmilk",
    "tags": [
      "Soy & Lactose-Free"
    ],
    "categories": [
      {
        "code": "Breakfast & Dairy",
        "desc": "Breakfast & Dairy"
      }
    ],
    "subCategories": [
      {
        "code": "Dairy & Eggs",
        "desc": "Dairy & Eggs"
      }
    ],
    "brands": [
      {
        "code": "Silk",
        "desc": "Silk"
      }
    ],
    "price": {
      "basePrice": 3.69,
      "discountPrice": 3.69
    },
    "type": {
      "code": "Soy & Lactose-Free",
      "desc": "Soy & Lactose-Free"
    },
    "weight": "64 fl oz",
    "UpcCode": "",
    "tax": 0.0,
    "spiceLevel": "",
    "aiselNo": "1",
    "store": "Market Basket",
    "weightType": "64 fl oz",
    "imageName": "714.jpg",
    "defaultImage": "714.jpg",
    "updatedTimestamp": "Jan 23, 2021 8:02:30 PM",
    "createdTimestamp": "Jan 23, 2021 8:02:30 PM",
    "isNewlyAdded": false,
    "isActive": true,
    "isDealsEnabled": false,
    "quantity": 0
  },
  {
    "id": 8567,
    "code": "Pure Wesson Canola Oil",
    "desc": "Pure Wesson Canola Oil",
    "shortDesc": "Pure Wesson Canola Oil",
    "tags": [
      "Oils & Vinegars"
    ],
    "categories": [
      {
        "code": "Cooking Needs",
        "desc": "Cooking Needs"
      }
    ],
    "subCategories": [
      {
        "code": "Oils & Vinegars",
        "desc": "Oils & Vinegars"
      }
    ],
    "brands": [
      {
        "code": "Pure Wesson",
        "desc": "Pure Wesson"
      }
    ],
    "price": {
      "basePrice": 9.19,
      "discountPrice": 9.19
    },
    "type": {
      "code": "Oils & Vinegars",
      "desc": "Oils & Vinegars"
    },
    "weight": "1 gal",
    "UpcCode": "",
    "tax": 0.0,
    "spiceLevel": "",
    "aiselNo": "2",
    "store": "Market Basket",
    "weightType": "1 gal",
    "imageName": "1821.jpg",
    "defaultImage": "1821.jpg",
    "updatedTimestamp": "Jan 23, 2021 8:02:30 PM",
    "createdTimestamp": "Jan 23, 2021 8:02:30 PM",
    "isNewlyAdded": false,
    "isActive": true,
    "isDealsEnabled": false,
    "quantity": 0
  },
  {
    "id": 332,
    "code": "Market Basket Slider Freezer Bags",
    "desc": "Market Basket Slider Freezer Bags",
    "shortDesc": "Market Basket Slider Freezer Bags",
    "tags": [
      "Storage Bags"
    ],
    "categories": [
      {
        "code": "Kitchen & Cleaning",
        "desc": "Kitchen & Cleaning"
      }
    ],
    "subCategories": [
      {
        "code": "Food Storage & Kitchen Supplies",
        "desc": "Food Storage & Kitchen Supplies"
      }
    ],
    "brands": [
      {
        "code": "Market Basket",
        "desc": "Market Basket"
      }
    ],
    "price": {
      "basePrice": 3.69,
      "discountPrice": 3.69
    },
    "type": {
      "code": "Storage Bags",
      "desc": "Storage Bags"
    },
    "weight": "25 count",
    "UpcCode": "",
    "tax": 1.0,
    "spiceLevel": "",
    "aiselNo": "12",
    "store": "Market Basket",
    "weightType": "25 count",
    "imageName": "Market Basket.jpg",
    "defaultImage": "Market Basket.jpg",
    "updatedTimestamp": "Jan 23, 2021 8:02:30 PM",
    "createdTimestamp": "Jan 23, 2021 8:02:30 PM",
    "isNewlyAdded": false,
    "isActive": true,
    "isDealsEnabled": false,
    "quantity": 0
  },
  {
    "id": 6940,
    "code": "Betty Crocker Peanut Butter Cookie Mix",
    "desc": "Betty Crocker Peanut Butter Cookie Mix",
    "shortDesc": "Betty Crocker Peanut Butter Cookie Mix",
    "tags": [
      "Doughs, Gelatins & Bake Mixes"
    ],
    "categories": [
      {
        "code": "Cooking Needs",
        "desc": "Cooking Needs"
      }
    ],
    "subCategories": [
      {
        "code": "Baking & Cooking",
        "desc": "Baking & Cooking"
      }
    ],
    "brands": [
      {
        "code": "Betty Crocker",
        "desc": "Betty Crocker"
      }
    ],
    "price": {
      "basePrice": 2.49,
      "discountPrice": 2.49
    },
    "type": {
      "code": "Doughs, Gelatins & Bake Mixes",
      "desc": "Doughs, Gelatins & Bake Mixes"
    },
    "weight": "17.5 oz",
    "UpcCode": "",
    "tax": 0.0,
    "spiceLevel": "",
    "aiselNo": "8",
    "store": "Market Basket",
    "weightType": "17.5 oz",
    "imageName": "2079.jpg",
    "defaultImage": "2079.jpg",
    "updatedTimestamp": "Jan 23, 2021 8:02:30 PM",
    "createdTimestamp": "Jan 23, 2021 8:02:30 PM",
    "isNewlyAdded": false,
    "isActive": true,
    "isDealsEnabled": false,
    "quantity": 0
  },
  {
    "id": 7825,
    "code": "Bumble Bee Sardines in Mustard",
    "desc": "Bumble Bee Sardines in Mustard",
    "shortDesc": "Bumble Bee Sardines in Mustard",
    "tags": [
      "Canned Meat & Seafood"
    ],
    "categories": [
      {
        "code": "Cooking Needs",
        "desc": "Cooking Needs"
      }
    ],
    "subCategories": [
      {
        "code": "Canned Food",
        "desc": "Canned Food"
      }
    ],
    "brands": [
      {
        "code": "Bumble Bee",
        "desc": "Bumble Bee"
      }
    ],
    "price": {
      "basePrice": 1.29,
      "discountPrice": 1.29
    },
    "type": {
      "code": "Canned Meat & Seafood",
      "desc": "Canned Meat & Seafood"
    },
    "weight": "3.75 oz",
    "UpcCode": "",
    "tax": 0.0,
    "spiceLevel": "",
    "aiselNo": "2",
    "store": "Market Basket",
    "weightType": "3.75 oz",
    "imageName": "5198.jpg",
    "defaultImage": "5198.jpg",
    "updatedTimestamp": "Jan 23, 2021 8:02:30 PM",
    "createdTimestamp": "Jan 23, 2021 8:02:30 PM",
    "isNewlyAdded": false,
    "isActive": true,
    "isDealsEnabled": false,
    "quantity": 0
  },
  {
    "id": 4332,
    "code": "Keisha Bone in Pork Shoulder",
    "desc": "Keisha Bone in Pork Shoulder",
    "shortDesc": "Keisha Bone in Pork Shoulder",
    "tags": [
      "Pork"
    ],
    "categories": [
      {
        "code": "Meat & Seafood",
        "desc": "Meat & Seafood"
      }
    ],
    "subCategories": [
      {
        "code": "Meat & Seafood Counter",
        "desc": "Meat & Seafood Counter"
      }
    ],
    "brands": [
      {
        "code": "Market Basket",
        "desc": "Market Basket"
      }
    ],
    "price": {
      "basePrice": 1.89,
      "discountPrice": 1.89
    },
    "type": {
      "code": "Pork",
      "desc": "Pork"
    },
    "weight": "1 lb",
    "UpcCode": "",
    "tax": 0.0,
    "spiceLevel": "",
    "aiselNo": "22",
    "store": "Market Basket",
    "weightType": "1 lb",
    "imageName": "Market Basket.jpg",
    "defaultImage": "Market Basket.jpg",
    "updatedTimestamp": "Jan 23, 2021 8:02:30 PM",
    "createdTimestamp": "Jan 23, 2021 8:02:30 PM",
    "isNewlyAdded": false,
    "isActive": true,
    "isDealsEnabled": false,
    "quantity": 0
  },
  {
    "id": 7999,
    "code": "Emeril's Organic Vegetable Stock",
    "desc": "Emeril's Organic Vegetable Stock",
    "shortDesc": "Emeril's Organic Vegetable Stock",
    "tags": [
      "Soup, Broth & Bouillon"
    ],
    "categories": [
      {
        "code": "Cooking Needs",
        "desc": "Cooking Needs"
      }
    ],
    "subCategories": [
      {
        "code": "Canned Food",
        "desc": "Canned Food"
      }
    ],
    "brands": [
      {
        "code": "Emeril's",
        "desc": "Emeril's"
      }
    ],
    "price": {
      "basePrice": 3.09,
      "discountPrice": 3.09
    },
    "type": {
      "code": "Soup, Broth & Bouillon",
      "desc": "Soup, Broth & Bouillon"
    },
    "weight": "32 oz",
    "UpcCode": "",
    "tax": 0.0,
    "spiceLevel": "",
    "aiselNo": "2",
    "store": "Market Basket",
    "weightType": "32 oz",
    "imageName": "17263.jpg",
    "defaultImage": "17263.jpg",
    "updatedTimestamp": "Jan 23, 2021 8:02:30 PM",
    "createdTimestamp": "Jan 23, 2021 8:02:30 PM",
    "isNewlyAdded": false,
    "isActive": true,
    "isDealsEnabled": false,
    "quantity": 0
  },
  {
    "id": 6573,
    "code": "Bolthouse Farms Green Goodness",
    "desc": "Bolthouse Farms Green Goodness",
    "shortDesc": "Bolthouse Farms Green Goodness",
    "tags": [
      "Refrigerated Drinks"
    ],
    "categories": [
      {
        "code": "Beverages & Juices",
        "desc": "Beverages & Juices"
      }
    ],
    "subCategories": [
      {
        "code": "Juices & Refrigerated Drinks",
        "desc": "Juices & Refrigerated Drinks"
      }
    ],
    "brands": [
      {
        "code": "Bolthouse Farms",
        "desc": "Bolthouse Farms"
      }
    ],
    "price": {
      "basePrice": 3.09,
      "discountPrice": 3.09
    },
    "type": {
      "code": "Refrigerated Drinks",
      "desc": "Refrigerated Drinks"
    },
    "weight": "15.21 fl oz",
    "UpcCode": "",
    "tax": 0.0,
    "spiceLevel": "",
    "aiselNo": "20",
    "store": "Market Basket",
    "weightType": "15.21 fl oz",
    "imageName": "3833.jpg",
    "defaultImage": "3833.jpg",
    "updatedTimestamp": "Jan 23, 2021 8:02:30 PM",
    "createdTimestamp": "Jan 23, 2021 8:02:30 PM",
    "isNewlyAdded": false,
    "isActive": true,
    "isDealsEnabled": false,
    "quantity": 0
  },
  {
    "id": 8755,
    "code": "Market Basket Salsa Mild",
    "desc": "Market Basket Salsa Mild",
    "shortDesc": "Market Basket Salsa Mild",
    "tags": [
      "Preserved Dips & Salsa"
    ],
    "categories": [
      {
        "code": "Condiments & Dressings",
        "desc": "Condiments & Dressings"
      }
    ],
    "subCategories": [
      {
        "code": "Preserved Dips & Spreads",
        "desc": "Preserved Dips & Spreads"
      }
    ],
    "brands": [
      {
        "code": "Market Basket",
        "desc": "Market Basket"
      }
    ],
    "price": {
      "basePrice": 2.49,
      "discountPrice": 2.49
    },
    "type": {
      "code": "Preserved Dips & Salsa",
      "desc": "Preserved Dips & Salsa"
    },
    "weight": "24 oz",
    "UpcCode": "",
    "tax": 0.0,
    "spiceLevel": "",
    "aiselNo": "1",
    "store": "Market Basket",
    "weightType": "24 oz",
    "imageName": "Market Basket.jpg",
    "defaultImage": "Market Basket.jpg",
    "updatedTimestamp": "Jan 23, 2021 8:02:30 PM",
    "createdTimestamp": "Jan 23, 2021 8:02:30 PM",
    "isNewlyAdded": false,
    "isActive": true,
    "isDealsEnabled": false,
    "quantity": 0
  },
  {
    "id": 8396,
    "code": "A1 est 1862 Original Sauce Shake Well See Nutrition Information",
    "desc": "A1 est 1862 Original Sauce Shake Well See Nutrition Information",
    "shortDesc": "A1 est 1862 Original Sauce Shake Well See Nutrition Information",
    "tags": [
      "Sauces"
    ],
    "categories": [
      {
        "code": "Condiments & Dressings",
        "desc": "Condiments & Dressings"
      }
    ],
    "subCategories": [
      {
        "code": "Marinades, Ketchup & Sauces",
        "desc": "Marinades, Ketchup & Sauces"
      }
    ],
    "brands": [
      {
        "code": "A.1.",
        "desc": "A.1."
      }
    ],
    "price": {
      "basePrice": 4.99,
      "discountPrice": 4.99
    },
    "type": {
      "code": "Sauces",
      "desc": "Sauces"
    },
    "weight": "10 oz",
    "UpcCode": "054400000054",
    "tax": 0.0,
    "spiceLevel": "",
    "aiselNo": "2",
    "store": "Market Basket",
    "weightType": "10 oz",
    "imageName": "X2102.jpg",
    "defaultImage": "X2102.jpg",
    "updatedTimestamp": "Jan 23, 2021 8:02:29 PM",
    "createdTimestamp": "Jan 23, 2021 8:02:29 PM",
    "isNewlyAdded": false,
    "isActive": true,
    "isDealsEnabled": false,
    "quantity": 0
  },
  {
    "id": 5763,
    "code": "Luna S'mores Whole Nutrition Bar",
    "desc": "Luna S'mores Whole Nutrition Bar",
    "shortDesc": "Luna S'mores Whole Nutrition Bar",
    "tags": [
      "Protien Bars"
    ],
    "categories": [
      {
        "code": "Breakfast & Dairy",
        "desc": "Breakfast & Dairy"
      }
    ],
    "subCategories": [
      {
        "code": "Bars & Pastries",
        "desc": "Bars & Pastries"
      }
    ],
    "brands": [
      {
        "code": "Luna",
        "desc": "Luna"
      }
    ],
    "price": {
      "basePrice": 1.25,
      "discountPrice": 1.25
    },
    "type": {
      "code": "Protien Bars",
      "desc": "Protien Bars"
    },
    "weight": "1.7 oz",
    "UpcCode": "",
    "tax": 0.0,
    "spiceLevel": "",
    "aiselNo": "3",
    "store": "Market Basket",
    "weightType": "1.7 oz",
    "imageName": "1297.jpg",
    "defaultImage": "1297.jpg",
    "updatedTimestamp": "Jan 23, 2021 8:02:30 PM",
    "createdTimestamp": "Jan 23, 2021 8:02:30 PM",
    "isNewlyAdded": false,
    "isActive": true,
    "isDealsEnabled": false,
    "quantity": 0
  },
  {
    "id": 5939,
    "code": "Powell & Mahoney Classic Margarita",
    "desc": "Powell & Mahoney Classic Margarita",
    "shortDesc": "Powell & Mahoney Classic Margarita",
    "tags": [
      "Cocoa & Drink Mixes"
    ],
    "categories": [
      {
        "code": "Beverages & Juices",
        "desc": "Beverages & Juices"
      }
    ],
    "subCategories": [
      {
        "code": "Cocoa & Drink Mixes",
        "desc": "Cocoa & Drink Mixes"
      }
    ],
    "brands": [
      {
        "code": "Powell & Mahoney",
        "desc": "Powell & Mahoney"
      }
    ],
    "price": {
      "basePrice": 8.74,
      "discountPrice": 8.74
    },
    "type": {
      "code": "Cocoa & Drink Mixes",
      "desc": "Cocoa & Drink Mixes"
    },
    "weight": "750 ml",
    "UpcCode": "",
    "tax": 0.0,
    "spiceLevel": "",
    "aiselNo": "17",
    "store": "Market Basket",
    "weightType": "750 ml",
    "imageName": "No Image.jpg",
    "defaultImage": "No Image.jpg",
    "updatedTimestamp": "Jan 23, 2021 8:02:29 PM",
    "createdTimestamp": "Jan 23, 2021 8:02:29 PM",
    "isNewlyAdded": false,
    "isActive": true,
    "isDealsEnabled": false,
    "quantity": 0
  },
  {
    "id": 6896,
    "code": "Nielsen Massey Pure Vanilla Extract",
    "desc": "Nielsen Massey Pure Vanilla Extract",
    "shortDesc": "Nielsen Massey Pure Vanilla Extract",
    "tags": [
      "Baking Ingredients"
    ],
    "categories": [
      {
        "code": "Cooking Needs",
        "desc": "Cooking Needs"
      }
    ],
    "subCategories": [
      {
        "code": "Baking & Cooking",
        "desc": "Baking & Cooking"
      }
    ],
    "brands": [
      {
        "code": "Nielsen Massey",
        "desc": "Nielsen Massey"
      }
    ],
    "price": {
      "basePrice": 18.29,
      "discountPrice": 18.29
    },
    "type": {
      "code": "Baking Ingredients",
      "desc": "Baking Ingredients"
    },
    "weight": "8 oz",
    "UpcCode": "",
    "tax": 0.0,
    "spiceLevel": "",
    "aiselNo": "8",
    "store": "Market Basket",
    "weightType": "8 oz",
    "imageName": "No Image.jpg",
    "defaultImage": "No Image.jpg",
    "updatedTimestamp": "Jan 23, 2021 8:02:30 PM",
    "createdTimestamp": "Jan 23, 2021 8:02:30 PM",
    "isNewlyAdded": false,
    "isActive": true,
    "isDealsEnabled": false,
    "quantity": 0
  },
  {
    "id": 14413,
    "code": "Market Basket House Blend Decaf",
    "desc": "Market Basket House Blend Decaf",
    "shortDesc": "Market Basket House Blend Decaf",
    "tags": [
      "Coffee"
    ],
    "categories": [
      {
        "code": "Breakfast & Dairy",
        "desc": "Breakfast & Dairy"
      }
    ],
    "subCategories": [
      {
        "code": "Tea & Coffee",
        "desc": "Tea & Coffee"
      }
    ],
    "brands": [
      {
        "code": "Market Basket",
        "desc": "Market Basket"
      }
    ],
    "price": {
      "basePrice": 4.89,
      "discountPrice": 4.89
    },
    "type": {
      "code": "Coffee",
      "desc": "Coffee"
    },
    "weight": "11 oz",
    "UpcCode": "",
    "tax": 0.0,
    "spiceLevel": "",
    "aiselNo": "8",
    "store": "Market Basket",
    "weightType": "11 oz",
    "imageName": "Market Basket.jpg",
    "defaultImage": "Market Basket.jpg",
    "updatedTimestamp": "Jan 23, 2021 8:02:30 PM",
    "createdTimestamp": "Jan 23, 2021 8:02:30 PM",
    "isNewlyAdded": false,
    "isActive": true,
    "isDealsEnabled": false,
    "quantity": 0
  },
  {
    "id": 8021,
    "code": "Kitchen Basics Original Seafood Stock",
    "desc": "Kitchen Basics Original Seafood Stock",
    "shortDesc": "Kitchen Basics Original Seafood Stock",
    "tags": [
      "Soup, Broth & Bouillon"
    ],
    "categories": [
      {
        "code": "Cooking Needs",
        "desc": "Cooking Needs"
      }
    ],
    "subCategories": [
      {
        "code": "Canned Food",
        "desc": "Canned Food"
      }
    ],
    "brands": [
      {
        "code": "Kitchen Basics",
        "desc": "Kitchen Basics"
      }
    ],
    "price": {
      "basePrice": 3.09,
      "discountPrice": 3.09
    },
    "type": {
      "code": "Soup, Broth & Bouillon",
      "desc": "Soup, Broth & Bouillon"
    },
    "weight": "32 fl oz",
    "UpcCode": "",
    "tax": 0.0,
    "spiceLevel": "",
    "aiselNo": "2",
    "store": "Market Basket",
    "weightType": "32 fl oz",
    "imageName": "17217.jpg",
    "defaultImage": "17217.jpg",
    "updatedTimestamp": "Jan 23, 2021 8:02:30 PM",
    "createdTimestamp": "Jan 23, 2021 8:02:30 PM",
    "isNewlyAdded": false,
    "isActive": true,
    "isDealsEnabled": false,
    "quantity": 0
  },
  {
    "id": 8050,
    "code": "Market Basket Fat Free Reduced Sodium Chicken Broth",
    "desc": "Market Basket Fat Free Reduced Sodium Chicken Broth",
    "shortDesc": "Market Basket Fat Free Reduced Sodium Chicken Broth",
    "tags": [
      "Soup, Broth & Bouillon"
    ],
    "categories": [
      {
        "code": "Cooking Needs",
        "desc": "Cooking Needs"
      }
    ],
    "subCategories": [
      {
        "code": "Canned Food",
        "desc": "Canned Food"
      }
    ],
    "brands": [
      {
        "code": "Market Basket",
        "desc": "Market Basket"
      }
    ],
    "price": {
      "basePrice": 1.89,
      "discountPrice": 1.89
    },
    "type": {
      "code": "Soup, Broth & Bouillon",
      "desc": "Soup, Broth & Bouillon"
    },
    "weight": "32 oz",
    "UpcCode": "",
    "tax": 0.0,
    "spiceLevel": "",
    "aiselNo": "2",
    "store": "Market Basket",
    "weightType": "32 oz",
    "imageName": "Market Basket.jpg",
    "defaultImage": "Market Basket.jpg",
    "updatedTimestamp": "Jan 23, 2021 8:02:30 PM",
    "createdTimestamp": "Jan 23, 2021 8:02:30 PM",
    "isNewlyAdded": false,
    "isActive": true,
    "isDealsEnabled": false,
    "quantity": 0
  },
  {
    "id": 14901,
    "code": "Market Basket Sensitive Pantiliners Unscented Regular",
    "desc": "Market Basket Sensitive Pantiliners Unscented Regular",
    "shortDesc": "Market Basket Sensitive Pantiliners Unscented Regular",
    "tags": [
      "Pantiliner"
    ],
    "categories": [
      {
        "code": "Personal Care",
        "desc": "Personal Care"
      }
    ],
    "subCategories": [
      {
        "code": "Feminine Care",
        "desc": "Feminine Care"
      }
    ],
    "brands": [
      {
        "code": "Market Basket",
        "desc": "Market Basket"
      }
    ],
    "price": {
      "basePrice": 3.21,
      "discountPrice": 3.21
    },
    "type": {
      "code": "Pantiliner",
      "desc": "Pantiliner"
    },
    "weight": "64 count",
    "UpcCode": "",
    "tax": 1.0,
    "spiceLevel": "",
    "aiselNo": "13",
    "store": "Market Basket",
    "weightType": "64 count",
    "imageName": "Market Basket.jpg",
    "defaultImage": "Market Basket.jpg",
    "updatedTimestamp": "Jan 23, 2021 8:02:30 PM",
    "createdTimestamp": "Jan 23, 2021 8:02:30 PM",
    "isNewlyAdded": false,
    "isActive": true,
    "isDealsEnabled": false,
    "quantity": 0
  },
  {
    "id": 12733,
    "code": "Olive Loaf",
    "desc": "Olive Loaf",
    "shortDesc": "Olive Loaf",
    "tags": [
      "Bread"
    ],
    "categories": [
      {
        "code": "Breakfast & Dairy",
        "desc": "Breakfast & Dairy"
      }
    ],
    "subCategories": [
      {
        "code": "Breads & Rolls",
        "desc": "Breads & Rolls"
      }
    ],
    "brands": [
      {
        "code": "Market Basket",
        "desc": "Market Basket"
      }
    ],
    "price": {
      "basePrice": 6.09,
      "discountPrice": 6.09
    },
    "type": {
      "code": "Bread",
      "desc": "Bread"
    },
    "weight": "1 lb",
    "UpcCode": "",
    "tax": 0.0,
    "spiceLevel": "",
    "aiselNo": "18",
    "store": "Market Basket",
    "weightType": "1 lb",
    "imageName": "Market Basket.jpg",
    "defaultImage": "Market Basket.jpg",
    "updatedTimestamp": "Jan 23, 2021 8:02:30 PM",
    "createdTimestamp": "Jan 23, 2021 8:02:30 PM",
    "isNewlyAdded": false,
    "isActive": true,
    "isDealsEnabled": false,
    "quantity": 0
  },
  {
    "id": 13444,
    "code": "The Country Hen Organic Large Grade A Eggs",
    "desc": "The Country Hen Organic Large Grade A Eggs",
    "shortDesc": "The Country Hen Organic Large Grade A Eggs",
    "tags": [
      "Eggs"
    ],
    "categories": [
      {
        "code": "Breakfast & Dairy",
        "desc": "Breakfast & Dairy"
      }
    ],
    "subCategories": [
      {
        "code": "Dairy & Eggs",
        "desc": "Dairy & Eggs"
      }
    ],
    "brands": [
      {
        "code": "The Country Hen",
        "desc": "The Country Hen"
      }
    ],
    "price": {
      "basePrice": 4.59,
      "discountPrice": 4.59
    },
    "type": {
      "code": "Eggs",
      "desc": "Eggs"
    },
    "weight": "6 count",
    "UpcCode": "",
    "tax": 0.0,
    "spiceLevel": "",
    "aiselNo": "1",
    "store": "Market Basket",
    "weightType": "6 count",
    "imageName": "14756.jpg",
    "defaultImage": "14756.jpg",
    "updatedTimestamp": "Jan 23, 2021 8:02:30 PM",
    "createdTimestamp": "Jan 23, 2021 8:02:30 PM",
    "isNewlyAdded": false,
    "isActive": true,
    "isDealsEnabled": false,
    "quantity": 0
  },
  {
    "id": 5182,
    "code": "Keebler PB & J Sandwich Crackers",
    "desc": "Keebler PB & J Sandwich Crackers",
    "shortDesc": "Keebler PB & J Sandwich Crackers",
    "tags": [
      "Crackers"
    ],
    "categories": [
      {
        "code": "Chips, Cookies & Snacks",
        "desc": "Chips, Cookies & Snacks"
      }
    ],
    "subCategories": [
      {
        "code": "Cookies & Crackers",
        "desc": "Cookies & Crackers"
      }
    ],
    "brands": [
      {
        "code": "Keebler",
        "desc": "Keebler"
      }
    ],
    "price": {
      "basePrice": 3.91,
      "discountPrice": 3.91
    },
    "type": {
      "code": "Crackers",
      "desc": "Crackers"
    },
    "weight": "11 oz",
    "UpcCode": "",
    "tax": 0.0,
    "spiceLevel": "",
    "aiselNo": "6",
    "store": "Market Basket",
    "weightType": "11 oz",
    "imageName": "No Image.jpg",
    "defaultImage": "No Image.jpg",
    "updatedTimestamp": "Jan 23, 2021 8:02:30 PM",
    "createdTimestamp": "Jan 23, 2021 8:02:30 PM",
    "isNewlyAdded": false,
    "isActive": true,
    "isDealsEnabled": false,
    "quantity": 0
  },
  {
    "id": 5360,
    "code": "Tate's Bake Shop Oatmeal Rasin Cookies",
    "desc": "Tate's Bake Shop Oatmeal Rasin Cookies",
    "shortDesc": "Tate's Bake Shop Oatmeal Rasin Cookies",
    "tags": [
      "Cookies & Cakes"
    ],
    "categories": [
      {
        "code": "Chips, Cookies & Snacks",
        "desc": "Chips, Cookies & Snacks"
      }
    ],
    "subCategories": [
      {
        "code": "Cookies & Crackers",
        "desc": "Cookies & Crackers"
      }
    ],
    "brands": [
      {
        "code": "Tate's Bake Shop",
        "desc": "Tate's Bake Shop"
      }
    ],
    "price": {
      "basePrice": 6.23,
      "discountPrice": 6.23
    },
    "type": {
      "code": "Cookies & Cakes",
      "desc": "Cookies & Cakes"
    },
    "weight": "7 oz",
    "UpcCode": "",
    "tax": 0.0,
    "spiceLevel": "",
    "aiselNo": "6",
    "store": "Market Basket",
    "weightType": "7 oz",
    "imageName": "No Image.jpg",
    "defaultImage": "No Image.jpg",
    "updatedTimestamp": "Jan 23, 2021 8:02:30 PM",
    "createdTimestamp": "Jan 23, 2021 8:02:30 PM",
    "isNewlyAdded": false,
    "isActive": true,
    "isDealsEnabled": false,
    "quantity": 0
  },
  {
    "id": 15314,
    "code": "Centrum Multivitamin with Minerals",
    "desc": "Centrum Multivitamin with Minerals",
    "shortDesc": "Centrum Multivitamin with Minerals",
    "tags": [
      "Vitamins & Supplements"
    ],
    "categories": [
      {
        "code": "Personal Care",
        "desc": "Personal Care"
      }
    ],
    "subCategories": [
      {
        "code": "Vitamins & Proteins",
        "desc": "Vitamins & Proteins"
      }
    ],
    "brands": [
      {
        "code": "Centrum",
        "desc": "Centrum"
      }
    ],
    "price": {
      "basePrice": 15.51,
      "discountPrice": 15.51
    },
    "type": {
      "code": "Vitamins & Supplements",
      "desc": "Vitamins & Supplements"
    },
    "weight": "125 count",
    "UpcCode": "",
    "tax": 1.0,
    "spiceLevel": "",
    "aiselNo": "13",
    "store": "Market Basket",
    "weightType": "125 count",
    "imageName": "6707.jpg",
    "defaultImage": "6707.jpg",
    "updatedTimestamp": "Jan 23, 2021 8:02:30 PM",
    "createdTimestamp": "Jan 23, 2021 8:02:30 PM",
    "isNewlyAdded": false,
    "isActive": true,
    "isDealsEnabled": false,
    "quantity": 0
  },
  {
    "id": 294,
    "code": "Hefty Ez Foil 11 3/4 in x 9 1/4 in x 1 1/2 in Casserole Pans",
    "desc": "Hefty Ez Foil 11 3/4 in x 9 1/4 in x 1 1/2 in Casserole Pans",
    "shortDesc": "Hefty Ez Foil 11 3/4 in x 9 1/4 in x 1 1/2 in Casserole Pans",
    "tags": [
      "Casserole Pans"
    ],
    "categories": [
      {
        "code": "Kitchen & Cleaning",
        "desc": "Kitchen & Cleaning"
      }
    ],
    "subCategories": [
      {
        "code": "Food Storage & Kitchen Supplies",
        "desc": "Food Storage & Kitchen Supplies"
      }
    ],
    "brands": [
      {
        "code": "Hefty",
        "desc": "Hefty"
      }
    ],
    "price": {
      "basePrice": 3.09,
      "discountPrice": 3.09
    },
    "type": {
      "code": "Casserole Pans",
      "desc": "Casserole Pans"
    },
    "weight": "2 count",
    "UpcCode": "",
    "tax": 1.0,
    "spiceLevel": "",
    "aiselNo": "12",
    "store": "Market Basket",
    "weightType": "2 count",
    "imageName": "4460.jpg",
    "defaultImage": "4460.jpg",
    "updatedTimestamp": "Jan 23, 2021 8:02:30 PM",
    "createdTimestamp": "Jan 23, 2021 8:02:30 PM",
    "isNewlyAdded": false,
    "isActive": true,
    "isDealsEnabled": false,
    "quantity": 0
  },
  {
    "id": 14423,
    "code": "Medaglia D'Oro Caffe Espresso Coffee",
    "desc": "Medaglia D'Oro Caffe Espresso Coffee",
    "shortDesc": "Medaglia D'Oro Caffe Espresso Coffee",
    "tags": [
      "Coffee"
    ],
    "categories": [
      {
        "code": "Breakfast & Dairy",
        "desc": "Breakfast & Dairy"
      }
    ],
    "subCategories": [
      {
        "code": "Tea & Coffee",
        "desc": "Tea & Coffee"
      }
    ],
    "brands": [
      {
        "code": "Medaglia D'Oro",
        "desc": "Medaglia D'Oro"
      }
    ],
    "price": {
      "basePrice": 5.49,
      "discountPrice": 5.49
    },
    "type": {
      "code": "Coffee",
      "desc": "Coffee"
    },
    "weight": "10 oz",
    "UpcCode": "",
    "tax": 0.0,
    "spiceLevel": "",
    "aiselNo": "8",
    "store": "Market Basket",
    "weightType": "10 oz",
    "imageName": "16301.jpg",
    "defaultImage": "16301.jpg",
    "updatedTimestamp": "Jan 23, 2021 8:02:30 PM",
    "createdTimestamp": "Jan 23, 2021 8:02:30 PM",
    "isNewlyAdded": false,
    "isActive": true,
    "isDealsEnabled": false,
    "quantity": 0
  },
  {
    "id": 13670,
    "code": "Chevrine Fresh Goat Cheese Natural",
    "desc": "Chevrine Fresh Goat Cheese Natural",
    "shortDesc": "Chevrine Fresh Goat Cheese Natural",
    "tags": [
      "Packaged Cheese"
    ],
    "categories": [
      {
        "code": "Breakfast & Dairy",
        "desc": "Breakfast & Dairy"
      }
    ],
    "subCategories": [
      {
        "code": "Dairy & Eggs",
        "desc": "Dairy & Eggs"
      }
    ],
    "brands": [
      {
        "code": "Chevrine",
        "desc": "Chevrine"
      }
    ],
    "price": {
      "basePrice": 6.09,
      "discountPrice": 6.09
    },
    "type": {
      "code": "Packaged Cheese",
      "desc": "Packaged Cheese"
    },
    "weight": "8 oz",
    "UpcCode": "",
    "tax": 0.0,
    "spiceLevel": "",
    "aiselNo": "1",
    "store": "Market Basket",
    "weightType": "8 oz",
    "imageName": "Market Basket.jpg",
    "defaultImage": "Market Basket.jpg",
    "updatedTimestamp": "Jan 23, 2021 8:02:30 PM",
    "createdTimestamp": "Jan 23, 2021 8:02:30 PM",
    "isNewlyAdded": false,
    "isActive": true,
    "isDealsEnabled": false,
    "quantity": 0
  },
  {
    "id": 5253,
    "code": "LATE JULY Sea Salt & Lime Tortilla Chips",
    "desc": "LATE JULY Sea Salt & Lime Tortilla Chips",
    "shortDesc": "LATE JULY Sea Salt & Lime Tortilla Chips",
    "tags": [
      "Chips & Pretzels"
    ],
    "categories": [
      {
        "code": "Chips, Cookies & Snacks",
        "desc": "Chips, Cookies & Snacks"
      }
    ],
    "subCategories": [
      {
        "code": "Chips & Fruit Snacks",
        "desc": "Chips & Fruit Snacks"
      }
    ],
    "brands": [
      {
        "code": "LATE JULY",
        "desc": "LATE JULY"
      }
    ],
    "price": {
      "basePrice": 4.69,
      "discountPrice": 4.69
    },
    "type": {
      "code": "Chips & Pretzels",
      "desc": "Chips & Pretzels"
    },
    "weight": "5.5 oz",
    "UpcCode": "",
    "tax": 0.0,
    "spiceLevel": "",
    "aiselNo": "0",
    "store": "Market Basket",
    "weightType": "5.5 oz",
    "imageName": "No Image.jpg",
    "defaultImage": "No Image.jpg",
    "updatedTimestamp": "Jan 23, 2021 8:02:30 PM",
    "createdTimestamp": "Jan 23, 2021 8:02:30 PM",
    "isNewlyAdded": false,
    "isActive": true,
    "isDealsEnabled": false,
    "quantity": 0
  },
  {
    "id": 4892,
    "code": "Market Basket Kettle Cooked Potato Chips",
    "desc": "Market Basket Kettle Cooked Potato Chips",
    "shortDesc": "Market Basket Kettle Cooked Potato Chips",
    "tags": [
      "Chips & Pretzels"
    ],
    "categories": [
      {
        "code": "Chips, Cookies & Snacks",
        "desc": "Chips, Cookies & Snacks"
      }
    ],
    "subCategories": [
      {
        "code": "Chips & Fruit Snacks",
        "desc": "Chips & Fruit Snacks"
      }
    ],
    "brands": [
      {
        "code": "Market Basket",
        "desc": "Market Basket"
      }
    ],
    "price": {
      "basePrice": 3.91,
      "discountPrice": 3.91
    },
    "type": {
      "code": "Chips & Pretzels",
      "desc": "Chips & Pretzels"
    },
    "weight": "9 oz",
    "UpcCode": "",
    "tax": 0.0,
    "spiceLevel": "",
    "aiselNo": "0",
    "store": "Market Basket",
    "weightType": "9 oz",
    "imageName": "Market Basket.jpg",
    "defaultImage": "Market Basket.jpg",
    "updatedTimestamp": "Jan 23, 2021 8:02:30 PM",
    "createdTimestamp": "Jan 23, 2021 8:02:30 PM",
    "isNewlyAdded": false,
    "isActive": true,
    "isDealsEnabled": false,
    "quantity": 0
  },
  {
    "id": 13763,
    "code": "Market Basket Shredded Orange Cheddar Cheese",
    "desc": "Market Basket Shredded Orange Cheddar Cheese",
    "shortDesc": "Market Basket Shredded Orange Cheddar Cheese",
    "tags": [
      "Packaged Cheese"
    ],
    "categories": [
      {
        "code": "Breakfast & Dairy",
        "desc": "Breakfast & Dairy"
      }
    ],
    "subCategories": [
      {
        "code": "Dairy & Eggs",
        "desc": "Dairy & Eggs"
      }
    ],
    "brands": [
      {
        "code": "Market Basket",
        "desc": "Market Basket"
      }
    ],
    "price": {
      "basePrice": 4.29,
      "discountPrice": 4.29
    },
    "type": {
      "code": "Packaged Cheese",
      "desc": "Packaged Cheese"
    },
    "weight": "16 oz",
    "UpcCode": "",
    "tax": 0.0,
    "spiceLevel": "",
    "aiselNo": "1",
    "store": "Market Basket",
    "weightType": "16 oz",
    "imageName": "Market Basket.jpg",
    "defaultImage": "Market Basket.jpg",
    "updatedTimestamp": "Jan 23, 2021 8:02:30 PM",
    "createdTimestamp": "Jan 23, 2021 8:02:30 PM",
    "isNewlyAdded": false,
    "isActive": true,
    "isDealsEnabled": false,
    "quantity": 0
  },
  {
    "id": 7206,
    "code": "Chef Paul Prudhomme Poultry Magic Seasoning Blend",
    "desc": "Chef Paul Prudhomme Poultry Magic Seasoning Blend",
    "shortDesc": "Chef Paul Prudhomme Poultry Magic Seasoning Blend",
    "tags": [
      "Spices & Seasonings"
    ],
    "categories": [
      {
        "code": "Cooking Needs",
        "desc": "Cooking Needs"
      }
    ],
    "subCategories": [
      {
        "code": "Spices & Seasonings",
        "desc": "Spices & Seasonings"
      }
    ],
    "brands": [
      {
        "code": "Chef Paul",
        "desc": "Chef Paul"
      }
    ],
    "price": {
      "basePrice": 4.89,
      "discountPrice": 4.89
    },
    "type": {
      "code": "Spices & Seasonings",
      "desc": "Spices & Seasonings"
    },
    "weight": "1 ct",
    "UpcCode": "",
    "tax": 0.0,
    "spiceLevel": "",
    "aiselNo": "9",
    "store": "Market Basket",
    "weightType": "1 ct",
    "imageName": "No Image.jpg",
    "defaultImage": "No Image.jpg",
    "updatedTimestamp": "Jan 23, 2021 8:02:30 PM",
    "createdTimestamp": "Jan 23, 2021 8:02:30 PM",
    "isNewlyAdded": false,
    "isActive": true,
    "isDealsEnabled": false,
    "quantity": 0
  },
  {
    "id": 7277,
    "code": "McCormick GourmetÃ¢âÂ¢ All Natural Chives",
    "desc": "McCormick GourmetÃ¢âÂ¢ All Natural Chives",
    "shortDesc": "McCormick GourmetÃ¢âÂ¢ All Natural Chives",
    "tags": [
      "Spices & Seasonings"
    ],
    "categories": [
      {
        "code": "Cooking Needs",
        "desc": "Cooking Needs"
      }
    ],
    "subCategories": [
      {
        "code": "Spices & Seasonings",
        "desc": "Spices & Seasonings"
      }
    ],
    "brands": [
      {
        "code": "McCormick",
        "desc": "McCormick"
      }
    ],
    "price": {
      "basePrice": 4.89,
      "discountPrice": 4.89
    },
    "type": {
      "code": "Spices & Seasonings",
      "desc": "Spices & Seasonings"
    },
    "weight": "0.12 oz container",
    "UpcCode": "",
    "tax": 0.0,
    "spiceLevel": "",
    "aiselNo": "9",
    "store": "Market Basket",
    "weightType": "0.12 oz container",
    "imageName": "2190.jpg",
    "defaultImage": "2190.jpg",
    "updatedTimestamp": "Jan 23, 2021 8:02:30 PM",
    "createdTimestamp": "Jan 23, 2021 8:02:30 PM",
    "isNewlyAdded": false,
    "isActive": true,
    "isDealsEnabled": false,
    "quantity": 0
  },
  {
    "id": 8328,
    "code": "Marzetti Dill Veggie Dip",
    "desc": "Marzetti Dill Veggie Dip",
    "shortDesc": "Marzetti Dill Veggie Dip",
    "tags": [
      "Fresh Dips & Tapenades"
    ],
    "categories": [
      {
        "code": "Condiments & Dressings",
        "desc": "Condiments & Dressings"
      }
    ],
    "subCategories": [
      {
        "code": "Fresh Dips & Tapenades",
        "desc": "Fresh Dips & Tapenades"
      }
    ],
    "brands": [
      {
        "code": "Marzetti",
        "desc": "Marzetti"
      }
    ],
    "price": {
      "basePrice": 3.09,
      "discountPrice": 3.09
    },
    "type": {
      "code": "Fresh Dips & Tapenades",
      "desc": "Fresh Dips & Tapenades"
    },
    "weight": "14 oz",
    "UpcCode": "",
    "tax": 0.0,
    "spiceLevel": "",
    "aiselNo": "1",
    "store": "Market Basket",
    "weightType": "14 oz",
    "imageName": "5539.jpg",
    "defaultImage": "5539.jpg",
    "updatedTimestamp": "Jan 23, 2021 8:02:30 PM",
    "createdTimestamp": "Jan 23, 2021 8:02:30 PM",
    "isNewlyAdded": false,
    "isActive": true,
    "isDealsEnabled": false,
    "quantity": 0
  },
  {
    "id": 10042,
    "code": "Friendly's Premium Ice Cream Forbidden Chocolate",
    "desc": "Friendly's Premium Ice Cream Forbidden Chocolate",
    "shortDesc": "Friendly's Premium Ice Cream Forbidden Chocolate",
    "tags": [
      "Ice Cream & Ice"
    ],
    "categories": [
      {
        "code": "Frozen Food",
        "desc": "Frozen Food"
      }
    ],
    "subCategories": [
      {
        "code": "Ice Cream & Ice",
        "desc": "Ice Cream & Ice"
      }
    ],
    "brands": [
      {
        "code": "Friendly's",
        "desc": "Friendly's"
      }
    ],
    "price": {
      "basePrice": 3.69,
      "discountPrice": 3.69
    },
    "type": {
      "code": "Ice Cream & Ice",
      "desc": "Ice Cream & Ice"
    },
    "weight": "1.5 quart",
    "UpcCode": "",
    "tax": 0.0,
    "spiceLevel": "",
    "aiselNo": "21",
    "store": "Market Basket",
    "weightType": "1.5 quart",
    "imageName": "3052.jpg",
    "defaultImage": "3052.jpg",
    "updatedTimestamp": "Jan 23, 2021 8:02:30 PM",
    "createdTimestamp": "Jan 23, 2021 8:02:30 PM",
    "isNewlyAdded": false,
    "isActive": true,
    "isDealsEnabled": false,
    "quantity": 0
  },
  {
    "id": 3902,
    "code": "Vidalia Sweet Onions",
    "desc": "Vidalia Sweet Onions",
    "shortDesc": "Vidalia Sweet Onions",
    "tags": [
      "Onion"
    ],
    "categories": [
      {
        "code": "Fresh Produce",
        "desc": "Fresh Produce"
      }
    ],
    "subCategories": [
      {
        "code": "Fresh Vegetables",
        "desc": "Fresh Vegetables"
      }
    ],
    "brands": [
      {
        "code": "Vidalia",
        "desc": "Vidalia"
      }
    ],
    "price": {
      "basePrice": 6.59,
      "discountPrice": 6.59
    },
    "type": {
      "code": "Onion",
      "desc": "Onion"
    },
    "weight": "2 lb",
    "UpcCode": "",
    "tax": 0.0,
    "spiceLevel": "",
    "aiselNo": "20",
    "store": "Market Basket",
    "weightType": "2 lb",
    "imageName": "No Image.jpg",
    "defaultImage": "No Image.jpg",
    "updatedTimestamp": "Jan 23, 2021 8:02:30 PM",
    "createdTimestamp": "Jan 23, 2021 8:02:30 PM",
    "isNewlyAdded": false,
    "isActive": true,
    "isDealsEnabled": false,
    "quantity": 0
  },
  {
    "id": 376,
    "code": "Imusa Skewers, Bamboo",
    "desc": "Imusa Skewers, Bamboo",
    "shortDesc": "Imusa Skewers, Bamboo",
    "tags": [
      "Utensils & Kitchen Supplies"
    ],
    "categories": [
      {
        "code": "Kitchen & Cleaning",
        "desc": "Kitchen & Cleaning"
      }
    ],
    "subCategories": [
      {
        "code": "Food Storage & Kitchen Supplies",
        "desc": "Food Storage & Kitchen Supplies"
      }
    ],
    "brands": [
      {
        "code": "Imusa",
        "desc": "Imusa"
      }
    ],
    "price": {
      "basePrice": 1.89,
      "discountPrice": 1.89
    },
    "type": {
      "code": "Utensils & Kitchen Supplies",
      "desc": "Utensils & Kitchen Supplies"
    },
    "weight": "100 count",
    "UpcCode": "",
    "tax": 1.0,
    "spiceLevel": "",
    "aiselNo": "12",
    "store": "Market Basket",
    "weightType": "100 count",
    "imageName": "16867.jpg",
    "defaultImage": "16867.jpg",
    "updatedTimestamp": "Jan 23, 2021 8:02:30 PM",
    "createdTimestamp": "Jan 23, 2021 8:02:30 PM",
    "isNewlyAdded": false,
    "isActive": true,
    "isDealsEnabled": false,
    "quantity": 0
  },
  {
    "id": 4665,
    "code": "Goya Sausage Vienna",
    "desc": "Goya Sausage Vienna",
    "shortDesc": "Goya Sausage Vienna",
    "tags": [
      "Canned Sausage"
    ],
    "categories": [
      {
        "code": "Meat & Seafood",
        "desc": "Meat & Seafood"
      }
    ],
    "subCategories": [
      {
        "code": "Canned Meat & Seafood",
        "desc": "Canned Meat & Seafood"
      }
    ],
    "brands": [
      {
        "code": "Goya",
        "desc": "Goya"
      }
    ],
    "price": {
      "basePrice": 1.09,
      "discountPrice": 1.09
    },
    "type": {
      "code": "Canned Sausage",
      "desc": "Canned Sausage"
    },
    "weight": "4.6 oz",
    "UpcCode": "",
    "tax": 0.0,
    "spiceLevel": "",
    "aiselNo": "2",
    "store": "Market Basket",
    "weightType": "4.6 oz",
    "imageName": "5227.jpg",
    "defaultImage": "5227.jpg",
    "updatedTimestamp": "Jan 23, 2021 8:02:30 PM",
    "createdTimestamp": "Jan 23, 2021 8:02:30 PM",
    "isNewlyAdded": false,
    "isActive": true,
    "isDealsEnabled": false,
    "quantity": 0
  },
  {
    "id": 15226,
    "code": "Market Basket Clean+ Toothbrush Soft",
    "desc": "Market Basket Clean+ Toothbrush Soft",
    "shortDesc": "Market Basket Clean+ Toothbrush Soft",
    "tags": [
      "Oral Hygiene"
    ],
    "categories": [
      {
        "code": "Personal Care",
        "desc": "Personal Care"
      }
    ],
    "subCategories": [
      {
        "code": "Personal Needs",
        "desc": "Personal Needs"
      }
    ],
    "brands": [
      {
        "code": "Market Basket",
        "desc": "Market Basket"
      }
    ],
    "price": {
      "basePrice": 0.91,
      "discountPrice": 0.91
    },
    "type": {
      "code": "Oral Hygiene",
      "desc": "Oral Hygiene"
    },
    "weight": "1 count",
    "UpcCode": "",
    "tax": 1.0,
    "spiceLevel": "",
    "aiselNo": "13",
    "store": "Market Basket",
    "weightType": "1 count",
    "imageName": "Market Basket.jpg",
    "defaultImage": "Market Basket.jpg",
    "updatedTimestamp": "Jan 23, 2021 8:02:30 PM",
    "createdTimestamp": "Jan 23, 2021 8:02:30 PM",
    "isNewlyAdded": false,
    "isActive": true,
    "isDealsEnabled": false,
    "quantity": 0
  },
  {
    "id": 4689,
    "code": "StarKistÃÂ® StarKist Albacore Tuna In Water",
    "desc": "StarKistÃÂ® StarKist Albacore Tuna In Water",
    "shortDesc": "StarKistÃÂ® StarKist Albacore Tuna In Water",
    "tags": [
      "Canned Tuna"
    ],
    "categories": [
      {
        "code": "Meat & Seafood",
        "desc": "Meat & Seafood"
      }
    ],
    "subCategories": [
      {
        "code": "Canned Meat & Seafood",
        "desc": "Canned Meat & Seafood"
      }
    ],
    "brands": [
      {
        "code": "StarKistÃÂ®",
        "desc": "StarKistÃÂ®"
      }
    ],
    "price": {
      "basePrice": 3.69,
      "discountPrice": 3.69
    },
    "type": {
      "code": "Canned Tuna",
      "desc": "Canned Tuna"
    },
    "weight": "6.4 oz",
    "UpcCode": "",
    "tax": 0.0,
    "spiceLevel": "",
    "aiselNo": "2",
    "store": "Market Basket",
    "weightType": "6.4 oz",
    "imageName": "5205.jpg",
    "defaultImage": "5205.jpg",
    "updatedTimestamp": "Jan 23, 2021 8:02:30 PM",
    "createdTimestamp": "Jan 23, 2021 8:02:30 PM",
    "isNewlyAdded": false,
    "isActive": true,
    "isDealsEnabled": false,
    "quantity": 0
  },
  {
    "id": 14463,
    "code": "Peet's Coffee House Blend Dark Roast Ground Coffee",
    "desc": "Peet's Coffee House Blend Dark Roast Ground Coffee",
    "shortDesc": "Peet's Coffee House Blend Dark Roast Ground Coffee",
    "tags": [
      "Coffee"
    ],
    "categories": [
      {
        "code": "Breakfast & Dairy",
        "desc": "Breakfast & Dairy"
      }
    ],
    "subCategories": [
      {
        "code": "Tea & Coffee",
        "desc": "Tea & Coffee"
      }
    ],
    "brands": [
      {
        "code": "Peet's Coffee",
        "desc": "Peet's Coffee"
      }
    ],
    "price": {
      "basePrice": 10.99,
      "discountPrice": 10.99
    },
    "type": {
      "code": "Coffee",
      "desc": "Coffee"
    },
    "weight": "12 oz",
    "UpcCode": "",
    "tax": 0.0,
    "spiceLevel": "",
    "aiselNo": "8",
    "store": "Market Basket",
    "weightType": "12 oz",
    "imageName": "3325.jpg",
    "defaultImage": "3325.jpg",
    "updatedTimestamp": "Jan 23, 2021 8:02:30 PM",
    "createdTimestamp": "Jan 23, 2021 8:02:30 PM",
    "isNewlyAdded": false,
    "isActive": true,
    "isDealsEnabled": false,
    "quantity": 0
  },
  {
    "id": 14377,
    "code": "Folgers Instant Coffee Crystals Classic Roast Single Serve Packets",
    "desc": "Folgers Instant Coffee Crystals Classic Roast Single Serve Packets",
    "shortDesc": "Folgers Instant Coffee Crystals Classic Roast Single Serve Packets",
    "tags": [
      "Coffee"
    ],
    "categories": [
      {
        "code": "Breakfast & Dairy",
        "desc": "Breakfast & Dairy"
      }
    ],
    "subCategories": [
      {
        "code": "Tea & Coffee",
        "desc": "Tea & Coffee"
      }
    ],
    "brands": [
      {
        "code": "Folgers ",
        "desc": "Folgers "
      }
    ],
    "price": {
      "basePrice": 1.29,
      "discountPrice": 1.29
    },
    "type": {
      "code": "Coffee",
      "desc": "Coffee"
    },
    "weight": "7 count",
    "UpcCode": "",
    "tax": 0.0,
    "spiceLevel": "",
    "aiselNo": "8",
    "store": "Market Basket",
    "weightType": "7 count",
    "imageName": "3338.jpg",
    "defaultImage": "3338.jpg",
    "updatedTimestamp": "Jan 23, 2021 8:02:30 PM",
    "createdTimestamp": "Jan 23, 2021 8:02:30 PM",
    "isNewlyAdded": false,
    "isActive": true,
    "isDealsEnabled": false,
    "quantity": 0
  },
  {
    "id": 8404,
    "code": "Infinite Herbs Fresh Poultry Seasoning",
    "desc": "Infinite Herbs Fresh Poultry Seasoning",
    "shortDesc": "Infinite Herbs Fresh Poultry Seasoning",
    "tags": [
      "Marinades & Meat Preparation"
    ],
    "categories": [
      {
        "code": "Condiments & Dressings",
        "desc": "Condiments & Dressings"
      }
    ],
    "subCategories": [
      {
        "code": "Marinades, Ketchup & Sauces",
        "desc": "Marinades, Ketchup & Sauces"
      }
    ],
    "brands": [
      {
        "code": "Infinite Herbd",
        "desc": "Infinite Herbd"
      }
    ],
    "price": {
      "basePrice": 2.49,
      "discountPrice": 2.49
    },
    "type": {
      "code": "Marinades & Meat Preparation",
      "desc": "Marinades & Meat Preparation"
    },
    "weight": "1 oz",
    "UpcCode": "",
    "tax": 0.0,
    "spiceLevel": "",
    "aiselNo": "9",
    "store": "Market Basket",
    "weightType": "1 oz",
    "imageName": "No Image.jpg",
    "defaultImage": "No Image.jpg",
    "updatedTimestamp": "Jan 23, 2021 8:02:30 PM",
    "createdTimestamp": "Jan 23, 2021 8:02:30 PM",
    "isNewlyAdded": false,
    "isActive": true,
    "isDealsEnabled": false,
    "quantity": 0
  },
  {
    "id": 6153,
    "code": "Mountain Dew Code Red Cherry",
    "desc": "Mountain Dew Code Red Cherry",
    "shortDesc": "Mountain Dew Code Red Cherry",
    "tags": [
      "Soft Drinks"
    ],
    "categories": [
      {
        "code": "Beverages & Juices",
        "desc": "Beverages & Juices"
      }
    ],
    "subCategories": [
      {
        "code": "Soft Drinks & Seltzers",
        "desc": "Soft Drinks & Seltzers"
      }
    ],
    "brands": [
      {
        "code": "Mountain Dew",
        "desc": "Mountain Dew"
      }
    ],
    "price": {
      "basePrice": 2.5,
      "discountPrice": 2.5
    },
    "type": {
      "code": "Soft Drinks",
      "desc": "Soft Drinks"
    },
    "weight": "2 L",
    "UpcCode": "",
    "tax": 0.0,
    "spiceLevel": "",
    "aiselNo": "17",
    "store": "Market Basket",
    "weightType": "2 L",
    "imageName": "No Image.jpg",
    "defaultImage": "No Image.jpg",
    "updatedTimestamp": "Jan 23, 2021 8:02:30 PM",
    "createdTimestamp": "Jan 23, 2021 8:02:30 PM",
    "isNewlyAdded": false,
    "isActive": true,
    "isDealsEnabled": false,
    "quantity": 0
  },
  {
    "id": 5327,
    "code": "Market Basket Honey Maid Cracker",
    "desc": "Market Basket Honey Maid Cracker",
    "shortDesc": "Market Basket Honey Maid Cracker",
    "tags": [
      "Crackers"
    ],
    "categories": [
      {
        "code": "Chips, Cookies & Snacks",
        "desc": "Chips, Cookies & Snacks"
      }
    ],
    "subCategories": [
      {
        "code": "Cookies & Crackers",
        "desc": "Cookies & Crackers"
      }
    ],
    "brands": [
      {
        "code": "Market Basket",
        "desc": "Market Basket"
      }
    ],
    "price": {
      "basePrice": 4.98,
      "discountPrice": 4.98
    },
    "type": {
      "code": "Crackers",
      "desc": "Crackers"
    },
    "weight": "14.4 oz",
    "UpcCode": "",
    "tax": 0.0,
    "spiceLevel": "",
    "aiselNo": "6",
    "store": "Market Basket",
    "weightType": "14.4 oz",
    "imageName": "Market Basket.jpg",
    "defaultImage": "Market Basket.jpg",
    "updatedTimestamp": "Jan 23, 2021 8:02:30 PM",
    "createdTimestamp": "Jan 23, 2021 8:02:30 PM",
    "isNewlyAdded": false,
    "isActive": true,
    "isDealsEnabled": false,
    "quantity": 0
  },
  {
    "id": 15289,
    "code": "Ensure Original Nutrition Shake Milk Chocolate Ready-to-Drink Bottles",
    "desc": "Ensure Original Nutrition Shake Milk Chocolate Ready-to-Drink Bottles",
    "shortDesc": "Ensure Original Nutrition Shake Milk Chocolate Ready-to-Drink Bottles",
    "tags": [
      "Protien Drinks"
    ],
    "categories": [
      {
        "code": "Personal Care",
        "desc": "Personal Care"
      }
    ],
    "subCategories": [
      {
        "code": "Vitamins & Proteins",
        "desc": "Vitamins & Proteins"
      }
    ],
    "brands": [
      {
        "code": "Ensure",
        "desc": "Ensure"
      }
    ],
    "price": {
      "basePrice": 14.02,
      "discountPrice": 14.02
    },
    "type": {
      "code": "Protien Drinks",
      "desc": "Protien Drinks"
    },
    "weight": "6 x 8 fl oz",
    "UpcCode": "",
    "tax": 1.0,
    "spiceLevel": "",
    "aiselNo": "13",
    "store": "Market Basket",
    "weightType": "6 x 8 fl oz",
    "imageName": "6719.jpg",
    "defaultImage": "6719.jpg",
    "updatedTimestamp": "Jan 23, 2021 8:02:30 PM",
    "createdTimestamp": "Jan 23, 2021 8:02:30 PM",
    "isNewlyAdded": false,
    "isActive": true,
    "isDealsEnabled": false,
    "quantity": 0
  },
  {
    "id": 7252,
    "code": "McCormick Basil Leaves",
    "desc": "McCormick Basil Leaves",
    "shortDesc": "McCormick Basil Leaves",
    "tags": [
      "Spices & Seasonings"
    ],
    "categories": [
      {
        "code": "Cooking Needs",
        "desc": "Cooking Needs"
      }
    ],
    "subCategories": [
      {
        "code": "Spices & Seasonings",
        "desc": "Spices & Seasonings"
      }
    ],
    "brands": [
      {
        "code": "McCormick",
        "desc": "McCormick"
      }
    ],
    "price": {
      "basePrice": 4.89,
      "discountPrice": 4.89
    },
    "type": {
      "code": "Spices & Seasonings",
      "desc": "Spices & Seasonings"
    },
    "weight": "2.87 oz",
    "UpcCode": "",
    "tax": 0.0,
    "spiceLevel": "",
    "aiselNo": "9",
    "store": "Market Basket",
    "weightType": "2.87 oz",
    "imageName": "2185.jpg",
    "defaultImage": "2185.jpg",
    "updatedTimestamp": "Jan 23, 2021 8:02:30 PM",
    "createdTimestamp": "Jan 23, 2021 8:02:30 PM",
    "isNewlyAdded": false,
    "isActive": true,
    "isDealsEnabled": false,
    "quantity": 0
  },
  {
    "id": 13403,
    "code": "Eggland's Best Egg Whites, 100% Liquid",
    "desc": "Eggland's Best Egg Whites, 100% Liquid",
    "shortDesc": "Eggland's Best Egg Whites, 100% Liquid",
    "tags": [
      "Eggs"
    ],
    "categories": [
      {
        "code": "Breakfast & Dairy",
        "desc": "Breakfast & Dairy"
      }
    ],
    "subCategories": [
      {
        "code": "Dairy & Eggs",
        "desc": "Dairy & Eggs"
      }
    ],
    "brands": [
      {
        "code": "Eggland's Best",
        "desc": "Eggland's Best"
      }
    ],
    "price": {
      "basePrice": 3.69,
      "discountPrice": 3.69
    },
    "type": {
      "code": "Eggs",
      "desc": "Eggs"
    },
    "weight": "16 oz",
    "UpcCode": "",
    "tax": 0.0,
    "spiceLevel": "",
    "aiselNo": "1",
    "store": "Market Basket",
    "weightType": "16 oz",
    "imageName": "599.jpg",
    "defaultImage": "599.jpg",
    "updatedTimestamp": "Jan 23, 2021 8:02:30 PM",
    "createdTimestamp": "Jan 23, 2021 8:02:30 PM",
    "isNewlyAdded": false,
    "isActive": true,
    "isDealsEnabled": false,
    "quantity": 0
  },
  {
    "id": 13484,
    "code": "Horizon Lowfat Chocolate Milk",
    "desc": "Horizon Lowfat Chocolate Milk",
    "shortDesc": "Horizon Lowfat Chocolate Milk",
    "tags": [
      "Milk"
    ],
    "categories": [
      {
        "code": "Beverages & Juices",
        "desc": "Beverages & Juices"
      }
    ],
    "subCategories": [
      {
        "code": "Tea, Coffee, Milk & Coconut Water",
        "desc": "Tea, Coffee, Milk & Coconut Water"
      }
    ],
    "brands": [
      {
        "code": "Horizon",
        "desc": "Horizon"
      }
    ],
    "price": {
      "basePrice": 14.69,
      "discountPrice": 14.69
    },
    "type": {
      "code": "Milk",
      "desc": "Milk"
    },
    "weight": "8 fl oz",
    "UpcCode": "",
    "tax": 0.0,
    "spiceLevel": "",
    "aiselNo": "10",
    "store": "Market Basket",
    "weightType": "8 fl oz",
    "imageName": "514.jpg",
    "defaultImage": "514.jpg",
    "updatedTimestamp": "Jan 23, 2021 8:02:29 PM",
    "createdTimestamp": "Jan 23, 2021 8:02:29 PM",
    "isNewlyAdded": false,
    "isActive": true,
    "isDealsEnabled": false,
    "quantity": 0
  },
  {
    "id": 9200,
    "code": "Crinkle Cut Fries",
    "desc": "Crinkle Cut Fries",
    "shortDesc": "Crinkle Cut Fries",
    "tags": [
      "Frozen Appetizers & Sides"
    ],
    "categories": [
      {
        "code": "Frozen Food",
        "desc": "Frozen Food"
      }
    ],
    "subCategories": [
      {
        "code": "Frozen Dinners & Entrees",
        "desc": "Frozen Dinners & Entrees"
      }
    ],
    "brands": [
      {
        "code": "Store Brand",
        "desc": "Store Brand"
      }
    ],
    "price": {
      "basePrice": 2.49,
      "discountPrice": 2.49
    },
    "type": {
      "code": "Frozen Appetizers & Sides",
      "desc": "Frozen Appetizers & Sides"
    },
    "weight": "1 ct",
    "UpcCode": "",
    "tax": 0.0,
    "spiceLevel": "",
    "aiselNo": "18",
    "store": "Market Basket",
    "weightType": "1 ct",
    "imageName": "Market Basket.jpg",
    "defaultImage": "Market Basket.jpg",
    "updatedTimestamp": "Jan 23, 2021 8:02:30 PM",
    "createdTimestamp": "Jan 23, 2021 8:02:30 PM",
    "isNewlyAdded": false,
    "isActive": true,
    "isDealsEnabled": false,
    "quantity": 0
  },
  {
    "id": 15245,
    "code": "Oral-B Manual Expert Clean Battery Toothbrush, Soft",
    "desc": "Oral-B Manual Expert Clean Battery Toothbrush, Soft",
    "shortDesc": "Oral-B Manual Expert Clean Battery Toothbrush, Soft",
    "tags": [
      "Oral Hygiene"
    ],
    "categories": [
      {
        "code": "Personal Care",
        "desc": "Personal Care"
      }
    ],
    "subCategories": [
      {
        "code": "Personal Needs",
        "desc": "Personal Needs"
      }
    ],
    "brands": [
      {
        "code": "Oral-B",
        "desc": "Oral-B"
      }
    ],
    "price": {
      "basePrice": 7.0,
      "discountPrice": 7.0
    },
    "type": {
      "code": "Oral Hygiene",
      "desc": "Oral Hygiene"
    },
    "weight": "1 count",
    "UpcCode": "",
    "tax": 1.0,
    "spiceLevel": "",
    "aiselNo": "13",
    "store": "Market Basket",
    "weightType": "1 count",
    "imageName": "17787.jpg",
    "defaultImage": "17787.jpg",
    "updatedTimestamp": "Jan 23, 2021 8:02:30 PM",
    "createdTimestamp": "Jan 23, 2021 8:02:30 PM",
    "isNewlyAdded": false,
    "isActive": true,
    "isDealsEnabled": false,
    "quantity": 0
  },
  {
    "id": 13753,
    "code": "Market Basket Pepper Jack Cheese Block",
    "desc": "Market Basket Pepper Jack Cheese Block",
    "shortDesc": "Market Basket Pepper Jack Cheese Block",
    "tags": [
      "Packaged Cheese"
    ],
    "categories": [
      {
        "code": "Breakfast & Dairy",
        "desc": "Breakfast & Dairy"
      }
    ],
    "subCategories": [
      {
        "code": "Dairy & Eggs",
        "desc": "Dairy & Eggs"
      }
    ],
    "brands": [
      {
        "code": "Market Basket",
        "desc": "Market Basket"
      }
    ],
    "price": {
      "basePrice": 6.09,
      "discountPrice": 6.09
    },
    "type": {
      "code": "Packaged Cheese",
      "desc": "Packaged Cheese"
    },
    "weight": "24 oz",
    "UpcCode": "",
    "tax": 0.0,
    "spiceLevel": "",
    "aiselNo": "1",
    "store": "Market Basket",
    "weightType": "24 oz",
    "imageName": "Market Basket.jpg",
    "defaultImage": "Market Basket.jpg",
    "updatedTimestamp": "Jan 23, 2021 8:02:30 PM",
    "createdTimestamp": "Jan 23, 2021 8:02:30 PM",
    "isNewlyAdded": false,
    "isActive": true,
    "isDealsEnabled": false,
    "quantity": 0
  },
  {
    "id": 3898,
    "code": "Market Basket Okra container (Approx 0.70 lb)",
    "desc": "Market Basket Okra container (Approx 0.70 lb)",
    "shortDesc": "Market Basket Okra container (Approx 0.70 lb)",
    "tags": [
      "Okra"
    ],
    "categories": [
      {
        "code": "Fresh Produce",
        "desc": "Fresh Produce"
      }
    ],
    "subCategories": [
      {
        "code": "Fresh Vegetables",
        "desc": "Fresh Vegetables"
      }
    ],
    "brands": [
      {
        "code": "Market Basket",
        "desc": "Market Basket"
      }
    ],
    "price": {
      "basePrice": 4.99,
      "discountPrice": 4.99
    },
    "type": {
      "code": "Okra",
      "desc": "Okra"
    },
    "weight": "1 container",
    "UpcCode": "",
    "tax": 0.0,
    "spiceLevel": "",
    "aiselNo": "20",
    "store": "Market Basket",
    "weightType": "1 container",
    "imageName": "FP80.jpg",
    "defaultImage": "FP80.jpg",
    "updatedTimestamp": "Jan 23, 2021 8:02:30 PM",
    "createdTimestamp": "Jan 23, 2021 8:02:30 PM",
    "isNewlyAdded": false,
    "isActive": true,
    "isDealsEnabled": false,
    "quantity": 0
  },
  {
    "id": 9321,
    "code": "Three Bakers Whole Grain Bread White",
    "desc": "Three Bakers Whole Grain Bread White",
    "shortDesc": "Three Bakers Whole Grain Bread White",
    "tags": [
      "Frozen Breakfast"
    ],
    "categories": [
      {
        "code": "Frozen Food",
        "desc": "Frozen Food"
      }
    ],
    "subCategories": [
      {
        "code": "Frozen Breakfast",
        "desc": "Frozen Breakfast"
      }
    ],
    "brands": [
      {
        "code": "Three Bakers",
        "desc": "Three Bakers"
      }
    ],
    "price": {
      "basePrice": 4.89,
      "discountPrice": 4.89
    },
    "type": {
      "code": "Frozen Breakfast",
      "desc": "Frozen Breakfast"
    },
    "weight": "17 oz",
    "UpcCode": "",
    "tax": 0.0,
    "spiceLevel": "",
    "aiselNo": "20",
    "store": "Market Basket",
    "weightType": "17 oz",
    "imageName": "15793.jpg",
    "defaultImage": "15793.jpg",
    "updatedTimestamp": "Jan 23, 2021 8:02:30 PM",
    "createdTimestamp": "Jan 23, 2021 8:02:30 PM",
    "isNewlyAdded": false,
    "isActive": true,
    "isDealsEnabled": false,
    "quantity": 0
  },
  {
    "id": 6380,
    "code": "Polar Triple Berry Sparkling Water",
    "desc": "Polar Triple Berry Sparkling Water",
    "shortDesc": "Polar Triple Berry Sparkling Water",
    "tags": [
      "Sparkling Water"
    ],
    "categories": [
      {
        "code": "Beverages & Juices",
        "desc": "Beverages & Juices"
      }
    ],
    "subCategories": [
      {
        "code": "Water",
        "desc": "Water"
      }
    ],
    "brands": [
      {
        "code": "Polar",
        "desc": "Polar"
      }
    ],
    "price": {
      "basePrice": 1.24,
      "discountPrice": 1.24
    },
    "type": {
      "code": "Sparkling Water",
      "desc": "Sparkling Water"
    },
    "weight": "1 L",
    "UpcCode": "",
    "tax": 0.0,
    "spiceLevel": "",
    "aiselNo": "11",
    "store": "Market Basket",
    "weightType": "1 L",
    "imageName": "No Image.jpg",
    "defaultImage": "No Image.jpg",
    "updatedTimestamp": "Jan 23, 2021 8:02:30 PM",
    "createdTimestamp": "Jan 23, 2021 8:02:30 PM",
    "isNewlyAdded": false,
    "isActive": true,
    "isDealsEnabled": false,
    "quantity": 0
  },
  {
    "id": 5089,
    "code": "Mi Del Lemon Snaps",
    "desc": "Mi Del Lemon Snaps",
    "shortDesc": "Mi Del Lemon Snaps",
    "tags": [
      "Cookies & Cakes"
    ],
    "categories": [
      {
        "code": "Chips, Cookies & Snacks",
        "desc": "Chips, Cookies & Snacks"
      }
    ],
    "subCategories": [
      {
        "code": "Cookies & Crackers",
        "desc": "Cookies & Crackers"
      }
    ],
    "brands": [
      {
        "code": "Mi-Del",
        "desc": "Mi-Del"
      }
    ],
    "price": {
      "basePrice": 5.47,
      "discountPrice": 5.47
    },
    "type": {
      "code": "Cookies & Cakes",
      "desc": "Cookies & Cakes"
    },
    "weight": "10 oz",
    "UpcCode": "",
    "tax": 0.0,
    "spiceLevel": "",
    "aiselNo": "6",
    "store": "Market Basket",
    "weightType": "10 oz",
    "imageName": "No Image.jpg",
    "defaultImage": "No Image.jpg",
    "updatedTimestamp": "Jan 23, 2021 8:02:30 PM",
    "createdTimestamp": "Jan 23, 2021 8:02:30 PM",
    "isNewlyAdded": false,
    "isActive": true,
    "isDealsEnabled": false,
    "quantity": 0
  },
  {
    "id": 6253,
    "code": "Crystal Geyser Natural Alpine Spring Water",
    "desc": "Crystal Geyser Natural Alpine Spring Water",
    "shortDesc": "Crystal Geyser Natural Alpine Spring Water",
    "tags": [
      "Water"
    ],
    "categories": [
      {
        "code": "Beverages & Juices",
        "desc": "Beverages & Juices"
      }
    ],
    "subCategories": [
      {
        "code": "Water",
        "desc": "Water"
      }
    ],
    "brands": [
      {
        "code": "Crystal Geyser",
        "desc": "Crystal Geyser"
      }
    ],
    "price": {
      "basePrice": 1.25,
      "discountPrice": 1.25
    },
    "type": {
      "code": "Water",
      "desc": "Water"
    },
    "weight": "25.3 fl oz",
    "UpcCode": "",
    "tax": 0.0,
    "spiceLevel": "",
    "aiselNo": "11",
    "store": "Market Basket",
    "weightType": "25.3 fl oz",
    "imageName": "16262.jpg",
    "defaultImage": "16262.jpg",
    "updatedTimestamp": "Jan 23, 2021 8:02:30 PM",
    "createdTimestamp": "Jan 23, 2021 8:02:30 PM",
    "isNewlyAdded": false,
    "isActive": true,
    "isDealsEnabled": false,
    "quantity": 0
  },
  {
    "id": 7450,
    "code": "Goya Red Kidney Beans In Sauce",
    "desc": "Goya Red Kidney Beans In Sauce",
    "shortDesc": "Goya Red Kidney Beans In Sauce",
    "tags": [
      "Canned & Jarred Vegetables"
    ],
    "categories": [
      {
        "code": "Cooking Needs",
        "desc": "Cooking Needs"
      }
    ],
    "subCategories": [
      {
        "code": "Canned Food",
        "desc": "Canned Food"
      }
    ],
    "brands": [
      {
        "code": "Goya",
        "desc": "Goya"
      }
    ],
    "price": {
      "basePrice": 3.09,
      "discountPrice": 3.09
    },
    "type": {
      "code": "Canned & Jarred Vegetables",
      "desc": "Canned & Jarred Vegetables"
    },
    "weight": "29 oz",
    "UpcCode": "",
    "tax": 0.0,
    "spiceLevel": "",
    "aiselNo": "9",
    "store": "Market Basket",
    "weightType": "29 oz",
    "imageName": "5061.jpg",
    "defaultImage": "5061.jpg",
    "updatedTimestamp": "Jan 23, 2021 8:02:30 PM",
    "createdTimestamp": "Jan 23, 2021 8:02:30 PM",
    "isNewlyAdded": false,
    "isActive": true,
    "isDealsEnabled": false,
    "quantity": 0
  },
  {
    "id": 13851,
    "code": "Snack Pack Pudding Sugar Free Chocolate",
    "desc": "Snack Pack Pudding Sugar Free Chocolate",
    "shortDesc": "Snack Pack Pudding Sugar Free Chocolate",
    "tags": [
      "Refrigerated Pudding & Desserts"
    ],
    "categories": [
      {
        "code": "Breakfast & Dairy",
        "desc": "Breakfast & Dairy"
      }
    ],
    "subCategories": [
      {
        "code": "Dairy & Eggs",
        "desc": "Dairy & Eggs"
      }
    ],
    "brands": [
      {
        "code": "Snack Pack",
        "desc": "Snack Pack"
      }
    ],
    "price": {
      "basePrice": 1.49,
      "discountPrice": 1.49
    },
    "type": {
      "code": "Refrigerated Pudding & Desserts",
      "desc": "Refrigerated Pudding & Desserts"
    },
    "weight": "4 x 3.25 oz",
    "UpcCode": "",
    "tax": 0.0,
    "spiceLevel": "",
    "aiselNo": "19",
    "store": "Market Basket",
    "weightType": "4 x 3.25 oz",
    "imageName": "810.jpg",
    "defaultImage": "810.jpg",
    "updatedTimestamp": "Jan 23, 2021 8:02:30 PM",
    "createdTimestamp": "Jan 23, 2021 8:02:30 PM",
    "isNewlyAdded": false,
    "isActive": true,
    "isDealsEnabled": false,
    "quantity": 0
  },
  {
    "id": 8290,
    "code": "Cedar Organic Red Pepper Hommus",
    "desc": "Cedar Organic Red Pepper Hommus",
    "shortDesc": "Cedar Organic Red Pepper Hommus",
    "tags": [
      "Hommus"
    ],
    "categories": [
      {
        "code": "Condiments & Dressings",
        "desc": "Condiments & Dressings"
      }
    ],
    "subCategories": [
      {
        "code": "Fresh Dips & Tapenades",
        "desc": "Fresh Dips & Tapenades"
      }
    ],
    "brands": [
      {
        "code": "Cedar",
        "desc": "Cedar"
      }
    ],
    "price": {
      "basePrice": 5.09,
      "discountPrice": 5.09
    },
    "type": {
      "code": "Hommus",
      "desc": "Hommus"
    },
    "weight": "8 oz",
    "UpcCode": "",
    "tax": 0.0,
    "spiceLevel": "",
    "aiselNo": "1",
    "store": "Market Basket",
    "weightType": "8 oz",
    "imageName": "5516.jpg",
    "defaultImage": "5516.jpg",
    "updatedTimestamp": "Jan 23, 2021 8:02:30 PM",
    "createdTimestamp": "Jan 23, 2021 8:02:30 PM",
    "isNewlyAdded": false,
    "isActive": true,
    "isDealsEnabled": false,
    "quantity": 0
  },
  {
    "id": 3638,
    "code": "Sunbelle GreenBelle Blackberries",
    "desc": "Sunbelle GreenBelle Blackberries",
    "shortDesc": "Sunbelle GreenBelle Blackberries",
    "tags": [
      "Blackberries"
    ],
    "categories": [
      {
        "code": "Fresh Produce",
        "desc": "Fresh Produce"
      }
    ],
    "subCategories": [
      {
        "code": "Fresh Fruits",
        "desc": "Fresh Fruits"
      }
    ],
    "brands": [
      {
        "code": "Sunbelle",
        "desc": "Sunbelle"
      }
    ],
    "price": {
      "basePrice": 5.62,
      "discountPrice": 5.62
    },
    "type": {
      "code": "Blackberries",
      "desc": "Blackberries"
    },
    "weight": "6 oz container",
    "UpcCode": "",
    "tax": 0.0,
    "spiceLevel": "",
    "aiselNo": "20",
    "store": "Market Basket",
    "weightType": "6 oz container",
    "imageName": "12.jpg",
    "defaultImage": "12.jpg",
    "updatedTimestamp": "Jan 23, 2021 8:02:30 PM",
    "createdTimestamp": "Jan 23, 2021 8:02:30 PM",
    "isNewlyAdded": false,
    "isActive": true,
    "isDealsEnabled": false,
    "quantity": 0
  },
  {
    "id": 4827,
    "code": "Cape Cod Lightly Salted 60% Less Sodium",
    "desc": "Cape Cod Lightly Salted 60% Less Sodium",
    "shortDesc": "Cape Cod Lightly Salted 60% Less Sodium",
    "tags": [
      "Chips & Pretzels"
    ],
    "categories": [
      {
        "code": "Chips, Cookies & Snacks",
        "desc": "Chips, Cookies & Snacks"
      }
    ],
    "subCategories": [
      {
        "code": "Chips & Fruit Snacks",
        "desc": "Chips & Fruit Snacks"
      }
    ],
    "brands": [
      {
        "code": "Cape Cod",
        "desc": "Cape Cod"
      }
    ],
    "price": {
      "basePrice": 5.92,
      "discountPrice": 5.92
    },
    "type": {
      "code": "Chips & Pretzels",
      "desc": "Chips & Pretzels"
    },
    "weight": "8 oz",
    "UpcCode": "",
    "tax": 0.0,
    "spiceLevel": "",
    "aiselNo": "0",
    "store": "Market Basket",
    "weightType": "8 oz",
    "imageName": "No Image.jpg",
    "defaultImage": "No Image.jpg",
    "updatedTimestamp": "Jan 23, 2021 8:02:30 PM",
    "createdTimestamp": "Jan 23, 2021 8:02:30 PM",
    "isNewlyAdded": false,
    "isActive": true,
    "isDealsEnabled": false,
    "quantity": 0
  },
  {
    "id": 6403,
    "code": "Sparkling ICE Pink Grapefruit",
    "desc": "Sparkling ICE Pink Grapefruit",
    "shortDesc": "Sparkling ICE Pink Grapefruit",
    "tags": [
      "Sparkling Water"
    ],
    "categories": [
      {
        "code": "Beverages & Juices",
        "desc": "Beverages & Juices"
      }
    ],
    "subCategories": [
      {
        "code": "Water",
        "desc": "Water"
      }
    ],
    "brands": [
      {
        "code": "Sparkling ICE",
        "desc": "Sparkling ICE"
      }
    ],
    "price": {
      "basePrice": 1.11,
      "discountPrice": 1.11
    },
    "type": {
      "code": "Sparkling Water",
      "desc": "Sparkling Water"
    },
    "weight": "17 fl oz",
    "UpcCode": "",
    "tax": 0.0,
    "spiceLevel": "",
    "aiselNo": "11",
    "store": "Market Basket",
    "weightType": "17 fl oz",
    "imageName": "16243.jpg",
    "defaultImage": "16243.jpg",
    "updatedTimestamp": "Jan 23, 2021 8:02:30 PM",
    "createdTimestamp": "Jan 23, 2021 8:02:30 PM",
    "isNewlyAdded": false,
    "isActive": true,
    "isDealsEnabled": false,
    "quantity": 0
  },
  {
    "id": 9324,
    "code": "Van's Gluten Free Pancakes",
    "desc": "Van's Gluten Free Pancakes",
    "shortDesc": "Van's Gluten Free Pancakes",
    "tags": [
      "Frozen Breakfast"
    ],
    "categories": [
      {
        "code": "Frozen Food",
        "desc": "Frozen Food"
      }
    ],
    "subCategories": [
      {
        "code": "Frozen Breakfast",
        "desc": "Frozen Breakfast"
      }
    ],
    "brands": [
      {
        "code": "Van's Natural Foods",
        "desc": "Van's Natural Foods"
      }
    ],
    "price": {
      "basePrice": 2.49,
      "discountPrice": 2.49
    },
    "type": {
      "code": "Frozen Breakfast",
      "desc": "Frozen Breakfast"
    },
    "weight": "12.4 oz",
    "UpcCode": "",
    "tax": 0.0,
    "spiceLevel": "",
    "aiselNo": "19",
    "store": "Market Basket",
    "weightType": "12.4 oz",
    "imageName": "15796.jpg",
    "defaultImage": "15796.jpg",
    "updatedTimestamp": "Jan 23, 2021 8:02:30 PM",
    "createdTimestamp": "Jan 23, 2021 8:02:30 PM",
    "isNewlyAdded": false,
    "isActive": true,
    "isDealsEnabled": false,
    "quantity": 0
  },
  {
    "id": 5190,
    "code": "LATE JULY Organic Sea Salt & Vinegar Potato Chips",
    "desc": "LATE JULY Organic Sea Salt & Vinegar Potato Chips",
    "shortDesc": "LATE JULY Organic Sea Salt & Vinegar Potato Chips",
    "tags": [
      "Chips & Pretzels"
    ],
    "categories": [
      {
        "code": "Chips, Cookies & Snacks",
        "desc": "Chips, Cookies & Snacks"
      }
    ],
    "subCategories": [
      {
        "code": "Chips & Fruit Snacks",
        "desc": "Chips & Fruit Snacks"
      }
    ],
    "brands": [
      {
        "code": "LATE JULY",
        "desc": "LATE JULY"
      }
    ],
    "price": {
      "basePrice": 4.69,
      "discountPrice": 4.69
    },
    "type": {
      "code": "Chips & Pretzels",
      "desc": "Chips & Pretzels"
    },
    "weight": "5 oz",
    "UpcCode": "",
    "tax": 0.0,
    "spiceLevel": "",
    "aiselNo": "0",
    "store": "Market Basket",
    "weightType": "5 oz",
    "imageName": "No Image.jpg",
    "defaultImage": "No Image.jpg",
    "updatedTimestamp": "Jan 23, 2021 8:02:30 PM",
    "createdTimestamp": "Jan 23, 2021 8:02:30 PM",
    "isNewlyAdded": false,
    "isActive": true,
    "isDealsEnabled": false,
    "quantity": 0
  },
  {
    "id": 5895,
    "code": "Starbucks Tripleshot Energy Dark Roast",
    "desc": "Starbucks Tripleshot Energy Dark Roast",
    "shortDesc": "Starbucks Tripleshot Energy Dark Roast",
    "tags": [
      "Single To-Go Coffee"
    ],
    "categories": [
      {
        "code": "Beverages & Juices",
        "desc": "Beverages & Juices"
      }
    ],
    "subCategories": [
      {
        "code": "Tea, Coffee, Milk & Coconut Water",
        "desc": "Tea, Coffee, Milk & Coconut Water"
      }
    ],
    "brands": [
      {
        "code": "StarBucks",
        "desc": "StarBucks"
      }
    ],
    "price": {
      "basePrice": 3.36,
      "discountPrice": 3.36
    },
    "type": {
      "code": "Single To-Go Coffee",
      "desc": "Single To-Go Coffee"
    },
    "weight": "15 fl oz",
    "UpcCode": "",
    "tax": 0.0,
    "spiceLevel": "",
    "aiselNo": "17",
    "store": "Market Basket",
    "weightType": "15 fl oz",
    "imageName": "No Image.jpg",
    "defaultImage": "No Image.jpg",
    "updatedTimestamp": "Jan 23, 2021 8:02:30 PM",
    "createdTimestamp": "Jan 23, 2021 8:02:30 PM",
    "isNewlyAdded": false,
    "isActive": true,
    "isDealsEnabled": false,
    "quantity": 0
  },
  {
    "id": 3754,
    "code": "Infinite Herbs Mint",
    "desc": "Infinite Herbs Mint",
    "shortDesc": "Infinite Herbs Mint",
    "tags": [
      "Mint"
    ],
    "categories": [
      {
        "code": "Fresh Produce",
        "desc": "Fresh Produce"
      }
    ],
    "subCategories": [
      {
        "code": "Fresh Herbs",
        "desc": "Fresh Herbs"
      }
    ],
    "brands": [
      {
        "code": "Infinite Herbs",
        "desc": "Infinite Herbs"
      }
    ],
    "price": {
      "basePrice": 2.86,
      "discountPrice": 2.86
    },
    "type": {
      "code": "Mint",
      "desc": "Mint"
    },
    "weight": "1 oz",
    "UpcCode": "",
    "tax": 0.0,
    "spiceLevel": "",
    "aiselNo": "20",
    "store": "Market Basket",
    "weightType": "1 oz",
    "imageName": "FP49.jpg",
    "defaultImage": "FP49.jpg",
    "updatedTimestamp": "Jan 23, 2021 8:02:30 PM",
    "createdTimestamp": "Jan 23, 2021 8:02:30 PM",
    "isNewlyAdded": false,
    "isActive": true,
    "isDealsEnabled": false,
    "quantity": 0
  },
  {
    "id": 8547,
    "code": "Mazola 100% Pure Vegetable Oil",
    "desc": "Mazola 100% Pure Vegetable Oil",
    "shortDesc": "Mazola 100% Pure Vegetable Oil",
    "tags": [
      "Oils & Vinegars"
    ],
    "categories": [
      {
        "code": "Cooking Needs",
        "desc": "Cooking Needs"
      }
    ],
    "subCategories": [
      {
        "code": "Oils & Vinegars",
        "desc": "Oils & Vinegars"
      }
    ],
    "brands": [
      {
        "code": "Mazola",
        "desc": "Mazola"
      }
    ],
    "price": {
      "basePrice": 4.39,
      "discountPrice": 4.39
    },
    "type": {
      "code": "Oils & Vinegars",
      "desc": "Oils & Vinegars"
    },
    "weight": "40 fl oz",
    "UpcCode": "",
    "tax": 0.0,
    "spiceLevel": "",
    "aiselNo": "2",
    "store": "Market Basket",
    "weightType": "40 fl oz",
    "imageName": "15505.jpg",
    "defaultImage": "15505.jpg",
    "updatedTimestamp": "Jan 23, 2021 8:02:30 PM",
    "createdTimestamp": "Jan 23, 2021 8:02:30 PM",
    "isNewlyAdded": false,
    "isActive": true,
    "isDealsEnabled": false,
    "quantity": 0
  },
  {
    "id": 3587,
    "code": "Northeast Fresh Celery Hearts",
    "desc": "Northeast Fresh Celery Hearts",
    "shortDesc": "Northeast Fresh Celery Hearts",
    "tags": [
      "Celery"
    ],
    "categories": [
      {
        "code": "Fresh Produce",
        "desc": "Fresh Produce"
      }
    ],
    "subCategories": [
      {
        "code": "Fresh Vegetables",
        "desc": "Fresh Vegetables"
      }
    ],
    "brands": [
      {
        "code": "Northeast",
        "desc": "Northeast"
      }
    ],
    "price": {
      "basePrice": 3.55,
      "discountPrice": 3.55
    },
    "type": {
      "code": "Celery",
      "desc": "Celery"
    },
    "weight": "20 oz bag",
    "UpcCode": "",
    "tax": 0.0,
    "spiceLevel": "",
    "aiselNo": "20",
    "store": "Market Basket",
    "weightType": "20 oz bag",
    "imageName": "FP64.jpg",
    "defaultImage": "FP64.jpg",
    "updatedTimestamp": "Jan 23, 2021 8:02:30 PM",
    "createdTimestamp": "Jan 23, 2021 8:02:30 PM",
    "isNewlyAdded": false,
    "isActive": true,
    "isDealsEnabled": false,
    "quantity": 0
  },
  {
    "id": 7294,
    "code": "McCormick GourmetÃ¢âÂ¢ Organic Herbes De Provence",
    "desc": "McCormick GourmetÃ¢âÂ¢ Organic Herbes De Provence",
    "shortDesc": "McCormick GourmetÃ¢âÂ¢ Organic Herbes De Provence",
    "tags": [
      "Spices & Seasonings"
    ],
    "categories": [
      {
        "code": "Cooking Needs",
        "desc": "Cooking Needs"
      }
    ],
    "subCategories": [
      {
        "code": "Spices & Seasonings",
        "desc": "Spices & Seasonings"
      }
    ],
    "brands": [
      {
        "code": "McCormick",
        "desc": "McCormick"
      }
    ],
    "price": {
      "basePrice": 4.89,
      "discountPrice": 4.89
    },
    "type": {
      "code": "Spices & Seasonings",
      "desc": "Spices & Seasonings"
    },
    "weight": "0.65 oz",
    "UpcCode": "",
    "tax": 0.0,
    "spiceLevel": "",
    "aiselNo": "9",
    "store": "Market Basket",
    "weightType": "0.65 oz",
    "imageName": "2211.jpg",
    "defaultImage": "2211.jpg",
    "updatedTimestamp": "Jan 23, 2021 8:02:30 PM",
    "createdTimestamp": "Jan 23, 2021 8:02:30 PM",
    "isNewlyAdded": false,
    "isActive": true,
    "isDealsEnabled": false,
    "quantity": 0
  },
  {
    "id": 3700,
    "code": "Caribbean Red Maradol Papaya",
    "desc": "Caribbean Red Maradol Papaya",
    "shortDesc": "Caribbean Red Maradol Papaya",
    "tags": [
      "Papaya"
    ],
    "categories": [
      {
        "code": "Fresh Produce",
        "desc": "Fresh Produce"
      }
    ],
    "subCategories": [
      {
        "code": "Fresh Fruits",
        "desc": "Fresh Fruits"
      }
    ],
    "brands": [
      {
        "code": "Market Basket",
        "desc": "Market Basket"
      }
    ],
    "price": {
      "basePrice": 4.12,
      "discountPrice": 4.12
    },
    "type": {
      "code": "Papaya",
      "desc": "Papaya"
    },
    "weight": "1 count",
    "UpcCode": "",
    "tax": 0.0,
    "spiceLevel": "",
    "aiselNo": "20",
    "store": "Market Basket",
    "weightType": "1 count",
    "imageName": "14234.jpg",
    "defaultImage": "14234.jpg",
    "updatedTimestamp": "Jan 23, 2021 8:02:30 PM",
    "createdTimestamp": "Jan 23, 2021 8:02:30 PM",
    "isNewlyAdded": false,
    "isActive": true,
    "isDealsEnabled": false,
    "quantity": 0
  },
  {
    "id": 4355,
    "code": "Market Basket Squid Cleaned",
    "desc": "Market Basket Squid Cleaned",
    "shortDesc": "Market Basket Squid Cleaned",
    "tags": [
      "Squid"
    ],
    "categories": [
      {
        "code": "Meat & Seafood",
        "desc": "Meat & Seafood"
      }
    ],
    "subCategories": [
      {
        "code": "Meat & Seafood Counter",
        "desc": "Meat & Seafood Counter"
      }
    ],
    "brands": [
      {
        "code": "Market Basket",
        "desc": "Market Basket"
      }
    ],
    "price": {
      "basePrice": 8.59,
      "discountPrice": 8.59
    },
    "type": {
      "code": "Squid",
      "desc": "Squid"
    },
    "weight": "Approx: 1.00 lb at $8.59/lb",
    "UpcCode": "",
    "tax": 0.0,
    "spiceLevel": "",
    "aiselNo": "22",
    "store": "Market Basket",
    "weightType": "Approx: 1.00 lb at $8.59/lb",
    "imageName": "Market Basket.jpg",
    "defaultImage": "Market Basket.jpg",
    "updatedTimestamp": "Jan 23, 2021 8:02:30 PM",
    "createdTimestamp": "Jan 23, 2021 8:02:30 PM",
    "isNewlyAdded": false,
    "isActive": true,
    "isDealsEnabled": false,
    "quantity": 0
  },
  {
    "id": 14490,
    "code": "Starbucks Medium K Cup Coffee Pods Ã¢â¬â Pike Place Roast for Keurig Brewers",
    "desc": "Starbucks Medium K Cup Coffee Pods Ã¢â¬â Pike Place Roast for Keurig Brewers",
    "shortDesc": "Starbucks Medium K Cup Coffee Pods Ã¢â¬â Pike Place Roast for Keurig Brewers",
    "tags": [
      "Coffee"
    ],
    "categories": [
      {
        "code": "Breakfast & Dairy",
        "desc": "Breakfast & Dairy"
      }
    ],
    "subCategories": [
      {
        "code": "Tea & Coffee",
        "desc": "Tea & Coffee"
      }
    ],
    "brands": [
      {
        "code": "StarBucks",
        "desc": "StarBucks"
      }
    ],
    "price": {
      "basePrice": 9.79,
      "discountPrice": 9.79
    },
    "type": {
      "code": "Coffee",
      "desc": "Coffee"
    },
    "weight": "10 x 0.44 oz",
    "UpcCode": "",
    "tax": 0.0,
    "spiceLevel": "",
    "aiselNo": "8",
    "store": "Market Basket",
    "weightType": "10 x 0.44 oz",
    "imageName": "3302.jpg",
    "defaultImage": "3302.jpg",
    "updatedTimestamp": "Jan 23, 2021 8:02:30 PM",
    "createdTimestamp": "Jan 23, 2021 8:02:30 PM",
    "isNewlyAdded": false,
    "isActive": true,
    "isDealsEnabled": false,
    "quantity": 0
  },
  {
    "id": 5024,
    "code": "Wise Ridgies Original Ridged Potato Chips",
    "desc": "Wise Ridgies Original Ridged Potato Chips",
    "shortDesc": "Wise Ridgies Original Ridged Potato Chips",
    "tags": [
      "Chips & Pretzels"
    ],
    "categories": [
      {
        "code": "Chips, Cookies & Snacks",
        "desc": "Chips, Cookies & Snacks"
      }
    ],
    "subCategories": [
      {
        "code": "Chips & Fruit Snacks",
        "desc": "Chips & Fruit Snacks"
      }
    ],
    "brands": [
      {
        "code": "Wise",
        "desc": "Wise"
      }
    ],
    "price": {
      "basePrice": 3.13,
      "discountPrice": 3.13
    },
    "type": {
      "code": "Chips & Pretzels",
      "desc": "Chips & Pretzels"
    },
    "weight": "8.75 oz",
    "UpcCode": "",
    "tax": 0.0,
    "spiceLevel": "",
    "aiselNo": "0",
    "store": "Market Basket",
    "weightType": "8.75 oz",
    "imageName": "950.jpg",
    "defaultImage": "950.jpg",
    "updatedTimestamp": "Jan 23, 2021 8:02:30 PM",
    "createdTimestamp": "Jan 23, 2021 8:02:30 PM",
    "isNewlyAdded": false,
    "isActive": true,
    "isDealsEnabled": false,
    "quantity": 0
  },
  {
    "id": 8643,
    "code": "Mediterranean Organics Wild Non Pareil Capers",
    "desc": "Mediterranean Organics Wild Non Pareil Capers",
    "shortDesc": "Mediterranean Organics Wild Non Pareil Capers",
    "tags": [
      "Pickled Goods & Olives"
    ],
    "categories": [
      {
        "code": "Condiments & Dressings",
        "desc": "Condiments & Dressings"
      }
    ],
    "subCategories": [
      {
        "code": "Pickled Goods & Olives",
        "desc": "Pickled Goods & Olives"
      }
    ],
    "brands": [
      {
        "code": "Mediterranean Organics",
        "desc": "Mediterranean Organics"
      }
    ],
    "price": {
      "basePrice": 3.69,
      "discountPrice": 3.69
    },
    "type": {
      "code": "Pickled Goods & Olives",
      "desc": "Pickled Goods & Olives"
    },
    "weight": "3.5 oz",
    "UpcCode": "",
    "tax": 0.0,
    "spiceLevel": "",
    "aiselNo": "2",
    "store": "Market Basket",
    "weightType": "3.5 oz",
    "imageName": "15542.jpg",
    "defaultImage": "15542.jpg",
    "updatedTimestamp": "Jan 23, 2021 8:02:30 PM",
    "createdTimestamp": "Jan 23, 2021 8:02:30 PM",
    "isNewlyAdded": false,
    "isActive": true,
    "isDealsEnabled": false,
    "quantity": 0
  },
  {
    "id": 10113,
    "code": "Kemps Chocolate Chip Smooth & Creamy Frozen Yogurt",
    "desc": "Kemps Chocolate Chip Smooth & Creamy Frozen Yogurt",
    "shortDesc": "Kemps Chocolate Chip Smooth & Creamy Frozen Yogurt",
    "tags": [
      "Ice Cream & Ice"
    ],
    "categories": [
      {
        "code": "Frozen Food",
        "desc": "Frozen Food"
      }
    ],
    "subCategories": [
      {
        "code": "Ice Cream & Ice",
        "desc": "Ice Cream & Ice"
      }
    ],
    "brands": [
      {
        "code": "Kemps",
        "desc": "Kemps"
      }
    ],
    "price": {
      "basePrice": 3.69,
      "discountPrice": 3.69
    },
    "type": {
      "code": "Ice Cream & Ice",
      "desc": "Ice Cream & Ice"
    },
    "weight": "1.5 quart",
    "UpcCode": "",
    "tax": 0.0,
    "spiceLevel": "",
    "aiselNo": "21",
    "store": "Market Basket",
    "weightType": "1.5 quart",
    "imageName": "16206.jpg",
    "defaultImage": "16206.jpg",
    "updatedTimestamp": "Jan 23, 2021 8:02:30 PM",
    "createdTimestamp": "Jan 23, 2021 8:02:30 PM",
    "isNewlyAdded": false,
    "isActive": true,
    "isDealsEnabled": false,
    "quantity": 0
  },
  {
    "id": 3970,
    "code": "Large Shallots (Pack of 4/5)",
    "desc": "Large Shallots (Pack of 4/5)",
    "shortDesc": "Large Shallots (Pack of 4/5)",
    "tags": [
      "Shallot"
    ],
    "categories": [
      {
        "code": "Fresh Produce",
        "desc": "Fresh Produce"
      }
    ],
    "subCategories": [
      {
        "code": "Fresh Vegetables",
        "desc": "Fresh Vegetables"
      }
    ],
    "brands": [
      {
        "code": "Market Basket",
        "desc": "Market Basket"
      }
    ],
    "price": {
      "basePrice": 4.13,
      "discountPrice": 4.13
    },
    "type": {
      "code": "Shallot",
      "desc": "Shallot"
    },
    "weight": "1 pack",
    "UpcCode": "",
    "tax": 0.0,
    "spiceLevel": "",
    "aiselNo": "20",
    "store": "Market Basket",
    "weightType": "1 pack",
    "imageName": "FP77.jpg",
    "defaultImage": "FP77.jpg",
    "updatedTimestamp": "Jan 23, 2021 8:02:30 PM",
    "createdTimestamp": "Jan 23, 2021 8:02:30 PM",
    "isNewlyAdded": false,
    "isActive": true,
    "isDealsEnabled": false,
    "quantity": 0
  },
  {
    "id": 7539,
    "code": "Market Basket Whole Kernel Gwen Sweet Corn",
    "desc": "Market Basket Whole Kernel Gwen Sweet Corn",
    "shortDesc": "Market Basket Whole Kernel Gwen Sweet Corn",
    "tags": [
      "Canned & Jarred Vegetables"
    ],
    "categories": [
      {
        "code": "Cooking Needs",
        "desc": "Cooking Needs"
      }
    ],
    "subCategories": [
      {
        "code": "Canned Food",
        "desc": "Canned Food"
      }
    ],
    "brands": [
      {
        "code": "Market Basket",
        "desc": "Market Basket"
      }
    ],
    "price": {
      "basePrice": 0.69,
      "discountPrice": 0.69
    },
    "type": {
      "code": "Canned & Jarred Vegetables",
      "desc": "Canned & Jarred Vegetables"
    },
    "weight": "8.75 oz",
    "UpcCode": "",
    "tax": 0.0,
    "spiceLevel": "",
    "aiselNo": "9",
    "store": "Market Basket",
    "weightType": "8.75 oz",
    "imageName": "Market Basket.jpg",
    "defaultImage": "Market Basket.jpg",
    "updatedTimestamp": "Jan 23, 2021 8:02:30 PM",
    "createdTimestamp": "Jan 23, 2021 8:02:30 PM",
    "isNewlyAdded": false,
    "isActive": true,
    "isDealsEnabled": false,
    "quantity": 0
  },
  {
    "id": 4694,
    "code": "StarKistÃÂ® StarKist Low Sodium Albacore Tuna In Water",
    "desc": "StarKistÃÂ® StarKist Low Sodium Albacore Tuna In Water",
    "shortDesc": "StarKistÃÂ® StarKist Low Sodium Albacore Tuna In Water",
    "tags": [
      "Canned Tuna"
    ],
    "categories": [
      {
        "code": "Meat & Seafood",
        "desc": "Meat & Seafood"
      }
    ],
    "subCategories": [
      {
        "code": "Canned Meat & Seafood",
        "desc": "Canned Meat & Seafood"
      }
    ],
    "brands": [
      {
        "code": "StarKistÃÂ®",
        "desc": "StarKistÃÂ®"
      }
    ],
    "price": {
      "basePrice": 2.49,
      "discountPrice": 2.49
    },
    "type": {
      "code": "Canned Tuna",
      "desc": "Canned Tuna"
    },
    "weight": "2.6 oz",
    "UpcCode": "",
    "tax": 0.0,
    "spiceLevel": "",
    "aiselNo": "2",
    "store": "Market Basket",
    "weightType": "2.6 oz",
    "imageName": "5203.jpg",
    "defaultImage": "5203.jpg",
    "updatedTimestamp": "Jan 23, 2021 8:02:30 PM",
    "createdTimestamp": "Jan 23, 2021 8:02:30 PM",
    "isNewlyAdded": false,
    "isActive": true,
    "isDealsEnabled": false,
    "quantity": 0
  },
  {
    "id": 503,
    "code": "Tide Plus Bleach Original 59 Loads Laundry Detergent",
    "desc": "Tide Plus Bleach Original 59 Loads Laundry Detergent",
    "shortDesc": "Tide Plus Bleach Original 59 Loads Laundry Detergent",
    "tags": [
      "Laundry Detergent"
    ],
    "categories": [
      {
        "code": "Laundry & Paper Goods",
        "desc": "Laundry & Paper Goods"
      }
    ],
    "subCategories": [
      {
        "code": "Laundry",
        "desc": "Laundry"
      }
    ],
    "brands": [
      {
        "code": "Tide",
        "desc": "Tide"
      }
    ],
    "price": {
      "basePrice": 14.99,
      "discountPrice": 14.99
    },
    "type": {
      "code": "Laundry Detergent",
      "desc": "Laundry Detergent"
    },
    "weight": "92 fl oz",
    "UpcCode": "",
    "tax": 1.0,
    "spiceLevel": "",
    "aiselNo": "15",
    "store": "Market Basket",
    "weightType": "92 fl oz",
    "imageName": "No Image.jpg",
    "defaultImage": "No Image.jpg",
    "updatedTimestamp": "Jan 23, 2021 8:02:30 PM",
    "createdTimestamp": "Jan 23, 2021 8:02:30 PM",
    "isNewlyAdded": false,
    "isActive": true,
    "isDealsEnabled": false,
    "quantity": 0
  },
  {
    "id": 14669,
    "code": "Gold Bond Ultimate Skin Therapy Lotion Healing Aloe",
    "desc": "Gold Bond Ultimate Skin Therapy Lotion Healing Aloe",
    "shortDesc": "Gold Bond Ultimate Skin Therapy Lotion Healing Aloe",
    "tags": [
      "Body Lotion"
    ],
    "categories": [
      {
        "code": "Personal Care",
        "desc": "Personal Care"
      }
    ],
    "subCategories": [
      {
        "code": "Body Wash, Soap & Hair Care",
        "desc": "Body Wash, Soap & Hair Care"
      }
    ],
    "brands": [
      {
        "code": "Gold Bond",
        "desc": "Gold Bond"
      }
    ],
    "price": {
      "basePrice": 14.02,
      "discountPrice": 14.02
    },
    "type": {
      "code": "Body Lotion",
      "desc": "Body Lotion"
    },
    "weight": "14 oz",
    "UpcCode": "",
    "tax": 1.0,
    "spiceLevel": "",
    "aiselNo": "13",
    "store": "Market Basket",
    "weightType": "14 oz",
    "imageName": "17760.jpg",
    "defaultImage": "17760.jpg",
    "updatedTimestamp": "Jan 23, 2021 8:02:30 PM",
    "createdTimestamp": "Jan 23, 2021 8:02:30 PM",
    "isNewlyAdded": false,
    "isActive": true,
    "isDealsEnabled": false,
    "quantity": 0
  },
  {
    "id": 4987,
    "code": "Utz Kettle Classic TGI Fridays Cheddar & Bacon Potato Chips",
    "desc": "Utz Kettle Classic TGI Fridays Cheddar & Bacon Potato Chips",
    "shortDesc": "Utz Kettle Classic TGI Fridays Cheddar & Bacon Potato Chips",
    "tags": [
      "Chips & Pretzels"
    ],
    "categories": [
      {
        "code": "Chips, Cookies & Snacks",
        "desc": "Chips, Cookies & Snacks"
      }
    ],
    "subCategories": [
      {
        "code": "Chips & Fruit Snacks",
        "desc": "Chips & Fruit Snacks"
      }
    ],
    "brands": [
      {
        "code": "Utz",
        "desc": "Utz"
      }
    ],
    "price": {
      "basePrice": 4.69,
      "discountPrice": 4.69
    },
    "type": {
      "code": "Chips & Pretzels",
      "desc": "Chips & Pretzels"
    },
    "weight": "8 oz",
    "UpcCode": "",
    "tax": 0.0,
    "spiceLevel": "",
    "aiselNo": "0",
    "store": "Market Basket",
    "weightType": "8 oz",
    "imageName": "No Image.jpg",
    "defaultImage": "No Image.jpg",
    "updatedTimestamp": "Jan 23, 2021 8:02:30 PM",
    "createdTimestamp": "Jan 23, 2021 8:02:30 PM",
    "isNewlyAdded": false,
    "isActive": true,
    "isDealsEnabled": false,
    "quantity": 0
  },
  {
    "id": 14414,
    "code": "Maxwell House 100% Colombian Ground Coffee",
    "desc": "Maxwell House 100% Colombian Ground Coffee",
    "shortDesc": "Maxwell House 100% Colombian Ground Coffee",
    "tags": [
      "Coffee"
    ],
    "categories": [
      {
        "code": "Breakfast & Dairy",
        "desc": "Breakfast & Dairy"
      }
    ],
    "subCategories": [
      {
        "code": "Tea & Coffee",
        "desc": "Tea & Coffee"
      }
    ],
    "brands": [
      {
        "code": "Maxwell House",
        "desc": "Maxwell House"
      }
    ],
    "price": {
      "basePrice": 9.79,
      "discountPrice": 9.79
    },
    "type": {
      "code": "Coffee",
      "desc": "Coffee"
    },
    "weight": "28 oz",
    "UpcCode": "",
    "tax": 0.0,
    "spiceLevel": "",
    "aiselNo": "8",
    "store": "Market Basket",
    "weightType": "28 oz",
    "imageName": "3388.jpg",
    "defaultImage": "3388.jpg",
    "updatedTimestamp": "Jan 23, 2021 8:02:30 PM",
    "createdTimestamp": "Jan 23, 2021 8:02:30 PM",
    "isNewlyAdded": false,
    "isActive": true,
    "isDealsEnabled": false,
    "quantity": 0
  },
  {
    "id": 14422,
    "code": "Maxwell House Original Roast Ground Coffee",
    "desc": "Maxwell House Original Roast Ground Coffee",
    "shortDesc": "Maxwell House Original Roast Ground Coffee",
    "tags": [
      "Coffee"
    ],
    "categories": [
      {
        "code": "Breakfast & Dairy",
        "desc": "Breakfast & Dairy"
      }
    ],
    "subCategories": [
      {
        "code": "Tea & Coffee",
        "desc": "Tea & Coffee"
      }
    ],
    "brands": [
      {
        "code": "Maxwell House",
        "desc": "Maxwell House"
      }
    ],
    "price": {
      "basePrice": 3.69,
      "discountPrice": 3.69
    },
    "type": {
      "code": "Coffee",
      "desc": "Coffee"
    },
    "weight": "11.5 oz",
    "UpcCode": "",
    "tax": 0.0,
    "spiceLevel": "",
    "aiselNo": "8",
    "store": "Market Basket",
    "weightType": "11.5 oz",
    "imageName": "3386.jpg",
    "defaultImage": "3386.jpg",
    "updatedTimestamp": "Jan 23, 2021 8:02:30 PM",
    "createdTimestamp": "Jan 23, 2021 8:02:30 PM",
    "isNewlyAdded": false,
    "isActive": true,
    "isDealsEnabled": false,
    "quantity": 0
  },
  {
    "id": 8583,
    "code": "Vermont Village Apple Cider Vinegar Raw & Organic",
    "desc": "Vermont Village Apple Cider Vinegar Raw & Organic",
    "shortDesc": "Vermont Village Apple Cider Vinegar Raw & Organic",
    "tags": [
      "Oils & Vinegars"
    ],
    "categories": [
      {
        "code": "Cooking Needs",
        "desc": "Cooking Needs"
      }
    ],
    "subCategories": [
      {
        "code": "Oils & Vinegars",
        "desc": "Oils & Vinegars"
      }
    ],
    "brands": [
      {
        "code": "Vermont Village",
        "desc": "Vermont Village"
      }
    ],
    "price": {
      "basePrice": 4.89,
      "discountPrice": 4.89
    },
    "type": {
      "code": "Oils & Vinegars",
      "desc": "Oils & Vinegars"
    },
    "weight": "16 fl oz",
    "UpcCode": "",
    "tax": 0.0,
    "spiceLevel": "",
    "aiselNo": "2",
    "store": "Market Basket",
    "weightType": "16 fl oz",
    "imageName": "15517.jpg",
    "defaultImage": "15517.jpg",
    "updatedTimestamp": "Jan 23, 2021 8:02:30 PM",
    "createdTimestamp": "Jan 23, 2021 8:02:30 PM",
    "isNewlyAdded": false,
    "isActive": true,
    "isDealsEnabled": false,
    "quantity": 0
  },
  {
    "id": 10159,
    "code": "Market Basket Cookies N Creme Ice Cream",
    "desc": "Market Basket Cookies N Creme Ice Cream",
    "shortDesc": "Market Basket Cookies N Creme Ice Cream",
    "tags": [
      "Ice Cream & Ice"
    ],
    "categories": [
      {
        "code": "Frozen Food",
        "desc": "Frozen Food"
      }
    ],
    "subCategories": [
      {
        "code": "Ice Cream & Ice",
        "desc": "Ice Cream & Ice"
      }
    ],
    "brands": [
      {
        "code": "Market Basket",
        "desc": "Market Basket"
      }
    ],
    "price": {
      "basePrice": 3.09,
      "discountPrice": 3.09
    },
    "type": {
      "code": "Ice Cream & Ice",
      "desc": "Ice Cream & Ice"
    },
    "weight": "1.5 quart",
    "UpcCode": "",
    "tax": 0.0,
    "spiceLevel": "",
    "aiselNo": "21",
    "store": "Market Basket",
    "weightType": "1.5 quart",
    "imageName": "Market Basket.jpg",
    "defaultImage": "Market Basket.jpg",
    "updatedTimestamp": "Jan 23, 2021 8:02:30 PM",
    "createdTimestamp": "Jan 23, 2021 8:02:30 PM",
    "isNewlyAdded": false,
    "isActive": true,
    "isDealsEnabled": false,
    "quantity": 0
  },
  {
    "id": 9057,
    "code": "Smucker's Sugar Free Orange Marmalade",
    "desc": "Smucker's Sugar Free Orange Marmalade",
    "shortDesc": "Smucker's Sugar Free Orange Marmalade",
    "tags": [
      "Spreads"
    ],
    "categories": [
      {
        "code": "Condiments & Dressings",
        "desc": "Condiments & Dressings"
      }
    ],
    "subCategories": [
      {
        "code": "Preserved Dips & Spreads",
        "desc": "Preserved Dips & Spreads"
      }
    ],
    "brands": [
      {
        "code": "Smucker's",
        "desc": "Smucker's"
      }
    ],
    "price": {
      "basePrice": 2.99,
      "discountPrice": 2.99
    },
    "type": {
      "code": "Spreads",
      "desc": "Spreads"
    },
    "weight": "12.75 oz",
    "UpcCode": "",
    "tax": 0.0,
    "spiceLevel": "",
    "aiselNo": "3",
    "store": "Market Basket",
    "weightType": "12.75 oz",
    "imageName": "1628.jpg",
    "defaultImage": "1628.jpg",
    "updatedTimestamp": "Jan 23, 2021 8:02:30 PM",
    "createdTimestamp": "Jan 23, 2021 8:02:30 PM",
    "isNewlyAdded": false,
    "isActive": true,
    "isDealsEnabled": false,
    "quantity": 0
  },
  {
    "id": 549,
    "code": "Gain Fireworks in wash scent moonlight breeze Laundry Detergent",
    "desc": "Gain Fireworks in wash scent moonlight breeze Laundry Detergent",
    "shortDesc": "Gain Fireworks in wash scent moonlight breeze Laundry Detergent",
    "tags": [
      "Laundry Detergent"
    ],
    "categories": [
      {
        "code": "Laundry & Paper Goods",
        "desc": "Laundry & Paper Goods"
      }
    ],
    "subCategories": [
      {
        "code": "Laundry",
        "desc": "Laundry"
      }
    ],
    "brands": [
      {
        "code": "Gain",
        "desc": "Gain"
      }
    ],
    "price": {
      "basePrice": 8.74,
      "discountPrice": 8.74
    },
    "type": {
      "code": "Laundry Detergent",
      "desc": "Laundry Detergent"
    },
    "weight": "285 g",
    "UpcCode": "",
    "tax": 1.0,
    "spiceLevel": "",
    "aiselNo": "15",
    "store": "Market Basket",
    "weightType": "285 g",
    "imageName": "No Image.jpg",
    "defaultImage": "No Image.jpg",
    "updatedTimestamp": "Jan 23, 2021 8:02:30 PM",
    "createdTimestamp": "Jan 23, 2021 8:02:30 PM",
    "isNewlyAdded": false,
    "isActive": true,
    "isDealsEnabled": false,
    "quantity": 0
  },
  {
    "id": 8006,
    "code": "Healthy Choice Split Pea & Ham Soup",
    "desc": "Healthy Choice Split Pea & Ham Soup",
    "shortDesc": "Healthy Choice Split Pea & Ham Soup",
    "tags": [
      "Soup, Broth & Bouillon"
    ],
    "categories": [
      {
        "code": "Cooking Needs",
        "desc": "Cooking Needs"
      }
    ],
    "subCategories": [
      {
        "code": "Canned Food",
        "desc": "Canned Food"
      }
    ],
    "brands": [
      {
        "code": "Healthy Choice",
        "desc": "Healthy Choice"
      }
    ],
    "price": {
      "basePrice": 1.69,
      "discountPrice": 1.69
    },
    "type": {
      "code": "Soup, Broth & Bouillon",
      "desc": "Soup, Broth & Bouillon"
    },
    "weight": "15 oz",
    "UpcCode": "",
    "tax": 0.0,
    "spiceLevel": "",
    "aiselNo": "2",
    "store": "Market Basket",
    "weightType": "15 oz",
    "imageName": "5370.jpg",
    "defaultImage": "5370.jpg",
    "updatedTimestamp": "Jan 23, 2021 8:02:30 PM",
    "createdTimestamp": "Jan 23, 2021 8:02:30 PM",
    "isNewlyAdded": false,
    "isActive": true,
    "isDealsEnabled": false,
    "quantity": 0
  },
  {
    "id": 13602,
    "code": "Market Basket Whole Milk Ricotta",
    "desc": "Market Basket Whole Milk Ricotta",
    "shortDesc": "Market Basket Whole Milk Ricotta",
    "tags": [
      "Other Creams & Cheeses"
    ],
    "categories": [
      {
        "code": "Breakfast & Dairy",
        "desc": "Breakfast & Dairy"
      }
    ],
    "subCategories": [
      {
        "code": "Dairy & Eggs",
        "desc": "Dairy & Eggs"
      }
    ],
    "brands": [
      {
        "code": "Market Basket",
        "desc": "Market Basket"
      }
    ],
    "price": {
      "basePrice": 3.09,
      "discountPrice": 3.09
    },
    "type": {
      "code": "Other Creams & Cheeses",
      "desc": "Other Creams & Cheeses"
    },
    "weight": "32 oz",
    "UpcCode": "",
    "tax": 0.0,
    "spiceLevel": "",
    "aiselNo": "1",
    "store": "Market Basket",
    "weightType": "32 oz",
    "imageName": "Market Basket.jpg",
    "defaultImage": "Market Basket.jpg",
    "updatedTimestamp": "Jan 23, 2021 8:02:30 PM",
    "createdTimestamp": "Jan 23, 2021 8:02:30 PM",
    "isNewlyAdded": false,
    "isActive": true,
    "isDealsEnabled": false,
    "quantity": 0
  },
  {
    "id": 4573,
    "code": "Columbus Italian Dry Salami",
    "desc": "Columbus Italian Dry Salami",
    "shortDesc": "Columbus Italian Dry Salami",
    "tags": [
      "Salami"
    ],
    "categories": [
      {
        "code": "Meat & Seafood",
        "desc": "Meat & Seafood"
      }
    ],
    "subCategories": [
      {
        "code": "Lunch Meat",
        "desc": "Lunch Meat"
      }
    ],
    "brands": [
      {
        "code": "Columbus",
        "desc": "Columbus"
      }
    ],
    "price": {
      "basePrice": 7.39,
      "discountPrice": 7.39
    },
    "type": {
      "code": "Salami",
      "desc": "Salami"
    },
    "weight": "12 oz",
    "UpcCode": "",
    "tax": 0.0,
    "spiceLevel": "",
    "aiselNo": "22",
    "store": "Market Basket",
    "weightType": "12 oz",
    "imageName": "5421.jpg",
    "defaultImage": "5421.jpg",
    "updatedTimestamp": "Jan 23, 2021 8:02:30 PM",
    "createdTimestamp": "Jan 23, 2021 8:02:30 PM",
    "isNewlyAdded": false,
    "isActive": true,
    "isDealsEnabled": false,
    "quantity": 0
  },
  {
    "id": 13695,
    "code": "High Valley Farm Sharp Aged Cheddar Cheese Block",
    "desc": "High Valley Farm Sharp Aged Cheddar Cheese Block",
    "shortDesc": "High Valley Farm Sharp Aged Cheddar Cheese Block",
    "tags": [
      "Packaged Cheese"
    ],
    "categories": [
      {
        "code": "Breakfast & Dairy",
        "desc": "Breakfast & Dairy"
      }
    ],
    "subCategories": [
      {
        "code": "Dairy & Eggs",
        "desc": "Dairy & Eggs"
      }
    ],
    "brands": [
      {
        "code": "High Valley Farm",
        "desc": "High Valley Farm"
      }
    ],
    "price": {
      "basePrice": 3.09,
      "discountPrice": 3.09
    },
    "type": {
      "code": "Packaged Cheese",
      "desc": "Packaged Cheese"
    },
    "weight": "10 oz",
    "UpcCode": "",
    "tax": 0.0,
    "spiceLevel": "",
    "aiselNo": "1",
    "store": "Market Basket",
    "weightType": "10 oz",
    "imageName": "Market Basket.jpg",
    "defaultImage": "Market Basket.jpg",
    "updatedTimestamp": "Jan 23, 2021 8:02:30 PM",
    "createdTimestamp": "Jan 23, 2021 8:02:30 PM",
    "isNewlyAdded": false,
    "isActive": true,
    "isDealsEnabled": false,
    "quantity": 0
  },
  {
    "id": 5896,
    "code": "Starbucks Tripleshot Energy Cafe Mocha",
    "desc": "Starbucks Tripleshot Energy Cafe Mocha",
    "shortDesc": "Starbucks Tripleshot Energy Cafe Mocha",
    "tags": [
      "Single To-Go Coffee"
    ],
    "categories": [
      {
        "code": "Beverages & Juices",
        "desc": "Beverages & Juices"
      }
    ],
    "subCategories": [
      {
        "code": "Tea, Coffee, Milk & Coconut Water",
        "desc": "Tea, Coffee, Milk & Coconut Water"
      }
    ],
    "brands": [
      {
        "code": "StarBucks",
        "desc": "StarBucks"
      }
    ],
    "price": {
      "basePrice": 3.36,
      "discountPrice": 3.36
    },
    "type": {
      "code": "Single To-Go Coffee",
      "desc": "Single To-Go Coffee"
    },
    "weight": "15 fl oz",
    "UpcCode": "",
    "tax": 0.0,
    "spiceLevel": "",
    "aiselNo": "17",
    "store": "Market Basket",
    "weightType": "15 fl oz",
    "imageName": "No Image.jpg",
    "defaultImage": "No Image.jpg",
    "updatedTimestamp": "Jan 23, 2021 8:02:30 PM",
    "createdTimestamp": "Jan 23, 2021 8:02:30 PM",
    "isNewlyAdded": false,
    "isActive": true,
    "isDealsEnabled": false,
    "quantity": 0
  },
  {
    "id": 5826,
    "code": "Stonyfield Organic YoKids Squeezers Lowfat Yogurt Variety Pack",
    "desc": "Stonyfield Organic YoKids Squeezers Lowfat Yogurt Variety Pack",
    "shortDesc": "Stonyfield Organic YoKids Squeezers Lowfat Yogurt Variety Pack",
    "tags": [
      "Yogurt"
    ],
    "categories": [
      {
        "code": "Breakfast & Dairy",
        "desc": "Breakfast & Dairy"
      }
    ],
    "subCategories": [
      {
        "code": "Dairy & Eggs",
        "desc": "Dairy & Eggs"
      }
    ],
    "brands": [
      {
        "code": "Stonyfield Organic",
        "desc": "Stonyfield Organic"
      }
    ],
    "price": {
      "basePrice": 8.59,
      "discountPrice": 8.59
    },
    "type": {
      "code": "Yogurt",
      "desc": "Yogurt"
    },
    "weight": "16 x 2 oz",
    "UpcCode": "",
    "tax": 0.0,
    "spiceLevel": "",
    "aiselNo": "3",
    "store": "Market Basket",
    "weightType": "16 x 2 oz",
    "imageName": "15249.jpg",
    "defaultImage": "15249.jpg",
    "updatedTimestamp": "Jan 23, 2021 8:02:30 PM",
    "createdTimestamp": "Jan 23, 2021 8:02:30 PM",
    "isNewlyAdded": false,
    "isActive": true,
    "isDealsEnabled": false,
    "quantity": 0
  },
  {
    "id": 7980,
    "code": "Campbell's Ready to Serve Low Sodium Cream of Mushroom Soup",
    "desc": "Campbell's Ready to Serve Low Sodium Cream of Mushroom Soup",
    "shortDesc": "Campbell's Ready to Serve Low Sodium Cream of Mushroom Soup",
    "tags": [
      "Soup, Broth & Bouillon"
    ],
    "categories": [
      {
        "code": "Cooking Needs",
        "desc": "Cooking Needs"
      }
    ],
    "subCategories": [
      {
        "code": "Canned Food",
        "desc": "Canned Food"
      }
    ],
    "brands": [
      {
        "code": "Campbell's",
        "desc": "Campbell's"
      }
    ],
    "price": {
      "basePrice": 2.09,
      "discountPrice": 2.09
    },
    "type": {
      "code": "Soup, Broth & Bouillon",
      "desc": "Soup, Broth & Bouillon"
    },
    "weight": "10.5 oz",
    "UpcCode": "",
    "tax": 0.0,
    "spiceLevel": "",
    "aiselNo": "2",
    "store": "Market Basket",
    "weightType": "10.5 oz",
    "imageName": "5379.jpg",
    "defaultImage": "5379.jpg",
    "updatedTimestamp": "Jan 23, 2021 8:02:30 PM",
    "createdTimestamp": "Jan 23, 2021 8:02:30 PM",
    "isNewlyAdded": false,
    "isActive": true,
    "isDealsEnabled": false,
    "quantity": 0
  },
  {
    "id": 8084,
    "code": "Pacific Foods Organic Butternut Squash Bisque",
    "desc": "Pacific Foods Organic Butternut Squash Bisque",
    "shortDesc": "Pacific Foods Organic Butternut Squash Bisque",
    "tags": [
      "Soup, Broth & Bouillon"
    ],
    "categories": [
      {
        "code": "Cooking Needs",
        "desc": "Cooking Needs"
      }
    ],
    "subCategories": [
      {
        "code": "Canned Food",
        "desc": "Canned Food"
      }
    ],
    "brands": [
      {
        "code": "Pacific",
        "desc": "Pacific"
      }
    ],
    "price": {
      "basePrice": 3.69,
      "discountPrice": 3.69
    },
    "type": {
      "code": "Soup, Broth & Bouillon",
      "desc": "Soup, Broth & Bouillon"
    },
    "weight": "17.6 oz",
    "UpcCode": "",
    "tax": 0.0,
    "spiceLevel": "",
    "aiselNo": "2",
    "store": "Market Basket",
    "weightType": "17.6 oz",
    "imageName": "5352.jpg",
    "defaultImage": "5352.jpg",
    "updatedTimestamp": "Jan 23, 2021 8:02:30 PM",
    "createdTimestamp": "Jan 23, 2021 8:02:30 PM",
    "isNewlyAdded": false,
    "isActive": true,
    "isDealsEnabled": false,
    "quantity": 0
  },
  {
    "id": 4558,
    "code": "San Daniele Salame Portofino",
    "desc": "San Daniele Salame Portofino",
    "shortDesc": "San Daniele Salame Portofino",
    "tags": [
      "Other Meat"
    ],
    "categories": [
      {
        "code": "Meat & Seafood",
        "desc": "Meat & Seafood"
      }
    ],
    "subCategories": [
      {
        "code": "Lunch Meat",
        "desc": "Lunch Meat"
      }
    ],
    "brands": [
      {
        "code": "San Daniele",
        "desc": "San Daniele"
      }
    ],
    "price": {
      "basePrice": 4.89,
      "discountPrice": 4.89
    },
    "type": {
      "code": "Other Meat",
      "desc": "Other Meat"
    },
    "weight": "7 oz",
    "UpcCode": "",
    "tax": 0.0,
    "spiceLevel": "",
    "aiselNo": "22",
    "store": "Market Basket",
    "weightType": "7 oz",
    "imageName": "5452.jpg",
    "defaultImage": "5452.jpg",
    "updatedTimestamp": "Jan 23, 2021 8:02:30 PM",
    "createdTimestamp": "Jan 23, 2021 8:02:30 PM",
    "isNewlyAdded": false,
    "isActive": true,
    "isDealsEnabled": false,
    "quantity": 0
  },
  {
    "id": 15019,
    "code": "Ban Unscented Invisible Solid Antiperspirant/Deodorant",
    "desc": "Ban Unscented Invisible Solid Antiperspirant/Deodorant",
    "shortDesc": "Ban Unscented Invisible Solid Antiperspirant/Deodorant",
    "tags": [
      "Deodorants"
    ],
    "categories": [
      {
        "code": "Personal Care",
        "desc": "Personal Care"
      }
    ],
    "subCategories": [
      {
        "code": "Personal Needs",
        "desc": "Personal Needs"
      }
    ],
    "brands": [
      {
        "code": "Ban",
        "desc": "Ban"
      }
    ],
    "price": {
      "basePrice": 4.24,
      "discountPrice": 4.24
    },
    "type": {
      "code": "Deodorants",
      "desc": "Deodorants"
    },
    "weight": "2.6 oz",
    "UpcCode": "",
    "tax": 1.0,
    "spiceLevel": "",
    "aiselNo": "13",
    "store": "Market Basket",
    "weightType": "2.6 oz",
    "imageName": "6321.jpg",
    "defaultImage": "6321.jpg",
    "updatedTimestamp": "Jan 23, 2021 8:02:30 PM",
    "createdTimestamp": "Jan 23, 2021 8:02:30 PM",
    "isNewlyAdded": false,
    "isActive": true,
    "isDealsEnabled": false,
    "quantity": 0
  },
  {
    "id": 565,
    "code": "Persil ProClean plus Odor Fighter Detergent Deep Clean 20 Loads",
    "desc": "Persil ProClean plus Odor Fighter Detergent Deep Clean 20 Loads",
    "shortDesc": "Persil ProClean plus Odor Fighter Detergent Deep Clean 20 Loads",
    "tags": [
      "Laundry Detergent"
    ],
    "categories": [
      {
        "code": "Laundry & Paper Goods",
        "desc": "Laundry & Paper Goods"
      }
    ],
    "subCategories": [
      {
        "code": "Laundry",
        "desc": "Laundry"
      }
    ],
    "brands": [
      {
        "code": "Persil",
        "desc": "Persil"
      }
    ],
    "price": {
      "basePrice": 7.49,
      "discountPrice": 7.49
    },
    "type": {
      "code": "Laundry Detergent",
      "desc": "Laundry Detergent"
    },
    "weight": "40 fl oz",
    "UpcCode": "",
    "tax": 1.0,
    "spiceLevel": "",
    "aiselNo": "15",
    "store": "Market Basket",
    "weightType": "40 fl oz",
    "imageName": "No Image.jpg",
    "defaultImage": "No Image.jpg",
    "updatedTimestamp": "Jan 23, 2021 8:02:30 PM",
    "createdTimestamp": "Jan 23, 2021 8:02:30 PM",
    "isNewlyAdded": false,
    "isActive": true,
    "isDealsEnabled": false,
    "quantity": 0
  },
  {
    "id": 508,
    "code": "Tide Pods Sport Odor Defense Laundry Detergent",
    "desc": "Tide Pods Sport Odor Defense Laundry Detergent",
    "shortDesc": "Tide Pods Sport Odor Defense Laundry Detergent",
    "tags": [
      "Laundry Detergent"
    ],
    "categories": [
      {
        "code": "Laundry & Paper Goods",
        "desc": "Laundry & Paper Goods"
      }
    ],
    "subCategories": [
      {
        "code": "Laundry",
        "desc": "Laundry"
      }
    ],
    "brands": [
      {
        "code": "Tide",
        "desc": "Tide"
      }
    ],
    "price": {
      "basePrice": 8.11,
      "discountPrice": 8.11
    },
    "type": {
      "code": "Laundry Detergent",
      "desc": "Laundry Detergent"
    },
    "weight": "411 g",
    "UpcCode": "",
    "tax": 1.0,
    "spiceLevel": "",
    "aiselNo": "15",
    "store": "Market Basket",
    "weightType": "411 g",
    "imageName": "No Image.jpg",
    "defaultImage": "No Image.jpg",
    "updatedTimestamp": "Jan 23, 2021 8:02:30 PM",
    "createdTimestamp": "Jan 23, 2021 8:02:30 PM",
    "isNewlyAdded": false,
    "isActive": true,
    "isDealsEnabled": false,
    "quantity": 0
  },
  {
    "id": 5180,
    "code": "Good Thins Three Cheese flavoured Rice Snacks Gluten Free",
    "desc": "Good Thins Three Cheese flavoured Rice Snacks Gluten Free",
    "shortDesc": "Good Thins Three Cheese flavoured Rice Snacks Gluten Free",
    "tags": [
      "Crackers"
    ],
    "categories": [
      {
        "code": "Chips, Cookies & Snacks",
        "desc": "Chips, Cookies & Snacks"
      }
    ],
    "subCategories": [
      {
        "code": "Cookies & Crackers",
        "desc": "Cookies & Crackers"
      }
    ],
    "brands": [
      {
        "code": "Good Thins",
        "desc": "Good Thins"
      }
    ],
    "price": {
      "basePrice": 5.47,
      "discountPrice": 5.47
    },
    "type": {
      "code": "Crackers",
      "desc": "Crackers"
    },
    "weight": "3.5 oz",
    "UpcCode": "",
    "tax": 0.0,
    "spiceLevel": "",
    "aiselNo": "6",
    "store": "Market Basket",
    "weightType": "3.5 oz",
    "imageName": "No Image.jpg",
    "defaultImage": "No Image.jpg",
    "updatedTimestamp": "Jan 23, 2021 8:02:30 PM",
    "createdTimestamp": "Jan 23, 2021 8:02:30 PM",
    "isNewlyAdded": false,
    "isActive": true,
    "isDealsEnabled": false,
    "quantity": 0
  },
  {
    "id": 9879,
    "code": "Market Basket Quick And Steamy Green Peas",
    "desc": "Market Basket Quick And Steamy Green Peas",
    "shortDesc": "Market Basket Quick And Steamy Green Peas",
    "tags": [
      "Frozen Produce"
    ],
    "categories": [
      {
        "code": "Frozen Food",
        "desc": "Frozen Food"
      }
    ],
    "subCategories": [
      {
        "code": "Frozen Produce",
        "desc": "Frozen Produce"
      }
    ],
    "brands": [
      {
        "code": "Market Basket",
        "desc": "Market Basket"
      }
    ],
    "price": {
      "basePrice": 1.29,
      "discountPrice": 1.29
    },
    "type": {
      "code": "Frozen Produce",
      "desc": "Frozen Produce"
    },
    "weight": "12 oz",
    "UpcCode": "",
    "tax": 0.0,
    "spiceLevel": "",
    "aiselNo": "19",
    "store": "Market Basket",
    "weightType": "12 oz",
    "imageName": "Market Basket.jpg",
    "defaultImage": "Market Basket.jpg",
    "updatedTimestamp": "Jan 23, 2021 8:02:30 PM",
    "createdTimestamp": "Jan 23, 2021 8:02:30 PM",
    "isNewlyAdded": false,
    "isActive": true,
    "isDealsEnabled": false,
    "quantity": 0
  },
  {
    "id": 14521,
    "code": "Bigelow Classic Green Tea",
    "desc": "Bigelow Classic Green Tea",
    "shortDesc": "Bigelow Classic Green Tea",
    "tags": [
      "Tea"
    ],
    "categories": [
      {
        "code": "Breakfast & Dairy",
        "desc": "Breakfast & Dairy"
      }
    ],
    "subCategories": [
      {
        "code": "Tea & Coffee",
        "desc": "Tea & Coffee"
      }
    ],
    "brands": [
      {
        "code": "Bigelow ",
        "desc": "Bigelow "
      }
    ],
    "price": {
      "basePrice": 4.89,
      "discountPrice": 4.89
    },
    "type": {
      "code": "Tea",
      "desc": "Tea"
    },
    "weight": "40 count",
    "UpcCode": "",
    "tax": 0.0,
    "spiceLevel": "",
    "aiselNo": "8",
    "store": "Market Basket",
    "weightType": "40 count",
    "imageName": "3426.jpg",
    "defaultImage": "3426.jpg",
    "updatedTimestamp": "Jan 23, 2021 8:02:30 PM",
    "createdTimestamp": "Jan 23, 2021 8:02:30 PM",
    "isNewlyAdded": false,
    "isActive": true,
    "isDealsEnabled": false,
    "quantity": 0
  },
  {
    "id": 7685,
    "code": "Bush's Best Baked Beans Boston Recipe",
    "desc": "Bush's Best Baked Beans Boston Recipe",
    "shortDesc": "Bush's Best Baked Beans Boston Recipe",
    "tags": [
      "Canned Meals & Beans"
    ],
    "categories": [
      {
        "code": "Cooking Needs",
        "desc": "Cooking Needs"
      }
    ],
    "subCategories": [
      {
        "code": "Canned Food",
        "desc": "Canned Food"
      }
    ],
    "brands": [
      {
        "code": "B & M",
        "desc": "B & M"
      }
    ],
    "price": {
      "basePrice": 1.69,
      "discountPrice": 1.69
    },
    "type": {
      "code": "Canned Meals & Beans",
      "desc": "Canned Meals & Beans"
    },
    "weight": "16 oz",
    "UpcCode": "",
    "tax": 0.0,
    "spiceLevel": "",
    "aiselNo": "2",
    "store": "Market Basket",
    "weightType": "16 oz",
    "imageName": "5127.jpg",
    "defaultImage": "5127.jpg",
    "updatedTimestamp": "Jan 23, 2021 8:02:30 PM",
    "createdTimestamp": "Jan 23, 2021 8:02:30 PM",
    "isNewlyAdded": false,
    "isActive": true,
    "isDealsEnabled": false,
    "quantity": 0
  },
  {
    "id": 5007,
    "code": "Utz The Crab Chip Potato Chips",
    "desc": "Utz The Crab Chip Potato Chips",
    "shortDesc": "Utz The Crab Chip Potato Chips",
    "tags": [
      "Chips & Pretzels"
    ],
    "categories": [
      {
        "code": "Chips, Cookies & Snacks",
        "desc": "Chips, Cookies & Snacks"
      }
    ],
    "subCategories": [
      {
        "code": "Chips & Fruit Snacks",
        "desc": "Chips & Fruit Snacks"
      }
    ],
    "brands": [
      {
        "code": "Utz",
        "desc": "Utz"
      }
    ],
    "price": {
      "basePrice": 4.69,
      "discountPrice": 4.69
    },
    "type": {
      "code": "Chips & Pretzels",
      "desc": "Chips & Pretzels"
    },
    "weight": "9 oz",
    "UpcCode": "",
    "tax": 0.0,
    "spiceLevel": "",
    "aiselNo": "0",
    "store": "Market Basket",
    "weightType": "9 oz",
    "imageName": "No Image.jpg",
    "defaultImage": "No Image.jpg",
    "updatedTimestamp": "Jan 23, 2021 8:02:30 PM",
    "createdTimestamp": "Jan 23, 2021 8:02:30 PM",
    "isNewlyAdded": false,
    "isActive": true,
    "isDealsEnabled": false,
    "quantity": 0
  },
  {
    "id": 4331,
    "code": "Smithfield Smoked Pork Neck Bones",
    "desc": "Smithfield Smoked Pork Neck Bones",
    "shortDesc": "Smithfield Smoked Pork Neck Bones",
    "tags": [
      "Pork"
    ],
    "categories": [
      {
        "code": "Meat & Seafood",
        "desc": "Meat & Seafood"
      }
    ],
    "subCategories": [
      {
        "code": "Meat & Seafood Counter",
        "desc": "Meat & Seafood Counter"
      }
    ],
    "brands": [
      {
        "code": "Smithfield",
        "desc": "Smithfield"
      }
    ],
    "price": {
      "basePrice": 2.39,
      "discountPrice": 2.39
    },
    "type": {
      "code": "Pork",
      "desc": "Pork"
    },
    "weight": "1 lb",
    "UpcCode": "",
    "tax": 0.0,
    "spiceLevel": "",
    "aiselNo": "22",
    "store": "Market Basket",
    "weightType": "1 lb",
    "imageName": "No Image.jpg",
    "defaultImage": "No Image.jpg",
    "updatedTimestamp": "Jan 23, 2021 8:02:30 PM",
    "createdTimestamp": "Jan 23, 2021 8:02:30 PM",
    "isNewlyAdded": false,
    "isActive": true,
    "isDealsEnabled": false,
    "quantity": 0
  },
  {
    "id": 14384,
    "code": "Gevalia Medium Roast Columbia Arabica Ground Coffee",
    "desc": "Gevalia Medium Roast Columbia Arabica Ground Coffee",
    "shortDesc": "Gevalia Medium Roast Columbia Arabica Ground Coffee",
    "tags": [
      "Coffee"
    ],
    "categories": [
      {
        "code": "Breakfast & Dairy",
        "desc": "Breakfast & Dairy"
      }
    ],
    "subCategories": [
      {
        "code": "Tea & Coffee",
        "desc": "Tea & Coffee"
      }
    ],
    "brands": [
      {
        "code": "Gevalia",
        "desc": "Gevalia"
      }
    ],
    "price": {
      "basePrice": 7.39,
      "discountPrice": 7.39
    },
    "type": {
      "code": "Coffee",
      "desc": "Coffee"
    },
    "weight": "12 oz",
    "UpcCode": "",
    "tax": 0.0,
    "spiceLevel": "",
    "aiselNo": "8",
    "store": "Market Basket",
    "weightType": "12 oz",
    "imageName": "16300.jpg",
    "defaultImage": "16300.jpg",
    "updatedTimestamp": "Jan 23, 2021 8:02:30 PM",
    "createdTimestamp": "Jan 23, 2021 8:02:30 PM",
    "isNewlyAdded": false,
    "isActive": true,
    "isDealsEnabled": false,
    "quantity": 0
  },
  {
    "id": 5966,
    "code": "Lipton Iced Tea Lemon",
    "desc": "Lipton Iced Tea Lemon",
    "shortDesc": "Lipton Iced Tea Lemon",
    "tags": [
      "Cocoa & Drink Mixes"
    ],
    "categories": [
      {
        "code": "Beverages & Juices",
        "desc": "Beverages & Juices"
      }
    ],
    "subCategories": [
      {
        "code": "Cocoa & Drink Mixes",
        "desc": "Cocoa & Drink Mixes"
      }
    ],
    "brands": [
      {
        "code": "Lipton",
        "desc": "Lipton"
      }
    ],
    "price": {
      "basePrice": 4.99,
      "discountPrice": 4.99
    },
    "type": {
      "code": "Cocoa & Drink Mixes",
      "desc": "Cocoa & Drink Mixes"
    },
    "weight": "23.6 oz",
    "UpcCode": "",
    "tax": 0.0,
    "spiceLevel": "",
    "aiselNo": "17",
    "store": "Market Basket",
    "weightType": "23.6 oz",
    "imageName": "No Image.jpg",
    "defaultImage": "No Image.jpg",
    "updatedTimestamp": "Jan 23, 2021 8:02:29 PM",
    "createdTimestamp": "Jan 23, 2021 8:02:29 PM",
    "isNewlyAdded": false,
    "isActive": true,
    "isDealsEnabled": false,
    "quantity": 0
  },
  {
    "id": 5668,
    "code": "Orbit Wrigley's Orbit Sugarfree Gum Spearmint 55 CT",
    "desc": "Orbit Wrigley's Orbit Sugarfree Gum Spearmint 55 CT",
    "shortDesc": "Orbit Wrigley's Orbit Sugarfree Gum Spearmint 55 CT",
    "tags": [
      "Mint & Gum"
    ],
    "categories": [
      {
        "code": "Chips, Cookies & Snacks",
        "desc": "Chips, Cookies & Snacks"
      }
    ],
    "subCategories": [
      {
        "code": "Candy & Chocolates",
        "desc": "Candy & Chocolates"
      }
    ],
    "brands": [
      {
        "code": "Orbit",
        "desc": "Orbit"
      }
    ],
    "price": {
      "basePrice": 3.69,
      "discountPrice": 3.69
    },
    "type": {
      "code": "Mint & Gum",
      "desc": "Mint & Gum"
    },
    "weight": "55 ct",
    "UpcCode": "",
    "tax": 0.0,
    "spiceLevel": "",
    "aiselNo": "3",
    "store": "Market Basket",
    "weightType": "55 ct",
    "imageName": "1493.jpg",
    "defaultImage": "1493.jpg",
    "updatedTimestamp": "Jan 23, 2021 8:02:30 PM",
    "createdTimestamp": "Jan 23, 2021 8:02:30 PM",
    "isNewlyAdded": false,
    "isActive": true,
    "isDealsEnabled": false,
    "quantity": 0
  },
  {
    "id": 13929,
    "code": "Belgioioso Parmesan Cheese",
    "desc": "Belgioioso Parmesan Cheese",
    "shortDesc": "Belgioioso Parmesan Cheese",
    "tags": [
      "Specialty Cheeses"
    ],
    "categories": [
      {
        "code": "Breakfast & Dairy",
        "desc": "Breakfast & Dairy"
      }
    ],
    "subCategories": [
      {
        "code": "Dairy & Eggs",
        "desc": "Dairy & Eggs"
      }
    ],
    "brands": [
      {
        "code": "BelGioioso",
        "desc": "BelGioioso"
      }
    ],
    "price": {
      "basePrice": 6.69,
      "discountPrice": 6.69
    },
    "type": {
      "code": "Specialty Cheeses",
      "desc": "Specialty Cheeses"
    },
    "weight": "12 oz",
    "UpcCode": "",
    "tax": 0.0,
    "spiceLevel": "",
    "aiselNo": "1",
    "store": "Market Basket",
    "weightType": "12 oz",
    "imageName": "Market Basket.jpg",
    "defaultImage": "Market Basket.jpg",
    "updatedTimestamp": "Jan 23, 2021 8:02:30 PM",
    "createdTimestamp": "Jan 23, 2021 8:02:30 PM",
    "isNewlyAdded": false,
    "isActive": true,
    "isDealsEnabled": false,
    "quantity": 0
  },
  {
    "id": 5571,
    "code": "Rolo Unwrapped Mini Chewy Caramels In Milk Chocolate",
    "desc": "Rolo Unwrapped Mini Chewy Caramels In Milk Chocolate",
    "shortDesc": "Rolo Unwrapped Mini Chewy Caramels In Milk Chocolate",
    "tags": [
      "Candy & Chocolate"
    ],
    "categories": [
      {
        "code": "Chips, Cookies & Snacks",
        "desc": "Chips, Cookies & Snacks"
      }
    ],
    "subCategories": [
      {
        "code": "Candy & Chocolates",
        "desc": "Candy & Chocolates"
      }
    ],
    "brands": [
      {
        "code": "Rolo",
        "desc": "Rolo"
      }
    ],
    "price": {
      "basePrice": 3.69,
      "discountPrice": 3.69
    },
    "type": {
      "code": "Candy & Chocolate",
      "desc": "Candy & Chocolate"
    },
    "weight": "9.8 oz",
    "UpcCode": "",
    "tax": 0.0,
    "spiceLevel": "",
    "aiselNo": "3",
    "store": "Market Basket",
    "weightType": "9.8 oz",
    "imageName": "No Image.jpg",
    "defaultImage": "No Image.jpg",
    "updatedTimestamp": "Jan 23, 2021 8:02:30 PM",
    "createdTimestamp": "Jan 23, 2021 8:02:30 PM",
    "isNewlyAdded": false,
    "isActive": true,
    "isDealsEnabled": false,
    "quantity": 0
  },
  {
    "id": 7228,
    "code": "Goya Sazon Coriander & Annatto Seasoning",
    "desc": "Goya Sazon Coriander & Annatto Seasoning",
    "shortDesc": "Goya Sazon Coriander & Annatto Seasoning",
    "tags": [
      "Spices & Seasonings"
    ],
    "categories": [
      {
        "code": "Cooking Needs",
        "desc": "Cooking Needs"
      }
    ],
    "subCategories": [
      {
        "code": "Spices & Seasonings",
        "desc": "Spices & Seasonings"
      }
    ],
    "brands": [
      {
        "code": "Goya",
        "desc": "Goya"
      }
    ],
    "price": {
      "basePrice": 3.09,
      "discountPrice": 3.09
    },
    "type": {
      "code": "Spices & Seasonings",
      "desc": "Spices & Seasonings"
    },
    "weight": "3.52 oz",
    "UpcCode": "",
    "tax": 0.0,
    "spiceLevel": "",
    "aiselNo": "9",
    "store": "Market Basket",
    "weightType": "3.52 oz",
    "imageName": "2242.jpg",
    "defaultImage": "2242.jpg",
    "updatedTimestamp": "Jan 23, 2021 8:02:30 PM",
    "createdTimestamp": "Jan 23, 2021 8:02:30 PM",
    "isNewlyAdded": false,
    "isActive": true,
    "isDealsEnabled": false,
    "quantity": 0
  },
  {
    "id": 10051,
    "code": "Friendly's Signature Black Raspberry Ice Cream Bars",
    "desc": "Friendly's Signature Black Raspberry Ice Cream Bars",
    "shortDesc": "Friendly's Signature Black Raspberry Ice Cream Bars",
    "tags": [
      "Ice Cream & Ice"
    ],
    "categories": [
      {
        "code": "Frozen Food",
        "desc": "Frozen Food"
      }
    ],
    "subCategories": [
      {
        "code": "Ice Cream & Ice",
        "desc": "Ice Cream & Ice"
      }
    ],
    "brands": [
      {
        "code": "Friendly's",
        "desc": "Friendly's"
      }
    ],
    "price": {
      "basePrice": 3.69,
      "discountPrice": 3.69
    },
    "type": {
      "code": "Ice Cream & Ice",
      "desc": "Ice Cream & Ice"
    },
    "weight": "6 x 2.75 fl oz",
    "UpcCode": "",
    "tax": 0.0,
    "spiceLevel": "",
    "aiselNo": "21",
    "store": "Market Basket",
    "weightType": "6 x 2.75 fl oz",
    "imageName": "3044.jpg",
    "defaultImage": "3044.jpg",
    "updatedTimestamp": "Jan 23, 2021 8:02:30 PM",
    "createdTimestamp": "Jan 23, 2021 8:02:30 PM",
    "isNewlyAdded": false,
    "isActive": true,
    "isDealsEnabled": false,
    "quantity": 0
  },
  {
    "id": 7937,
    "code": "Campbell's Chunky Soup, Grilled Chicken & Sausage Gumbo",
    "desc": "Campbell's Chunky Soup, Grilled Chicken & Sausage Gumbo",
    "shortDesc": "Campbell's Chunky Soup, Grilled Chicken & Sausage Gumbo",
    "tags": [
      "Soup, Broth & Bouillon"
    ],
    "categories": [
      {
        "code": "Cooking Needs",
        "desc": "Cooking Needs"
      }
    ],
    "subCategories": [
      {
        "code": "Canned Food",
        "desc": "Canned Food"
      }
    ],
    "brands": [
      {
        "code": "Campbell's",
        "desc": "Campbell's"
      }
    ],
    "price": {
      "basePrice": 3.09,
      "discountPrice": 3.09
    },
    "type": {
      "code": "Soup, Broth & Bouillon",
      "desc": "Soup, Broth & Bouillon"
    },
    "weight": "18.8 oz",
    "UpcCode": "",
    "tax": 0.0,
    "spiceLevel": "",
    "aiselNo": "2",
    "store": "Market Basket",
    "weightType": "18.8 oz",
    "imageName": "18092.jpg",
    "defaultImage": "18092.jpg",
    "updatedTimestamp": "Jan 23, 2021 8:02:30 PM",
    "createdTimestamp": "Jan 23, 2021 8:02:30 PM",
    "isNewlyAdded": false,
    "isActive": true,
    "isDealsEnabled": false,
    "quantity": 0
  },
  {
    "id": 8344,
    "code": "Wholly Avocado 100% Chunky Avocado Minis",
    "desc": "Wholly Avocado 100% Chunky Avocado Minis",
    "shortDesc": "Wholly Avocado 100% Chunky Avocado Minis",
    "tags": [
      "Fresh Dips & Tapenades"
    ],
    "categories": [
      {
        "code": "Condiments & Dressings",
        "desc": "Condiments & Dressings"
      }
    ],
    "subCategories": [
      {
        "code": "Fresh Dips & Tapenades",
        "desc": "Fresh Dips & Tapenades"
      }
    ],
    "brands": [
      {
        "code": "Wholly Avocado",
        "desc": "Wholly Avocado"
      }
    ],
    "price": {
      "basePrice": 3.89,
      "discountPrice": 3.89
    },
    "type": {
      "code": "Fresh Dips & Tapenades",
      "desc": "Fresh Dips & Tapenades"
    },
    "weight": "4 x 2 oz",
    "UpcCode": "",
    "tax": 0.0,
    "spiceLevel": "",
    "aiselNo": "1",
    "store": "Market Basket",
    "weightType": "4 x 2 oz",
    "imageName": "17320.jpg",
    "defaultImage": "17320.jpg",
    "updatedTimestamp": "Jan 23, 2021 8:02:30 PM",
    "createdTimestamp": "Jan 23, 2021 8:02:30 PM",
    "isNewlyAdded": false,
    "isActive": true,
    "isDealsEnabled": false,
    "quantity": 0
  },
  {
    "id": 9722,
    "code": "Market Basket Thin & Crispy Pizza Crusts",
    "desc": "Market Basket Thin & Crispy Pizza Crusts",
    "shortDesc": "Market Basket Thin & Crispy Pizza Crusts",
    "tags": [
      "Frozen Pizza"
    ],
    "categories": [
      {
        "code": "Frozen Food",
        "desc": "Frozen Food"
      }
    ],
    "subCategories": [
      {
        "code": "Frozen Pizza",
        "desc": "Frozen Pizza"
      }
    ],
    "brands": [
      {
        "code": "Market Basket",
        "desc": "Market Basket"
      }
    ],
    "price": {
      "basePrice": 3.69,
      "discountPrice": 3.69
    },
    "type": {
      "code": "Frozen Pizza",
      "desc": "Frozen Pizza"
    },
    "weight": "16 oz",
    "UpcCode": "",
    "tax": 0.0,
    "spiceLevel": "",
    "aiselNo": "19",
    "store": "Market Basket",
    "weightType": "16 oz",
    "imageName": "Market Basket.jpg",
    "defaultImage": "Market Basket.jpg",
    "updatedTimestamp": "Jan 23, 2021 8:02:30 PM",
    "createdTimestamp": "Jan 23, 2021 8:02:30 PM",
    "isNewlyAdded": false,
    "isActive": true,
    "isDealsEnabled": false,
    "quantity": 0
  },
  {
    "id": 14943,
    "code": "TopCare Antacid Advanced Regular Strength Mint",
    "desc": "TopCare Antacid Advanced Regular Strength Mint",
    "shortDesc": "TopCare Antacid Advanced Regular Strength Mint",
    "tags": [
      "Digestion"
    ],
    "categories": [
      {
        "code": "Personal Care",
        "desc": "Personal Care"
      }
    ],
    "subCategories": [
      {
        "code": "First Aid & Healthcare",
        "desc": "First Aid & Healthcare"
      }
    ],
    "brands": [
      {
        "code": "Topcare",
        "desc": "Topcare"
      }
    ],
    "price": {
      "basePrice": 4.82,
      "discountPrice": 4.82
    },
    "type": {
      "code": "Digestion",
      "desc": "Digestion"
    },
    "weight": "12 fl oz",
    "UpcCode": "",
    "tax": 1.0,
    "spiceLevel": "",
    "aiselNo": "13",
    "store": "Market Basket",
    "weightType": "12 fl oz",
    "imageName": "6656.jpg",
    "defaultImage": "6656.jpg",
    "updatedTimestamp": "Jan 23, 2021 8:02:30 PM",
    "createdTimestamp": "Jan 23, 2021 8:02:30 PM",
    "isNewlyAdded": false,
    "isActive": true,
    "isDealsEnabled": false,
    "quantity": 0
  },
  {
    "id": 4789,
    "code": "Market Basket Cod Fillets",
    "desc": "Market Basket Cod Fillets",
    "shortDesc": "Market Basket Cod Fillets",
    "tags": [
      "Frozen Fish (All)"
    ],
    "categories": [
      {
        "code": "Meat & Seafood",
        "desc": "Meat & Seafood"
      }
    ],
    "subCategories": [
      {
        "code": "Frozen Meat & Seafood",
        "desc": "Frozen Meat & Seafood"
      }
    ],
    "brands": [
      {
        "code": "Market Basket",
        "desc": "Market Basket"
      }
    ],
    "price": {
      "basePrice": 8.59,
      "discountPrice": 8.59
    },
    "type": {
      "code": "Frozen Fish (All)",
      "desc": "Frozen Fish (All)"
    },
    "weight": "16 oz",
    "UpcCode": "",
    "tax": 0.0,
    "spiceLevel": "",
    "aiselNo": "18",
    "store": "Market Basket",
    "weightType": "16 oz",
    "imageName": "2866.jpg",
    "defaultImage": "2866.jpg",
    "updatedTimestamp": "Jan 23, 2021 8:02:30 PM",
    "createdTimestamp": "Jan 23, 2021 8:02:30 PM",
    "isNewlyAdded": false,
    "isActive": true,
    "isDealsEnabled": false,
    "quantity": 0
  },
  {
    "id": 6008,
    "code": "NOS High Performance Energy Drink",
    "desc": "NOS High Performance Energy Drink",
    "shortDesc": "NOS High Performance Energy Drink",
    "tags": [
      "Energy & Sports Drinks"
    ],
    "categories": [
      {
        "code": "Beverages & Juices",
        "desc": "Beverages & Juices"
      }
    ],
    "subCategories": [
      {
        "code": "Energy & Sports Drinks",
        "desc": "Energy & Sports Drinks"
      }
    ],
    "brands": [
      {
        "code": "NOS",
        "desc": "NOS"
      }
    ],
    "price": {
      "basePrice": 2.09,
      "discountPrice": 2.09
    },
    "type": {
      "code": "Energy & Sports Drinks",
      "desc": "Energy & Sports Drinks"
    },
    "weight": "16 fl oz",
    "UpcCode": "",
    "tax": 0.0,
    "spiceLevel": "",
    "aiselNo": "17",
    "store": "Market Basket",
    "weightType": "16 fl oz",
    "imageName": "No Image.jpg",
    "defaultImage": "No Image.jpg",
    "updatedTimestamp": "Jan 23, 2021 8:02:29 PM",
    "createdTimestamp": "Jan 23, 2021 8:02:29 PM",
    "isNewlyAdded": false,
    "isActive": true,
    "isDealsEnabled": false,
    "quantity": 0
  },
  {
    "id": 7435,
    "code": "Gefen Cucumbers In Brine",
    "desc": "Gefen Cucumbers In Brine",
    "shortDesc": "Gefen Cucumbers In Brine",
    "tags": [
      "Canned & Jarred Vegetables"
    ],
    "categories": [
      {
        "code": "Cooking Needs",
        "desc": "Cooking Needs"
      }
    ],
    "subCategories": [
      {
        "code": "Canned Food",
        "desc": "Canned Food"
      }
    ],
    "brands": [
      {
        "code": "Gefen",
        "desc": "Gefen"
      }
    ],
    "price": {
      "basePrice": 3.09,
      "discountPrice": 3.09
    },
    "type": {
      "code": "Canned & Jarred Vegetables",
      "desc": "Canned & Jarred Vegetables"
    },
    "weight": "19 oz",
    "UpcCode": "",
    "tax": 0.0,
    "spiceLevel": "",
    "aiselNo": "9",
    "store": "Market Basket",
    "weightType": "19 oz",
    "imageName": "17081.jpg",
    "defaultImage": "17081.jpg",
    "updatedTimestamp": "Jan 23, 2021 8:02:30 PM",
    "createdTimestamp": "Jan 23, 2021 8:02:30 PM",
    "isNewlyAdded": false,
    "isActive": true,
    "isDealsEnabled": false,
    "quantity": 0
  },
  {
    "id": 13674,
    "code": "Stella Fresh Feta Cheese Chunks",
    "desc": "Stella Fresh Feta Cheese Chunks",
    "shortDesc": "Stella Fresh Feta Cheese Chunks",
    "tags": [
      "Packaged Cheese"
    ],
    "categories": [
      {
        "code": "Breakfast & Dairy",
        "desc": "Breakfast & Dairy"
      }
    ],
    "subCategories": [
      {
        "code": "Dairy & Eggs",
        "desc": "Dairy & Eggs"
      }
    ],
    "brands": [
      {
        "code": "Stella",
        "desc": "Stella"
      }
    ],
    "price": {
      "basePrice": 4.89,
      "discountPrice": 4.89
    },
    "type": {
      "code": "Packaged Cheese",
      "desc": "Packaged Cheese"
    },
    "weight": "1 lb",
    "UpcCode": "",
    "tax": 0.0,
    "spiceLevel": "",
    "aiselNo": "1",
    "store": "Market Basket",
    "weightType": "1 lb",
    "imageName": "14596.jpg",
    "defaultImage": "14596.jpg",
    "updatedTimestamp": "Jan 23, 2021 8:02:30 PM",
    "createdTimestamp": "Jan 23, 2021 8:02:30 PM",
    "isNewlyAdded": false,
    "isActive": true,
    "isDealsEnabled": false,
    "quantity": 0
  },
  {
    "id": 5936,
    "code": "Angostura Aromatic Bitters",
    "desc": "Angostura Aromatic Bitters",
    "shortDesc": "Angostura Aromatic Bitters",
    "tags": [
      "Cocoa & Drink Mixes"
    ],
    "categories": [
      {
        "code": "Beverages & Juices",
        "desc": "Beverages & Juices"
      }
    ],
    "subCategories": [
      {
        "code": "Cocoa & Drink Mixes",
        "desc": "Cocoa & Drink Mixes"
      }
    ],
    "brands": [
      {
        "code": "Angostura",
        "desc": "Angostura"
      }
    ],
    "price": {
      "basePrice": 9.99,
      "discountPrice": 9.99
    },
    "type": {
      "code": "Cocoa & Drink Mixes",
      "desc": "Cocoa & Drink Mixes"
    },
    "weight": "4 fl oz",
    "UpcCode": "",
    "tax": 0.0,
    "spiceLevel": "",
    "aiselNo": "17",
    "store": "Market Basket",
    "weightType": "4 fl oz",
    "imageName": "No Image.jpg",
    "defaultImage": "No Image.jpg",
    "updatedTimestamp": "Jan 23, 2021 8:02:29 PM",
    "createdTimestamp": "Jan 23, 2021 8:02:29 PM",
    "isNewlyAdded": false,
    "isActive": true,
    "isDealsEnabled": false,
    "quantity": 0
  },
  {
    "id": 7085,
    "code": "Palermo's Extra Virgin Olive Oil",
    "desc": "Palermo's Extra Virgin Olive Oil",
    "shortDesc": "Palermo's Extra Virgin Olive Oil",
    "tags": [
      "Oils & Vinegars"
    ],
    "categories": [
      {
        "code": "Cooking Needs",
        "desc": "Cooking Needs"
      }
    ],
    "subCategories": [
      {
        "code": "Oils & Vinegars",
        "desc": "Oils & Vinegars"
      }
    ],
    "brands": [
      {
        "code": "Palermo's",
        "desc": "Palermo's"
      }
    ],
    "price": {
      "basePrice": 12.19,
      "discountPrice": 12.19
    },
    "type": {
      "code": "Oils & Vinegars",
      "desc": "Oils & Vinegars"
    },
    "weight": "48 fl oz",
    "UpcCode": "",
    "tax": 0.0,
    "spiceLevel": "",
    "aiselNo": "2",
    "store": "Market Basket",
    "weightType": "48 fl oz",
    "imageName": "15528.jpg",
    "defaultImage": "15528.jpg",
    "updatedTimestamp": "Jan 23, 2021 8:02:30 PM",
    "createdTimestamp": "Jan 23, 2021 8:02:30 PM",
    "isNewlyAdded": false,
    "isActive": true,
    "isDealsEnabled": false,
    "quantity": 0
  },
  {
    "id": 3788,
    "code": "Organic D'Anjou Pears",
    "desc": "Organic D'Anjou Pears",
    "shortDesc": "Organic D'Anjou Pears",
    "tags": [
      "Pear"
    ],
    "categories": [
      {
        "code": "Fresh Produce",
        "desc": "Fresh Produce"
      }
    ],
    "subCategories": [
      {
        "code": "Fresh Organic Fruits",
        "desc": "Fresh Organic Fruits"
      }
    ],
    "brands": [
      {
        "code": "Market Basket",
        "desc": "Market Basket"
      }
    ],
    "price": {
      "basePrice": 1.44,
      "discountPrice": 1.44
    },
    "type": {
      "code": "Pear",
      "desc": "Pear"
    },
    "weight": "1 count",
    "UpcCode": "",
    "tax": 0.0,
    "spiceLevel": "",
    "aiselNo": "20",
    "store": "Market Basket",
    "weightType": "1 count",
    "imageName": "14226.jpg",
    "defaultImage": "14226.jpg",
    "updatedTimestamp": "Jan 23, 2021 8:02:30 PM",
    "createdTimestamp": "Jan 23, 2021 8:02:30 PM",
    "isNewlyAdded": false,
    "isActive": true,
    "isDealsEnabled": false,
    "quantity": 0
  },
  {
    "id": 15155,
    "code": "Arm & Hammer Spinbrush Pro Series Ultra White Soft",
    "desc": "Arm & Hammer Spinbrush Pro Series Ultra White Soft",
    "shortDesc": "Arm & Hammer Spinbrush Pro Series Ultra White Soft",
    "tags": [
      "Oral Hygiene"
    ],
    "categories": [
      {
        "code": "Personal Care",
        "desc": "Personal Care"
      }
    ],
    "subCategories": [
      {
        "code": "Personal Needs",
        "desc": "Personal Needs"
      }
    ],
    "brands": [
      {
        "code": "Arm & Hammer",
        "desc": "Arm & Hammer"
      }
    ],
    "price": {
      "basePrice": 12.64,
      "discountPrice": 12.64
    },
    "type": {
      "code": "Oral Hygiene",
      "desc": "Oral Hygiene"
    },
    "weight": "1 count",
    "UpcCode": "",
    "tax": 1.0,
    "spiceLevel": "",
    "aiselNo": "13",
    "store": "Market Basket",
    "weightType": "1 count",
    "imageName": "6438.jpg",
    "defaultImage": "6438.jpg",
    "updatedTimestamp": "Jan 23, 2021 8:02:30 PM",
    "createdTimestamp": "Jan 23, 2021 8:02:30 PM",
    "isNewlyAdded": false,
    "isActive": true,
    "isDealsEnabled": false,
    "quantity": 0
  },
  {
    "id": 9058,
    "code": "Smucker's Sugar Free Preserves Blueberry",
    "desc": "Smucker's Sugar Free Preserves Blueberry",
    "shortDesc": "Smucker's Sugar Free Preserves Blueberry",
    "tags": [
      "Spreads"
    ],
    "categories": [
      {
        "code": "Condiments & Dressings",
        "desc": "Condiments & Dressings"
      }
    ],
    "subCategories": [
      {
        "code": "Preserved Dips & Spreads",
        "desc": "Preserved Dips & Spreads"
      }
    ],
    "brands": [
      {
        "code": "Smucker's",
        "desc": "Smucker's"
      }
    ],
    "price": {
      "basePrice": 2.99,
      "discountPrice": 2.99
    },
    "type": {
      "code": "Spreads",
      "desc": "Spreads"
    },
    "weight": "12.75 oz",
    "UpcCode": "",
    "tax": 0.0,
    "spiceLevel": "",
    "aiselNo": "3",
    "store": "Market Basket",
    "weightType": "12.75 oz",
    "imageName": "1629.jpg",
    "defaultImage": "1629.jpg",
    "updatedTimestamp": "Jan 23, 2021 8:02:30 PM",
    "createdTimestamp": "Jan 23, 2021 8:02:30 PM",
    "isNewlyAdded": false,
    "isActive": true,
    "isDealsEnabled": false,
    "quantity": 0
  },
  {
    "id": 3662,
    "code": "Honeydew Melon",
    "desc": "Honeydew Melon",
    "shortDesc": "Honeydew Melon",
    "tags": [
      "Honeydew Melon"
    ],
    "categories": [
      {
        "code": "Fresh Produce",
        "desc": "Fresh Produce"
      }
    ],
    "subCategories": [
      {
        "code": "Fresh Fruits",
        "desc": "Fresh Fruits"
      }
    ],
    "brands": [
      {
        "code": "Market Basket",
        "desc": "Market Basket"
      }
    ],
    "price": {
      "basePrice": 4.93,
      "discountPrice": 4.93
    },
    "type": {
      "code": "Honeydew Melon",
      "desc": "Honeydew Melon"
    },
    "weight": "1 count",
    "UpcCode": "",
    "tax": 0.0,
    "spiceLevel": "",
    "aiselNo": "20",
    "store": "Market Basket",
    "weightType": "1 count",
    "imageName": "14250.jpg",
    "defaultImage": "14250.jpg",
    "updatedTimestamp": "Jan 23, 2021 8:02:30 PM",
    "createdTimestamp": "Jan 23, 2021 8:02:30 PM",
    "isNewlyAdded": false,
    "isActive": true,
    "isDealsEnabled": false,
    "quantity": 0
  },
  {
    "id": 13842,
    "code": "Real Desserts Gelatin Snacks, Sugar Free",
    "desc": "Real Desserts Gelatin Snacks, Sugar Free",
    "shortDesc": "Real Desserts Gelatin Snacks, Sugar Free",
    "tags": [
      "Refrigerated Pudding & Desserts"
    ],
    "categories": [
      {
        "code": "Breakfast & Dairy",
        "desc": "Breakfast & Dairy"
      }
    ],
    "subCategories": [
      {
        "code": "Dairy & Eggs",
        "desc": "Dairy & Eggs"
      }
    ],
    "brands": [
      {
        "code": "Real Desserts",
        "desc": "Real Desserts"
      }
    ],
    "price": {
      "basePrice": 2.49,
      "discountPrice": 2.49
    },
    "type": {
      "code": "Refrigerated Pudding & Desserts",
      "desc": "Refrigerated Pudding & Desserts"
    },
    "weight": "8 count",
    "UpcCode": "",
    "tax": 0.0,
    "spiceLevel": "",
    "aiselNo": "19",
    "store": "Market Basket",
    "weightType": "8 count",
    "imageName": "833.jpg",
    "defaultImage": "833.jpg",
    "updatedTimestamp": "Jan 23, 2021 8:02:30 PM",
    "createdTimestamp": "Jan 23, 2021 8:02:30 PM",
    "isNewlyAdded": false,
    "isActive": true,
    "isDealsEnabled": false,
    "quantity": 0
  },
  {
    "id": 5407,
    "code": "Back to Nature Harvest Whole Wheat Wheat Cracker",
    "desc": "Back to Nature Harvest Whole Wheat Wheat Cracker",
    "shortDesc": "Back to Nature Harvest Whole Wheat Wheat Cracker",
    "tags": [
      "Crackers"
    ],
    "categories": [
      {
        "code": "Chips, Cookies & Snacks",
        "desc": "Chips, Cookies & Snacks"
      }
    ],
    "subCategories": [
      {
        "code": "Cookies & Crackers",
        "desc": "Cookies & Crackers"
      }
    ],
    "brands": [
      {
        "code": "Back to Nature",
        "desc": "Back to Nature"
      }
    ],
    "price": {
      "basePrice": 6.23,
      "discountPrice": 6.23
    },
    "type": {
      "code": "Crackers",
      "desc": "Crackers"
    },
    "weight": "8.5 oz",
    "UpcCode": "",
    "tax": 0.0,
    "spiceLevel": "",
    "aiselNo": "6",
    "store": "Market Basket",
    "weightType": "8.5 oz",
    "imageName": "No Image.jpg",
    "defaultImage": "No Image.jpg",
    "updatedTimestamp": "Jan 23, 2021 8:02:30 PM",
    "createdTimestamp": "Jan 23, 2021 8:02:30 PM",
    "isNewlyAdded": false,
    "isActive": true,
    "isDealsEnabled": false,
    "quantity": 0
  },
  {
    "id": 7107,
    "code": "Kernel Season's Movie Theater Butter",
    "desc": "Kernel Season's Movie Theater Butter",
    "shortDesc": "Kernel Season's Movie Theater Butter",
    "tags": [
      "Oils & Vinegars"
    ],
    "categories": [
      {
        "code": "Cooking Needs",
        "desc": "Cooking Needs"
      }
    ],
    "subCategories": [
      {
        "code": "Oils & Vinegars",
        "desc": "Oils & Vinegars"
      }
    ],
    "brands": [
      {
        "code": "Kernel Season's",
        "desc": "Kernel Season's"
      }
    ],
    "price": {
      "basePrice": 4.29,
      "discountPrice": 4.29
    },
    "type": {
      "code": "Oils & Vinegars",
      "desc": "Oils & Vinegars"
    },
    "weight": "13.75 fl oz",
    "UpcCode": "",
    "tax": 0.0,
    "spiceLevel": "",
    "aiselNo": "2",
    "store": "Market Basket",
    "weightType": "13.75 fl oz",
    "imageName": "15497.jpg",
    "defaultImage": "15497.jpg",
    "updatedTimestamp": "Jan 23, 2021 8:02:30 PM",
    "createdTimestamp": "Jan 23, 2021 8:02:30 PM",
    "isNewlyAdded": false,
    "isActive": true,
    "isDealsEnabled": false,
    "quantity": 0
  },
  {
    "id": 10020,
    "code": "Edy's/Dreyer's SLOW CHURNED Vanilla Bean Light Ice Cream",
    "desc": "Edy's/Dreyer's SLOW CHURNED Vanilla Bean Light Ice Cream",
    "shortDesc": "Edy's/Dreyer's SLOW CHURNED Vanilla Bean Light Ice Cream",
    "tags": [
      "Ice Cream & Ice"
    ],
    "categories": [
      {
        "code": "Frozen Food",
        "desc": "Frozen Food"
      }
    ],
    "subCategories": [
      {
        "code": "Ice Cream & Ice",
        "desc": "Ice Cream & Ice"
      }
    ],
    "brands": [
      {
        "code": "Edy's/dreyer's",
        "desc": "Edy's/dreyer's"
      }
    ],
    "price": {
      "basePrice": 1.29,
      "discountPrice": 1.29
    },
    "type": {
      "code": "Ice Cream & Ice",
      "desc": "Ice Cream & Ice"
    },
    "weight": "5.8 fl oz",
    "UpcCode": "",
    "tax": 0.0,
    "spiceLevel": "",
    "aiselNo": "21",
    "store": "Market Basket",
    "weightType": "5.8 fl oz",
    "imageName": "3033.jpg",
    "defaultImage": "3033.jpg",
    "updatedTimestamp": "Jan 23, 2021 8:02:30 PM",
    "createdTimestamp": "Jan 23, 2021 8:02:30 PM",
    "isNewlyAdded": false,
    "isActive": true,
    "isDealsEnabled": false,
    "quantity": 0
  },
  {
    "id": 13472,
    "code": "Hood Chocolate Lowfat Milk",
    "desc": "Hood Chocolate Lowfat Milk",
    "shortDesc": "Hood Chocolate Lowfat Milk",
    "tags": [
      "Milk"
    ],
    "categories": [
      {
        "code": "Breakfast & Dairy",
        "desc": "Breakfast & Dairy"
      }
    ],
    "subCategories": [
      {
        "code": "Dairy & Eggs",
        "desc": "Dairy & Eggs"
      }
    ],
    "brands": [
      {
        "code": "Hood",
        "desc": "Hood"
      }
    ],
    "price": {
      "basePrice": 4.36,
      "discountPrice": 4.36
    },
    "type": {
      "code": "Milk",
      "desc": "Milk"
    },
    "weight": "0.5 gal",
    "UpcCode": "",
    "tax": 0.0,
    "spiceLevel": "",
    "aiselNo": "1",
    "store": "Market Basket",
    "weightType": "0.5 gal",
    "imageName": "498.jpg",
    "defaultImage": "498.jpg",
    "updatedTimestamp": "Jan 23, 2021 8:02:30 PM",
    "createdTimestamp": "Jan 23, 2021 8:02:30 PM",
    "isNewlyAdded": false,
    "isActive": true,
    "isDealsEnabled": false,
    "quantity": 0
  },
  {
    "id": 3454,
    "code": "Value Basket Fresh Kiwi",
    "desc": "Value Basket Fresh Kiwi",
    "shortDesc": "Value Basket Fresh Kiwi",
    "tags": [
      "Kiwi"
    ],
    "categories": [
      {
        "code": "Fresh Produce",
        "desc": "Fresh Produce"
      }
    ],
    "subCategories": [
      {
        "code": "Fresh Fruits",
        "desc": "Fresh Fruits"
      }
    ],
    "brands": [
      {
        "code": "Market Basket",
        "desc": "Market Basket"
      }
    ],
    "price": {
      "basePrice": 5.49,
      "discountPrice": 5.49
    },
    "type": {
      "code": "Kiwi",
      "desc": "Kiwi"
    },
    "weight": "1 basket",
    "UpcCode": "",
    "tax": 0.0,
    "spiceLevel": "",
    "aiselNo": "20",
    "store": "Market Basket",
    "weightType": "1 basket",
    "imageName": "f32.jpg",
    "defaultImage": "f32.jpg",
    "updatedTimestamp": "Jan 23, 2021 8:02:30 PM",
    "createdTimestamp": "Jan 23, 2021 8:02:30 PM",
    "isNewlyAdded": false,
    "isActive": true,
    "isDealsEnabled": false,
    "quantity": 0
  },
  {
    "id": 6122,
    "code": "Fanta Orange Soda",
    "desc": "Fanta Orange Soda",
    "shortDesc": "Fanta Orange Soda",
    "tags": [
      "Soft Drinks"
    ],
    "categories": [
      {
        "code": "Beverages & Juices",
        "desc": "Beverages & Juices"
      }
    ],
    "subCategories": [
      {
        "code": "Soft Drinks & Seltzers",
        "desc": "Soft Drinks & Seltzers"
      }
    ],
    "brands": [
      {
        "code": "Fanta",
        "desc": "Fanta"
      }
    ],
    "price": {
      "basePrice": 1.24,
      "discountPrice": 1.24
    },
    "type": {
      "code": "Soft Drinks",
      "desc": "Soft Drinks"
    },
    "weight": "2 L",
    "UpcCode": "",
    "tax": 0.0,
    "spiceLevel": "",
    "aiselNo": "17",
    "store": "Market Basket",
    "weightType": "2 L",
    "imageName": "16605.jpg",
    "defaultImage": "16605.jpg",
    "updatedTimestamp": "Jan 23, 2021 8:02:30 PM",
    "createdTimestamp": "Jan 23, 2021 8:02:30 PM",
    "isNewlyAdded": false,
    "isActive": true,
    "isDealsEnabled": false,
    "quantity": 0
  },
  {
    "id": 15051,
    "code": "Secret Women's Aerosol Powder Fresh Scent Antiperspirant & Deodorant",
    "desc": "Secret Women's Aerosol Powder Fresh Scent Antiperspirant & Deodorant",
    "shortDesc": "Secret Women's Aerosol Powder Fresh Scent Antiperspirant & Deodorant",
    "tags": [
      "Deodorants"
    ],
    "categories": [
      {
        "code": "Personal Care",
        "desc": "Personal Care"
      }
    ],
    "subCategories": [
      {
        "code": "Personal Needs",
        "desc": "Personal Needs"
      }
    ],
    "brands": [
      {
        "code": "Secret",
        "desc": "Secret"
      }
    ],
    "price": {
      "basePrice": 4.24,
      "discountPrice": 4.24
    },
    "type": {
      "code": "Deodorants",
      "desc": "Deodorants"
    },
    "weight": "4 oz",
    "UpcCode": "",
    "tax": 1.0,
    "spiceLevel": "",
    "aiselNo": "13",
    "store": "Market Basket",
    "weightType": "4 oz",
    "imageName": "18121.jpg",
    "defaultImage": "18121.jpg",
    "updatedTimestamp": "Jan 23, 2021 8:02:30 PM",
    "createdTimestamp": "Jan 23, 2021 8:02:30 PM",
    "isNewlyAdded": false,
    "isActive": true,
    "isDealsEnabled": false,
    "quantity": 0
  },
  {
    "id": 10429,
    "code": "Goya Yellow Split Peas",
    "desc": "Goya Yellow Split Peas",
    "shortDesc": "Goya Yellow Split Peas",
    "tags": [
      "Canned Food"
    ],
    "categories": [
      {
        "code": "Cooking Needs",
        "desc": "Cooking Needs"
      }
    ],
    "subCategories": [
      {
        "code": "Canned Food",
        "desc": "Canned Food"
      }
    ],
    "brands": [
      {
        "code": "Goya",
        "desc": "Goya"
      }
    ],
    "price": {
      "basePrice": 1.29,
      "discountPrice": 1.29
    },
    "type": {
      "code": "Canned Food",
      "desc": "Canned Food"
    },
    "weight": "16 oz",
    "UpcCode": "",
    "tax": 0.0,
    "spiceLevel": "",
    "aiselNo": "7",
    "store": "Market Basket",
    "weightType": "16 oz",
    "imageName": "5824.jpg",
    "defaultImage": "5824.jpg",
    "updatedTimestamp": "Jan 23, 2021 8:02:30 PM",
    "createdTimestamp": "Jan 23, 2021 8:02:30 PM",
    "isNewlyAdded": false,
    "isActive": true,
    "isDealsEnabled": false,
    "quantity": 0
  },
  {
    "id": 14461,
    "code": "Peet's Coffee French Roast Dark Roast Whole Bean Coffee",
    "desc": "Peet's Coffee French Roast Dark Roast Whole Bean Coffee",
    "shortDesc": "Peet's Coffee French Roast Dark Roast Whole Bean Coffee",
    "tags": [
      "Coffee"
    ],
    "categories": [
      {
        "code": "Breakfast & Dairy",
        "desc": "Breakfast & Dairy"
      }
    ],
    "subCategories": [
      {
        "code": "Tea & Coffee",
        "desc": "Tea & Coffee"
      }
    ],
    "brands": [
      {
        "code": "Peet's Coffee",
        "desc": "Peet's Coffee"
      }
    ],
    "price": {
      "basePrice": 10.99,
      "discountPrice": 10.99
    },
    "type": {
      "code": "Coffee",
      "desc": "Coffee"
    },
    "weight": "12 oz",
    "UpcCode": "",
    "tax": 0.0,
    "spiceLevel": "",
    "aiselNo": "8",
    "store": "Market Basket",
    "weightType": "12 oz",
    "imageName": "3321.jpg",
    "defaultImage": "3321.jpg",
    "updatedTimestamp": "Jan 23, 2021 8:02:30 PM",
    "createdTimestamp": "Jan 23, 2021 8:02:30 PM",
    "isNewlyAdded": false,
    "isActive": true,
    "isDealsEnabled": false,
    "quantity": 0
  },
  {
    "id": 3865,
    "code": "Tindora",
    "desc": "Tindora",
    "shortDesc": "Tindora",
    "tags": [
      "Ivy gourd"
    ],
    "categories": [
      {
        "code": "Fresh Produce",
        "desc": "Fresh Produce"
      }
    ],
    "subCategories": [
      {
        "code": "Fresh Vegetables",
        "desc": "Fresh Vegetables"
      }
    ],
    "brands": [
      {
        "code": "Market Basket",
        "desc": "Market Basket"
      }
    ],
    "price": {
      "basePrice": 4.72,
      "discountPrice": 4.72
    },
    "type": {
      "code": "Ivy gourd",
      "desc": "Ivy gourd"
    },
    "weight": "1 lb",
    "UpcCode": "",
    "tax": 0.0,
    "spiceLevel": "",
    "aiselNo": "20",
    "store": "Market Basket",
    "weightType": "1 lb",
    "imageName": "f206.jpg",
    "defaultImage": "f206.jpg",
    "updatedTimestamp": "Jan 23, 2021 8:02:30 PM",
    "createdTimestamp": "Jan 23, 2021 8:02:30 PM",
    "isNewlyAdded": false,
    "isActive": true,
    "isDealsEnabled": false,
    "quantity": 0
  },
  {
    "id": 14821,
    "code": "White Rain Ocean Mist Moisturizing Conditioner",
    "desc": "White Rain Ocean Mist Moisturizing Conditioner",
    "shortDesc": "White Rain Ocean Mist Moisturizing Conditioner",
    "tags": [
      "Hair Care"
    ],
    "categories": [
      {
        "code": "Personal Care",
        "desc": "Personal Care"
      }
    ],
    "subCategories": [
      {
        "code": "Body Wash, Soap & Hair Care",
        "desc": "Body Wash, Soap & Hair Care"
      }
    ],
    "brands": [
      {
        "code": "White Rain",
        "desc": "White Rain"
      }
    ],
    "price": {
      "basePrice": 1.48,
      "discountPrice": 1.48
    },
    "type": {
      "code": "Hair Care",
      "desc": "Hair Care"
    },
    "weight": "15 fl oz",
    "UpcCode": "",
    "tax": 1.0,
    "spiceLevel": "",
    "aiselNo": "13",
    "store": "Market Basket",
    "weightType": "15 fl oz",
    "imageName": "17829.jpg",
    "defaultImage": "17829.jpg",
    "updatedTimestamp": "Jan 23, 2021 8:02:30 PM",
    "createdTimestamp": "Jan 23, 2021 8:02:30 PM",
    "isNewlyAdded": false,
    "isActive": true,
    "isDealsEnabled": false,
    "quantity": 0
  },
  {
    "id": 6145,
    "code": "Mountain Dew Diet",
    "desc": "Mountain Dew Diet",
    "shortDesc": "Mountain Dew Diet",
    "tags": [
      "Soft Drinks"
    ],
    "categories": [
      {
        "code": "Beverages & Juices",
        "desc": "Beverages & Juices"
      }
    ],
    "subCategories": [
      {
        "code": "Soft Drinks & Seltzers",
        "desc": "Soft Drinks & Seltzers"
      }
    ],
    "brands": [
      {
        "code": "Mountain Dew",
        "desc": "Mountain Dew"
      }
    ],
    "price": {
      "basePrice": 5.0,
      "discountPrice": 5.0
    },
    "type": {
      "code": "Soft Drinks",
      "desc": "Soft Drinks"
    },
    "weight": "6 x 16.9 fl oz",
    "UpcCode": "",
    "tax": 0.0,
    "spiceLevel": "",
    "aiselNo": "17",
    "store": "Market Basket",
    "weightType": "6 x 16.9 fl oz",
    "imageName": "3960.jpg",
    "defaultImage": "3960.jpg",
    "updatedTimestamp": "Jan 23, 2021 8:02:30 PM",
    "createdTimestamp": "Jan 23, 2021 8:02:30 PM",
    "isNewlyAdded": false,
    "isActive": true,
    "isDealsEnabled": false,
    "quantity": 0
  },
  {
    "id": 14954,
    "code": "Band Aid Brand Flexible Fabric Adhesive Bandages, Assorted Sizes",
    "desc": "Band Aid Brand Flexible Fabric Adhesive Bandages, Assorted Sizes",
    "shortDesc": "Band Aid Brand Flexible Fabric Adhesive Bandages, Assorted Sizes",
    "tags": [
      "First Aid"
    ],
    "categories": [
      {
        "code": "Personal Care",
        "desc": "Personal Care"
      }
    ],
    "subCategories": [
      {
        "code": "First Aid & Healthcare",
        "desc": "First Aid & Healthcare"
      }
    ],
    "brands": [
      {
        "code": "Band Aid Brand",
        "desc": "Band Aid Brand"
      }
    ],
    "price": {
      "basePrice": 4.7,
      "discountPrice": 4.7
    },
    "type": {
      "code": "First Aid",
      "desc": "First Aid"
    },
    "weight": "30 count",
    "UpcCode": "",
    "tax": 1.0,
    "spiceLevel": "",
    "aiselNo": "13",
    "store": "Market Basket",
    "weightType": "30 count",
    "imageName": "6528.jpg",
    "defaultImage": "6528.jpg",
    "updatedTimestamp": "Jan 23, 2021 8:02:30 PM",
    "createdTimestamp": "Jan 23, 2021 8:02:30 PM",
    "isNewlyAdded": false,
    "isActive": true,
    "isDealsEnabled": false,
    "quantity": 0
  },
  {
    "id": 4657,
    "code": "Genova Tonno Solid Light Tuna in Olive Oil",
    "desc": "Genova Tonno Solid Light Tuna in Olive Oil",
    "shortDesc": "Genova Tonno Solid Light Tuna in Olive Oil",
    "tags": [
      "Canned Tuna"
    ],
    "categories": [
      {
        "code": "Meat & Seafood",
        "desc": "Meat & Seafood"
      }
    ],
    "subCategories": [
      {
        "code": "Canned Meat & Seafood",
        "desc": "Canned Meat & Seafood"
      }
    ],
    "brands": [
      {
        "code": "Genova",
        "desc": "Genova"
      }
    ],
    "price": {
      "basePrice": 2.49,
      "discountPrice": 2.49
    },
    "type": {
      "code": "Canned Tuna",
      "desc": "Canned Tuna"
    },
    "weight": "5 oz",
    "UpcCode": "",
    "tax": 0.0,
    "spiceLevel": "",
    "aiselNo": "2",
    "store": "Market Basket",
    "weightType": "5 oz",
    "imageName": "5242.jpg",
    "defaultImage": "5242.jpg",
    "updatedTimestamp": "Jan 23, 2021 8:02:30 PM",
    "createdTimestamp": "Jan 23, 2021 8:02:30 PM",
    "isNewlyAdded": false,
    "isActive": true,
    "isDealsEnabled": false,
    "quantity": 0
  },
  {
    "id": 8820,
    "code": "Good Seasons Mild Italian Dressing & Recipe Mix",
    "desc": "Good Seasons Mild Italian Dressing & Recipe Mix",
    "shortDesc": "Good Seasons Mild Italian Dressing & Recipe Mix",
    "tags": [
      "Salad Dressing & Toppings"
    ],
    "categories": [
      {
        "code": "Condiments & Dressings",
        "desc": "Condiments & Dressings"
      }
    ],
    "subCategories": [
      {
        "code": "Salad Dressings & Toppings",
        "desc": "Salad Dressings & Toppings"
      }
    ],
    "brands": [
      {
        "code": "Good Seasons",
        "desc": "Good Seasons"
      }
    ],
    "price": {
      "basePrice": 1.69,
      "discountPrice": 1.69
    },
    "type": {
      "code": "Salad Dressing & Toppings",
      "desc": "Salad Dressing & Toppings"
    },
    "weight": "1 oz",
    "UpcCode": "",
    "tax": 0.0,
    "spiceLevel": "",
    "aiselNo": "2",
    "store": "Market Basket",
    "weightType": "1 oz",
    "imageName": "15476.jpg",
    "defaultImage": "15476.jpg",
    "updatedTimestamp": "Jan 23, 2021 8:02:30 PM",
    "createdTimestamp": "Jan 23, 2021 8:02:30 PM",
    "isNewlyAdded": false,
    "isActive": true,
    "isDealsEnabled": false,
    "quantity": 0
  },
  {
    "id": 14603,
    "code": "Snapple All Natural Lemon Tea",
    "desc": "Snapple All Natural Lemon Tea",
    "shortDesc": "Snapple All Natural Lemon Tea",
    "tags": [
      "Tea"
    ],
    "categories": [
      {
        "code": "Beverages & Juices",
        "desc": "Beverages & Juices"
      }
    ],
    "subCategories": [
      {
        "code": "Tea, Coffee, Milk & Coconut Water",
        "desc": "Tea, Coffee, Milk & Coconut Water"
      }
    ],
    "brands": [
      {
        "code": "Snapple",
        "desc": "Snapple"
      }
    ],
    "price": {
      "basePrice": 3.13,
      "discountPrice": 3.13
    },
    "type": {
      "code": "Tea",
      "desc": "Tea"
    },
    "weight": "64 fl oz",
    "UpcCode": "076183643747",
    "tax": 0.0,
    "spiceLevel": "",
    "aiselNo": "10",
    "store": "Market Basket",
    "weightType": "64 fl oz",
    "imageName": "X2988.jpg",
    "defaultImage": "X2988.jpg",
    "updatedTimestamp": "Jan 23, 2021 8:02:29 PM",
    "createdTimestamp": "Jan 23, 2021 8:02:29 PM",
    "isNewlyAdded": false,
    "isActive": true,
    "isDealsEnabled": false,
    "quantity": 0
  },
  {
    "id": 9145,
    "code": "Market Basket Frozen Corn On The Cob",
    "desc": "Market Basket Frozen Corn On The Cob",
    "shortDesc": "Market Basket Frozen Corn On The Cob",
    "tags": [
      "Frozen Appetizers & Sides"
    ],
    "categories": [
      {
        "code": "Frozen Food",
        "desc": "Frozen Food"
      }
    ],
    "subCategories": [
      {
        "code": "Frozen Dinners & Entrees",
        "desc": "Frozen Dinners & Entrees"
      }
    ],
    "brands": [
      {
        "code": "Market Basket",
        "desc": "Market Basket"
      }
    ],
    "price": {
      "basePrice": 3.69,
      "discountPrice": 3.69
    },
    "type": {
      "code": "Frozen Appetizers & Sides",
      "desc": "Frozen Appetizers & Sides"
    },
    "weight": "1 ct",
    "UpcCode": "",
    "tax": 0.0,
    "spiceLevel": "",
    "aiselNo": "18",
    "store": "Market Basket",
    "weightType": "1 ct",
    "imageName": "Market Basket.jpg",
    "defaultImage": "Market Basket.jpg",
    "updatedTimestamp": "Jan 23, 2021 8:02:30 PM",
    "createdTimestamp": "Jan 23, 2021 8:02:30 PM",
    "isNewlyAdded": false,
    "isActive": true,
    "isDealsEnabled": false,
    "quantity": 0
  },
  {
    "id": 6317,
    "code": "Poland Spring Sparkling Water, Pomegranate Lemonade",
    "desc": "Poland Spring Sparkling Water, Pomegranate Lemonade",
    "shortDesc": "Poland Spring Sparkling Water, Pomegranate Lemonade",
    "tags": [
      "Sparkling Water"
    ],
    "categories": [
      {
        "code": "Beverages & Juices",
        "desc": "Beverages & Juices"
      }
    ],
    "subCategories": [
      {
        "code": "Water",
        "desc": "Water"
      }
    ],
    "brands": [
      {
        "code": "Poland Spring",
        "desc": "Poland Spring"
      }
    ],
    "price": {
      "basePrice": 3.74,
      "discountPrice": 3.74
    },
    "type": {
      "code": "Sparkling Water",
      "desc": "Sparkling Water"
    },
    "weight": "8 x 12 fl oz",
    "UpcCode": "",
    "tax": 0.0,
    "spiceLevel": "",
    "aiselNo": "11",
    "store": "Market Basket",
    "weightType": "8 x 12 fl oz",
    "imageName": "No Image.jpg",
    "defaultImage": "No Image.jpg",
    "updatedTimestamp": "Jan 23, 2021 8:02:30 PM",
    "createdTimestamp": "Jan 23, 2021 8:02:30 PM",
    "isNewlyAdded": false,
    "isActive": true,
    "isDealsEnabled": false,
    "quantity": 0
  },
  {
    "id": 15110,
    "code": "Olay Active Hydrating Beauty Moisturizing Lotion",
    "desc": "Olay Active Hydrating Beauty Moisturizing Lotion",
    "shortDesc": "Olay Active Hydrating Beauty Moisturizing Lotion",
    "tags": [
      "Facial Care"
    ],
    "categories": [
      {
        "code": "Personal Care",
        "desc": "Personal Care"
      }
    ],
    "subCategories": [
      {
        "code": "Personal Needs",
        "desc": "Personal Needs"
      }
    ],
    "brands": [
      {
        "code": "Olay",
        "desc": "Olay"
      }
    ],
    "price": {
      "basePrice": 12.64,
      "discountPrice": 12.64
    },
    "type": {
      "code": "Facial Care",
      "desc": "Facial Care"
    },
    "weight": "4 fl oz",
    "UpcCode": "",
    "tax": 1.0,
    "spiceLevel": "",
    "aiselNo": "13",
    "store": "Market Basket",
    "weightType": "4 fl oz",
    "imageName": "6258.jpg",
    "defaultImage": "6258.jpg",
    "updatedTimestamp": "Jan 23, 2021 8:02:30 PM",
    "createdTimestamp": "Jan 23, 2021 8:02:30 PM",
    "isNewlyAdded": false,
    "isActive": true,
    "isDealsEnabled": false,
    "quantity": 0
  },
  {
    "id": 13298,
    "code": "Kate's Homemade Butter Unsalted From Maine",
    "desc": "Kate's Homemade Butter Unsalted From Maine",
    "shortDesc": "Kate's Homemade Butter Unsalted From Maine",
    "tags": [
      "Butter"
    ],
    "categories": [
      {
        "code": "Breakfast & Dairy",
        "desc": "Breakfast & Dairy"
      }
    ],
    "subCategories": [
      {
        "code": "Dairy & Eggs",
        "desc": "Dairy & Eggs"
      }
    ],
    "brands": [
      {
        "code": "Kate's Homemade",
        "desc": "Kate's Homemade"
      }
    ],
    "price": {
      "basePrice": 3.29,
      "discountPrice": 3.29
    },
    "type": {
      "code": "Butter",
      "desc": "Butter"
    },
    "weight": "8 oz",
    "UpcCode": "",
    "tax": 0.0,
    "spiceLevel": "",
    "aiselNo": "1",
    "store": "Market Basket",
    "weightType": "8 oz",
    "imageName": "Market Basket.jpg",
    "defaultImage": "Market Basket.jpg",
    "updatedTimestamp": "Jan 23, 2021 8:02:30 PM",
    "createdTimestamp": "Jan 23, 2021 8:02:30 PM",
    "isNewlyAdded": false,
    "isActive": true,
    "isDealsEnabled": false,
    "quantity": 0
  },
  {
    "id": 8029,
    "code": "Knorr Recipe Mix Leek",
    "desc": "Knorr Recipe Mix Leek",
    "shortDesc": "Knorr Recipe Mix Leek",
    "tags": [
      "Soup, Broth & Bouillon"
    ],
    "categories": [
      {
        "code": "Cooking Needs",
        "desc": "Cooking Needs"
      }
    ],
    "subCategories": [
      {
        "code": "Canned Food",
        "desc": "Canned Food"
      }
    ],
    "brands": [
      {
        "code": "Knorr",
        "desc": "Knorr"
      }
    ],
    "price": {
      "basePrice": 2.49,
      "discountPrice": 2.49
    },
    "type": {
      "code": "Soup, Broth & Bouillon",
      "desc": "Soup, Broth & Bouillon"
    },
    "weight": "1.8 oz",
    "UpcCode": "",
    "tax": 0.0,
    "spiceLevel": "",
    "aiselNo": "2",
    "store": "Market Basket",
    "weightType": "1.8 oz",
    "imageName": "17174.jpg",
    "defaultImage": "17174.jpg",
    "updatedTimestamp": "Jan 23, 2021 8:02:30 PM",
    "createdTimestamp": "Jan 23, 2021 8:02:30 PM",
    "isNewlyAdded": false,
    "isActive": true,
    "isDealsEnabled": false,
    "quantity": 0
  },
  {
    "id": 7884,
    "code": "Spam Classic Canned Meat",
    "desc": "Spam Classic Canned Meat",
    "shortDesc": "Spam Classic Canned Meat",
    "tags": [
      "Canned Meat & Seafood"
    ],
    "categories": [
      {
        "code": "Cooking Needs",
        "desc": "Cooking Needs"
      }
    ],
    "subCategories": [
      {
        "code": "Canned Food",
        "desc": "Canned Food"
      }
    ],
    "brands": [
      {
        "code": "Spam",
        "desc": "Spam"
      }
    ],
    "price": {
      "basePrice": 3.19,
      "discountPrice": 3.19
    },
    "type": {
      "code": "Canned Meat & Seafood",
      "desc": "Canned Meat & Seafood"
    },
    "weight": "340 g",
    "UpcCode": "",
    "tax": 0.0,
    "spiceLevel": "",
    "aiselNo": "2",
    "store": "Market Basket",
    "weightType": "340 g",
    "imageName": "17147.jpg",
    "defaultImage": "17147.jpg",
    "updatedTimestamp": "Jan 23, 2021 8:02:30 PM",
    "createdTimestamp": "Jan 23, 2021 8:02:30 PM",
    "isNewlyAdded": false,
    "isActive": true,
    "isDealsEnabled": false,
    "quantity": 0
  },
  {
    "id": 4096,
    "code": "Market Basket Certified Angus Beef Bottom Round Roast",
    "desc": "Market Basket Certified Angus Beef Bottom Round Roast",
    "shortDesc": "Market Basket Certified Angus Beef Bottom Round Roast",
    "tags": [
      "Beef"
    ],
    "categories": [
      {
        "code": "Meat & Seafood",
        "desc": "Meat & Seafood"
      }
    ],
    "subCategories": [
      {
        "code": "Meat & Seafood Counter",
        "desc": "Meat & Seafood Counter"
      }
    ],
    "brands": [
      {
        "code": "Market Basket",
        "desc": "Market Basket"
      }
    ],
    "price": {
      "basePrice": 17.3,
      "discountPrice": 17.3
    },
    "type": {
      "code": "Beef",
      "desc": "Beef"
    },
    "weight": "Approx: 2.84 lb at $6.09/lb",
    "UpcCode": "",
    "tax": 0.0,
    "spiceLevel": "",
    "aiselNo": "22",
    "store": "Market Basket",
    "weightType": "Approx: 2.84 lb at $6.09/lb",
    "imageName": "Market Basket.jpg",
    "defaultImage": "Market Basket.jpg",
    "updatedTimestamp": "Jan 23, 2021 8:02:30 PM",
    "createdTimestamp": "Jan 23, 2021 8:02:30 PM",
    "isNewlyAdded": false,
    "isActive": true,
    "isDealsEnabled": false,
    "quantity": 0
  },
  {
    "id": 14599,
    "code": "Snapple Diet Peach Tea ",
    "desc": "Snapple Diet Peach Tea ",
    "shortDesc": "Snapple Diet Peach Tea ",
    "tags": [
      "Tea"
    ],
    "categories": [
      {
        "code": "Beverages & Juices",
        "desc": "Beverages & Juices"
      }
    ],
    "subCategories": [
      {
        "code": "Tea, Coffee, Milk & Coconut Water",
        "desc": "Tea, Coffee, Milk & Coconut Water"
      }
    ],
    "brands": [
      {
        "code": "Snapple",
        "desc": "Snapple"
      }
    ],
    "price": {
      "basePrice": 2.49,
      "discountPrice": 2.49
    },
    "type": {
      "code": "Tea",
      "desc": "Tea"
    },
    "weight": "32 fl oz",
    "UpcCode": "076183323571",
    "tax": 0.0,
    "spiceLevel": "",
    "aiselNo": "10",
    "store": "Market Basket",
    "weightType": "32 fl oz",
    "imageName": "X2970.jpg",
    "defaultImage": "X2970.jpg",
    "updatedTimestamp": "Jan 23, 2021 8:02:29 PM",
    "createdTimestamp": "Jan 23, 2021 8:02:29 PM",
    "isNewlyAdded": false,
    "isActive": true,
    "isDealsEnabled": false,
    "quantity": 0
  },
  {
    "id": 7261,
    "code": "McCormick Chili Powder",
    "desc": "McCormick Chili Powder",
    "shortDesc": "McCormick Chili Powder",
    "tags": [
      "Spices & Seasonings"
    ],
    "categories": [
      {
        "code": "Cooking Needs",
        "desc": "Cooking Needs"
      }
    ],
    "subCategories": [
      {
        "code": "Spices & Seasonings",
        "desc": "Spices & Seasonings"
      }
    ],
    "brands": [
      {
        "code": "McCormick",
        "desc": "McCormick"
      }
    ],
    "price": {
      "basePrice": 6.09,
      "discountPrice": 6.09
    },
    "type": {
      "code": "Spices & Seasonings",
      "desc": "Spices & Seasonings"
    },
    "weight": "9.25 oz",
    "UpcCode": "",
    "tax": 0.0,
    "spiceLevel": "",
    "aiselNo": "9",
    "store": "Market Basket",
    "weightType": "9.25 oz",
    "imageName": "2136.jpg",
    "defaultImage": "2136.jpg",
    "updatedTimestamp": "Jan 23, 2021 8:02:30 PM",
    "createdTimestamp": "Jan 23, 2021 8:02:30 PM",
    "isNewlyAdded": false,
    "isActive": true,
    "isDealsEnabled": false,
    "quantity": 0
  },
  {
    "id": 13541,
    "code": "BelGioioso Mascarpone Cream Cheese Spread",
    "desc": "BelGioioso Mascarpone Cream Cheese Spread",
    "shortDesc": "BelGioioso Mascarpone Cream Cheese Spread",
    "tags": [
      "Other Creams & Cheeses"
    ],
    "categories": [
      {
        "code": "Breakfast & Dairy",
        "desc": "Breakfast & Dairy"
      }
    ],
    "subCategories": [
      {
        "code": "Dairy & Eggs",
        "desc": "Dairy & Eggs"
      }
    ],
    "brands": [
      {
        "code": "BelGioioso",
        "desc": "BelGioioso"
      }
    ],
    "price": {
      "basePrice": 3.69,
      "discountPrice": 3.69
    },
    "type": {
      "code": "Other Creams & Cheeses",
      "desc": "Other Creams & Cheeses"
    },
    "weight": "8 oz",
    "UpcCode": "",
    "tax": 0.0,
    "spiceLevel": "",
    "aiselNo": "1",
    "store": "Market Basket",
    "weightType": "8 oz",
    "imageName": "709.jpg",
    "defaultImage": "709.jpg",
    "updatedTimestamp": "Jan 23, 2021 8:02:30 PM",
    "createdTimestamp": "Jan 23, 2021 8:02:30 PM",
    "isNewlyAdded": false,
    "isActive": true,
    "isDealsEnabled": false,
    "quantity": 0
  },
  {
    "id": 14358,
    "code": "Dunkin' Donuts Medium Roast Dunkin' Decaf Ground Coffee",
    "desc": "Dunkin' Donuts Medium Roast Dunkin' Decaf Ground Coffee",
    "shortDesc": "Dunkin' Donuts Medium Roast Dunkin' Decaf Ground Coffee",
    "tags": [
      "Coffee"
    ],
    "categories": [
      {
        "code": "Breakfast & Dairy",
        "desc": "Breakfast & Dairy"
      }
    ],
    "subCategories": [
      {
        "code": "Tea & Coffee",
        "desc": "Tea & Coffee"
      }
    ],
    "brands": [
      {
        "code": "Dunkin' Donuts",
        "desc": "Dunkin' Donuts"
      }
    ],
    "price": {
      "basePrice": 8.59,
      "discountPrice": 8.59
    },
    "type": {
      "code": "Coffee",
      "desc": "Coffee"
    },
    "weight": "12 oz",
    "UpcCode": "",
    "tax": 0.0,
    "spiceLevel": "",
    "aiselNo": "8",
    "store": "Market Basket",
    "weightType": "12 oz",
    "imageName": "3379.jpg",
    "defaultImage": "3379.jpg",
    "updatedTimestamp": "Jan 23, 2021 8:02:30 PM",
    "createdTimestamp": "Jan 23, 2021 8:02:30 PM",
    "isNewlyAdded": false,
    "isActive": true,
    "isDealsEnabled": false,
    "quantity": 0
  },
  {
    "id": 4068,
    "code": "Market Basket 7 Bone USDA Choice Chuck Roast",
    "desc": "Market Basket 7 Bone USDA Choice Chuck Roast",
    "shortDesc": "Market Basket 7 Bone USDA Choice Chuck Roast",
    "tags": [
      "Beef"
    ],
    "categories": [
      {
        "code": "Meat & Seafood",
        "desc": "Meat & Seafood"
      }
    ],
    "subCategories": [
      {
        "code": "Meat & Seafood Counter",
        "desc": "Meat & Seafood Counter"
      }
    ],
    "brands": [
      {
        "code": "Market Basket",
        "desc": "Market Basket"
      }
    ],
    "price": {
      "basePrice": 4.79,
      "discountPrice": 4.79
    },
    "type": {
      "code": "Beef",
      "desc": "Beef"
    },
    "weight": "1 lb",
    "UpcCode": "",
    "tax": 0.0,
    "spiceLevel": "",
    "aiselNo": "22",
    "store": "Market Basket",
    "weightType": "1 lb",
    "imageName": "Market Basket.jpg",
    "defaultImage": "Market Basket.jpg",
    "updatedTimestamp": "Jan 23, 2021 8:02:30 PM",
    "createdTimestamp": "Jan 23, 2021 8:02:30 PM",
    "isNewlyAdded": false,
    "isActive": true,
    "isDealsEnabled": false,
    "quantity": 0
  },
  {
    "id": 5315,
    "code": "Oreo Chocolate Marshmallow Cookies Family Size",
    "desc": "Oreo Chocolate Marshmallow Cookies Family Size",
    "shortDesc": "Oreo Chocolate Marshmallow Cookies Family Size",
    "tags": [
      "Cookies & Cakes"
    ],
    "categories": [
      {
        "code": "Chips, Cookies & Snacks",
        "desc": "Chips, Cookies & Snacks"
      }
    ],
    "subCategories": [
      {
        "code": "Cookies & Crackers",
        "desc": "Cookies & Crackers"
      }
    ],
    "brands": [
      {
        "code": "Oreo",
        "desc": "Oreo"
      }
    ],
    "price": {
      "basePrice": 5.47,
      "discountPrice": 5.47
    },
    "type": {
      "code": "Cookies & Cakes",
      "desc": "Cookies & Cakes"
    },
    "weight": "17 oz",
    "UpcCode": "",
    "tax": 0.0,
    "spiceLevel": "",
    "aiselNo": "6",
    "store": "Market Basket",
    "weightType": "17 oz",
    "imageName": "No Image.jpg",
    "defaultImage": "No Image.jpg",
    "updatedTimestamp": "Jan 23, 2021 8:02:30 PM",
    "createdTimestamp": "Jan 23, 2021 8:02:30 PM",
    "isNewlyAdded": false,
    "isActive": true,
    "isDealsEnabled": false,
    "quantity": 0
  },
  {
    "id": 176,
    "code": "Scotch-Brite Scour Pad Heavy Duty",
    "desc": "Scotch-Brite Scour Pad Heavy Duty",
    "shortDesc": "Scotch-Brite Scour Pad Heavy Duty",
    "tags": [
      "Other Cleaning Products"
    ],
    "categories": [
      {
        "code": "Kitchen & Cleaning",
        "desc": "Kitchen & Cleaning"
      }
    ],
    "subCategories": [
      {
        "code": "Cleaning Products",
        "desc": "Cleaning Products"
      }
    ],
    "brands": [
      {
        "code": "Scotch-Brite",
        "desc": "Scotch-Brite"
      }
    ],
    "price": {
      "basePrice": 2.19,
      "discountPrice": 2.19
    },
    "type": {
      "code": "Other Cleaning Products",
      "desc": "Other Cleaning Products"
    },
    "weight": "1 count",
    "UpcCode": "",
    "tax": 1.0,
    "spiceLevel": "",
    "aiselNo": "15",
    "store": "Market Basket",
    "weightType": "1 count",
    "imageName": "4306.jpg",
    "defaultImage": "4306.jpg",
    "updatedTimestamp": "Jan 23, 2021 8:02:30 PM",
    "createdTimestamp": "Jan 23, 2021 8:02:30 PM",
    "isNewlyAdded": false,
    "isActive": true,
    "isDealsEnabled": false,
    "quantity": 0
  },
  {
    "id": 5917,
    "code": "Starbucks Iced Espresso Caffe Latte",
    "desc": "Starbucks Iced Espresso Caffe Latte",
    "shortDesc": "Starbucks Iced Espresso Caffe Latte",
    "tags": [
      "Single To-Go Coffee"
    ],
    "categories": [
      {
        "code": "Beverages & Juices",
        "desc": "Beverages & Juices"
      }
    ],
    "subCategories": [
      {
        "code": "Tea, Coffee, Milk & Coconut Water",
        "desc": "Tea, Coffee, Milk & Coconut Water"
      }
    ],
    "brands": [
      {
        "code": "StarBucks",
        "desc": "StarBucks"
      }
    ],
    "price": {
      "basePrice": 3.36,
      "discountPrice": 3.36
    },
    "type": {
      "code": "Single To-Go Coffee",
      "desc": "Single To-Go Coffee"
    },
    "weight": "14 fl oz",
    "UpcCode": "",
    "tax": 0.0,
    "spiceLevel": "",
    "aiselNo": "17",
    "store": "Market Basket",
    "weightType": "14 fl oz",
    "imageName": "No Image.jpg",
    "defaultImage": "No Image.jpg",
    "updatedTimestamp": "Jan 23, 2021 8:02:30 PM",
    "createdTimestamp": "Jan 23, 2021 8:02:30 PM",
    "isNewlyAdded": false,
    "isActive": true,
    "isDealsEnabled": false,
    "quantity": 0
  },
  {
    "id": 13941,
    "code": "Kerrygold Kettygold Cheese Dubliner",
    "desc": "Kerrygold Kettygold Cheese Dubliner",
    "shortDesc": "Kerrygold Kettygold Cheese Dubliner",
    "tags": [
      "Specialty Cheeses"
    ],
    "categories": [
      {
        "code": "Breakfast & Dairy",
        "desc": "Breakfast & Dairy"
      }
    ],
    "subCategories": [
      {
        "code": "Dairy & Eggs",
        "desc": "Dairy & Eggs"
      }
    ],
    "brands": [
      {
        "code": "Kerrygold",
        "desc": "Kerrygold"
      }
    ],
    "price": {
      "basePrice": 4.29,
      "discountPrice": 4.29
    },
    "type": {
      "code": "Specialty Cheeses",
      "desc": "Specialty Cheeses"
    },
    "weight": "7 oz",
    "UpcCode": "",
    "tax": 0.0,
    "spiceLevel": "",
    "aiselNo": "1",
    "store": "Market Basket",
    "weightType": "7 oz",
    "imageName": "17297.jpg",
    "defaultImage": "17297.jpg",
    "updatedTimestamp": "Jan 23, 2021 8:02:30 PM",
    "createdTimestamp": "Jan 23, 2021 8:02:30 PM",
    "isNewlyAdded": false,
    "isActive": true,
    "isDealsEnabled": false,
    "quantity": 0
  },
  {
    "id": 3464,
    "code": "Imported Papaya",
    "desc": "Imported Papaya",
    "shortDesc": "Imported Papaya",
    "tags": [
      "Papaya"
    ],
    "categories": [
      {
        "code": "Fresh Produce",
        "desc": "Fresh Produce"
      }
    ],
    "subCategories": [
      {
        "code": "Fresh Fruits",
        "desc": "Fresh Fruits"
      }
    ],
    "brands": [
      {
        "code": "Market Basket",
        "desc": "Market Basket"
      }
    ],
    "price": {
      "basePrice": 4.39,
      "discountPrice": 4.39
    },
    "type": {
      "code": "Papaya",
      "desc": "Papaya"
    },
    "weight": "1 count",
    "UpcCode": "",
    "tax": 0.0,
    "spiceLevel": "",
    "aiselNo": "20",
    "store": "Market Basket",
    "weightType": "1 count",
    "imageName": "f47.jpg",
    "defaultImage": "f47.jpg",
    "updatedTimestamp": "Jan 23, 2021 8:02:30 PM",
    "createdTimestamp": "Jan 23, 2021 8:02:30 PM",
    "isNewlyAdded": false,
    "isActive": true,
    "isDealsEnabled": false,
    "quantity": 0
  },
  {
    "id": 456,
    "code": "Meyer's Clean Day Laundry Detergent Lavender",
    "desc": "Meyer's Clean Day Laundry Detergent Lavender",
    "shortDesc": "Meyer's Clean Day Laundry Detergent Lavender",
    "tags": [
      "Laundry Detergent"
    ],
    "categories": [
      {
        "code": "Laundry & Paper Goods",
        "desc": "Laundry & Paper Goods"
      }
    ],
    "subCategories": [
      {
        "code": "Laundry",
        "desc": "Laundry"
      }
    ],
    "brands": [
      {
        "code": "Meyer",
        "desc": "Meyer"
      }
    ],
    "price": {
      "basePrice": 17.49,
      "discountPrice": 17.49
    },
    "type": {
      "code": "Laundry Detergent",
      "desc": "Laundry Detergent"
    },
    "weight": "64 fl oz",
    "UpcCode": "",
    "tax": 1.0,
    "spiceLevel": "",
    "aiselNo": "15",
    "store": "Market Basket",
    "weightType": "64 fl oz",
    "imageName": "No Image.jpg",
    "defaultImage": "No Image.jpg",
    "updatedTimestamp": "Jan 23, 2021 8:02:30 PM",
    "createdTimestamp": "Jan 23, 2021 8:02:30 PM",
    "isNewlyAdded": false,
    "isActive": true,
    "isDealsEnabled": false,
    "quantity": 0
  },
  {
    "id": 472,
    "code": "OxiClean Laundry Detergent Sparkling Fresh 67 Loads",
    "desc": "OxiClean Laundry Detergent Sparkling Fresh 67 Loads",
    "shortDesc": "OxiClean Laundry Detergent Sparkling Fresh 67 Loads",
    "tags": [
      "Laundry Detergent"
    ],
    "categories": [
      {
        "code": "Laundry & Paper Goods",
        "desc": "Laundry & Paper Goods"
      }
    ],
    "subCategories": [
      {
        "code": "Laundry",
        "desc": "Laundry"
      }
    ],
    "brands": [
      {
        "code": "Oxi Clean",
        "desc": "Oxi Clean"
      }
    ],
    "price": {
      "basePrice": 12.49,
      "discountPrice": 12.49
    },
    "type": {
      "code": "Laundry Detergent",
      "desc": "Laundry Detergent"
    },
    "weight": "100.5 fl oz",
    "UpcCode": "",
    "tax": 1.0,
    "spiceLevel": "",
    "aiselNo": "15",
    "store": "Market Basket",
    "weightType": "100.5 fl oz",
    "imageName": "No Image.jpg",
    "defaultImage": "No Image.jpg",
    "updatedTimestamp": "Jan 23, 2021 8:02:30 PM",
    "createdTimestamp": "Jan 23, 2021 8:02:30 PM",
    "isNewlyAdded": false,
    "isActive": true,
    "isDealsEnabled": false,
    "quantity": 0
  },
  {
    "id": 6336,
    "code": "Polar Lemon Seltzer",
    "desc": "Polar Lemon Seltzer",
    "shortDesc": "Polar Lemon Seltzer",
    "tags": [
      "Seltzer"
    ],
    "categories": [
      {
        "code": "Beverages & Juices",
        "desc": "Beverages & Juices"
      }
    ],
    "subCategories": [
      {
        "code": "Soft Drinks & Seltzers",
        "desc": "Soft Drinks & Seltzers"
      }
    ],
    "brands": [
      {
        "code": "Polar",
        "desc": "Polar"
      }
    ],
    "price": {
      "basePrice": 1.24,
      "discountPrice": 1.24
    },
    "type": {
      "code": "Seltzer",
      "desc": "Seltzer"
    },
    "weight": "2 L",
    "UpcCode": "",
    "tax": 0.0,
    "spiceLevel": "",
    "aiselNo": "11",
    "store": "Market Basket",
    "weightType": "2 L",
    "imageName": "No Image.jpg",
    "defaultImage": "No Image.jpg",
    "updatedTimestamp": "Jan 23, 2021 8:02:30 PM",
    "createdTimestamp": "Jan 23, 2021 8:02:30 PM",
    "isNewlyAdded": false,
    "isActive": true,
    "isDealsEnabled": false,
    "quantity": 0
  },
  {
    "id": 3795,
    "code": "Whole Peeled Garlic",
    "desc": "Whole Peeled Garlic",
    "shortDesc": "Whole Peeled Garlic",
    "tags": [
      "Garlic"
    ],
    "categories": [
      {
        "code": "Fresh Produce",
        "desc": "Fresh Produce"
      }
    ],
    "subCategories": [
      {
        "code": "Fresh Organic Herbs",
        "desc": "Fresh Organic Herbs"
      }
    ],
    "brands": [
      {
        "code": "Market Basket",
        "desc": "Market Basket"
      }
    ],
    "price": {
      "basePrice": 5.49,
      "discountPrice": 5.49
    },
    "type": {
      "code": "Garlic",
      "desc": "Garlic"
    },
    "weight": "1 lb",
    "UpcCode": "",
    "tax": 0.0,
    "spiceLevel": "",
    "aiselNo": "20",
    "store": "Market Basket",
    "weightType": "1 lb",
    "imageName": "No Image.jpg",
    "defaultImage": "No Image.jpg",
    "updatedTimestamp": "Jan 23, 2021 8:02:30 PM",
    "createdTimestamp": "Jan 23, 2021 8:02:30 PM",
    "isNewlyAdded": false,
    "isActive": true,
    "isDealsEnabled": false,
    "quantity": 0
  },
  {
    "id": 5365,
    "code": "Pepperidge Farmhouse Thin & Crispy Dark Chocolate Chip",
    "desc": "Pepperidge Farmhouse Thin & Crispy Dark Chocolate Chip",
    "shortDesc": "Pepperidge Farmhouse Thin & Crispy Dark Chocolate Chip",
    "tags": [
      "Cookies & Cakes"
    ],
    "categories": [
      {
        "code": "Chips, Cookies & Snacks",
        "desc": "Chips, Cookies & Snacks"
      }
    ],
    "subCategories": [
      {
        "code": "Cookies & Crackers",
        "desc": "Cookies & Crackers"
      }
    ],
    "brands": [
      {
        "code": "Pepperidge Farm",
        "desc": "Pepperidge Farm"
      }
    ],
    "price": {
      "basePrice": 4.69,
      "discountPrice": 4.69
    },
    "type": {
      "code": "Cookies & Cakes",
      "desc": "Cookies & Cakes"
    },
    "weight": "6.9 oz",
    "UpcCode": "",
    "tax": 0.0,
    "spiceLevel": "",
    "aiselNo": "6",
    "store": "Market Basket",
    "weightType": "6.9 oz",
    "imageName": "No Image.jpg",
    "defaultImage": "No Image.jpg",
    "updatedTimestamp": "Jan 23, 2021 8:02:30 PM",
    "createdTimestamp": "Jan 23, 2021 8:02:30 PM",
    "isNewlyAdded": false,
    "isActive": true,
    "isDealsEnabled": false,
    "quantity": 0
  },
  {
    "id": 6494,
    "code": "Bob's Red Mill Organic Premium Shelled Pepitas Pumpkin Seeds",
    "desc": "Bob's Red Mill Organic Premium Shelled Pepitas Pumpkin Seeds",
    "shortDesc": "Bob's Red Mill Organic Premium Shelled Pepitas Pumpkin Seeds",
    "tags": [
      "Nuts, Seeds & Dried Fruit"
    ],
    "categories": [
      {
        "code": "Chips, Cookies & Snacks",
        "desc": "Chips, Cookies & Snacks"
      }
    ],
    "subCategories": [
      {
        "code": "Nuts, Seeds & Dried Fruit",
        "desc": "Nuts, Seeds & Dried Fruit"
      }
    ],
    "brands": [
      {
        "code": "Bob's Red Mill",
        "desc": "Bob's Red Mill"
      }
    ],
    "price": {
      "basePrice": 7.49,
      "discountPrice": 7.49
    },
    "type": {
      "code": "Nuts, Seeds & Dried Fruit",
      "desc": "Nuts, Seeds & Dried Fruit"
    },
    "weight": "12 oz",
    "UpcCode": "",
    "tax": 0.0,
    "spiceLevel": "",
    "aiselNo": "6",
    "store": "Market Basket",
    "weightType": "12 oz",
    "imageName": "No Image.jpg",
    "defaultImage": "No Image.jpg",
    "updatedTimestamp": "Jan 23, 2021 8:02:30 PM",
    "createdTimestamp": "Jan 23, 2021 8:02:30 PM",
    "isNewlyAdded": false,
    "isActive": true,
    "isDealsEnabled": false,
    "quantity": 0
  },
  {
    "id": 5093,
    "code": "Nabisco Nutter Butter Crispy Wafers With Peanut Butter Creme",
    "desc": "Nabisco Nutter Butter Crispy Wafers With Peanut Butter Creme",
    "shortDesc": "Nabisco Nutter Butter Crispy Wafers With Peanut Butter Creme",
    "tags": [
      "Cookies & Cakes"
    ],
    "categories": [
      {
        "code": "Chips, Cookies & Snacks",
        "desc": "Chips, Cookies & Snacks"
      }
    ],
    "subCategories": [
      {
        "code": "Cookies & Crackers",
        "desc": "Cookies & Crackers"
      }
    ],
    "brands": [
      {
        "code": "Nabisco",
        "desc": "Nabisco"
      }
    ],
    "price": {
      "basePrice": 5.61,
      "discountPrice": 5.61
    },
    "type": {
      "code": "Cookies & Cakes",
      "desc": "Cookies & Cakes"
    },
    "weight": "10.5 oz",
    "UpcCode": "",
    "tax": 0.0,
    "spiceLevel": "",
    "aiselNo": "6",
    "store": "Market Basket",
    "weightType": "10.5 oz",
    "imageName": "No Image.jpg",
    "defaultImage": "No Image.jpg",
    "updatedTimestamp": "Jan 23, 2021 8:02:30 PM",
    "createdTimestamp": "Jan 23, 2021 8:02:30 PM",
    "isNewlyAdded": false,
    "isActive": true,
    "isDealsEnabled": false,
    "quantity": 0
  },
  {
    "id": 14684,
    "code": "Dial Body Wash Coconut Water Hydrating Body Wash",
    "desc": "Dial Body Wash Coconut Water Hydrating Body Wash",
    "shortDesc": "Dial Body Wash Coconut Water Hydrating Body Wash",
    "tags": [
      "Body Wash"
    ],
    "categories": [
      {
        "code": "Personal Care",
        "desc": "Personal Care"
      }
    ],
    "subCategories": [
      {
        "code": "Body Wash, Soap & Hair Care",
        "desc": "Body Wash, Soap & Hair Care"
      }
    ],
    "brands": [
      {
        "code": "Dial",
        "desc": "Dial"
      }
    ],
    "price": {
      "basePrice": 5.62,
      "discountPrice": 5.62
    },
    "type": {
      "code": "Body Wash",
      "desc": "Body Wash"
    },
    "weight": "16 fl oz",
    "UpcCode": "",
    "tax": 1.0,
    "spiceLevel": "",
    "aiselNo": "13",
    "store": "Market Basket",
    "weightType": "16 fl oz",
    "imageName": "17743.jpg",
    "defaultImage": "17743.jpg",
    "updatedTimestamp": "Jan 23, 2021 8:02:30 PM",
    "createdTimestamp": "Jan 23, 2021 8:02:30 PM",
    "isNewlyAdded": false,
    "isActive": true,
    "isDealsEnabled": false,
    "quantity": 0
  },
  {
    "id": 510,
    "code": "Mrs Stewarts Concentrated Liquid Bluing Laundry Detergent",
    "desc": "Mrs Stewarts Concentrated Liquid Bluing Laundry Detergent",
    "shortDesc": "Mrs Stewarts Concentrated Liquid Bluing Laundry Detergent",
    "tags": [
      "Laundry Detergent"
    ],
    "categories": [
      {
        "code": "Laundry & Paper Goods",
        "desc": "Laundry & Paper Goods"
      }
    ],
    "subCategories": [
      {
        "code": "Laundry",
        "desc": "Laundry"
      }
    ],
    "brands": [
      {
        "code": "Mrs Stewarts",
        "desc": "Mrs Stewarts"
      }
    ],
    "price": {
      "basePrice": 2.49,
      "discountPrice": 2.49
    },
    "type": {
      "code": "Laundry Detergent",
      "desc": "Laundry Detergent"
    },
    "weight": "8 fl oz",
    "UpcCode": "",
    "tax": 1.0,
    "spiceLevel": "",
    "aiselNo": "15",
    "store": "Market Basket",
    "weightType": "8 fl oz",
    "imageName": "No Image.jpg",
    "defaultImage": "No Image.jpg",
    "updatedTimestamp": "Jan 23, 2021 8:02:30 PM",
    "createdTimestamp": "Jan 23, 2021 8:02:30 PM",
    "isNewlyAdded": false,
    "isActive": true,
    "isDealsEnabled": false,
    "quantity": 0
  },
  {
    "id": 8073,
    "code": "Nissin Cup Noodles Beef Flavor",
    "desc": "Nissin Cup Noodles Beef Flavor",
    "shortDesc": "Nissin Cup Noodles Beef Flavor",
    "tags": [
      "Soup, Broth & Bouillon"
    ],
    "categories": [
      {
        "code": "Cooking Needs",
        "desc": "Cooking Needs"
      }
    ],
    "subCategories": [
      {
        "code": "Canned Food",
        "desc": "Canned Food"
      }
    ],
    "brands": [
      {
        "code": "Nissin",
        "desc": "Nissin"
      }
    ],
    "price": {
      "basePrice": 2.49,
      "discountPrice": 2.49
    },
    "type": {
      "code": "Soup, Broth & Bouillon",
      "desc": "Soup, Broth & Bouillon"
    },
    "weight": "6 x 2.25 oz",
    "UpcCode": "",
    "tax": 0.0,
    "spiceLevel": "",
    "aiselNo": "2",
    "store": "Market Basket",
    "weightType": "6 x 2.25 oz",
    "imageName": "17218.jpg",
    "defaultImage": "17218.jpg",
    "updatedTimestamp": "Jan 23, 2021 8:02:30 PM",
    "createdTimestamp": "Jan 23, 2021 8:02:30 PM",
    "isNewlyAdded": false,
    "isActive": true,
    "isDealsEnabled": false,
    "quantity": 0
  },
  {
    "id": 7848,
    "code": "Goya Premium Sardinas In Olive Oil",
    "desc": "Goya Premium Sardinas In Olive Oil",
    "shortDesc": "Goya Premium Sardinas In Olive Oil",
    "tags": [
      "Canned Meat & Seafood"
    ],
    "categories": [
      {
        "code": "Cooking Needs",
        "desc": "Cooking Needs"
      }
    ],
    "subCategories": [
      {
        "code": "Canned Food",
        "desc": "Canned Food"
      }
    ],
    "brands": [
      {
        "code": "Goya",
        "desc": "Goya"
      }
    ],
    "price": {
      "basePrice": 3.09,
      "discountPrice": 3.09
    },
    "type": {
      "code": "Canned Meat & Seafood",
      "desc": "Canned Meat & Seafood"
    },
    "weight": "120 g",
    "UpcCode": "",
    "tax": 0.0,
    "spiceLevel": "",
    "aiselNo": "2",
    "store": "Market Basket",
    "weightType": "120 g",
    "imageName": "5229.jpg",
    "defaultImage": "5229.jpg",
    "updatedTimestamp": "Jan 23, 2021 8:02:30 PM",
    "createdTimestamp": "Jan 23, 2021 8:02:30 PM",
    "isNewlyAdded": false,
    "isActive": true,
    "isDealsEnabled": false,
    "quantity": 0
  },
  {
    "id": 10017,
    "code": "Edy's/Dreyer's SLOW CHURNED Chocolate Light Ice Cream",
    "desc": "Edy's/Dreyer's SLOW CHURNED Chocolate Light Ice Cream",
    "shortDesc": "Edy's/Dreyer's SLOW CHURNED Chocolate Light Ice Cream",
    "tags": [
      "Ice Cream & Ice"
    ],
    "categories": [
      {
        "code": "Frozen Food",
        "desc": "Frozen Food"
      }
    ],
    "subCategories": [
      {
        "code": "Ice Cream & Ice",
        "desc": "Ice Cream & Ice"
      }
    ],
    "brands": [
      {
        "code": "Edy's/dreyer's",
        "desc": "Edy's/dreyer's"
      }
    ],
    "price": {
      "basePrice": 8.29,
      "discountPrice": 8.29
    },
    "type": {
      "code": "Ice Cream & Ice",
      "desc": "Ice Cream & Ice"
    },
    "weight": "48 fl oz",
    "UpcCode": "",
    "tax": 0.0,
    "spiceLevel": "",
    "aiselNo": "21",
    "store": "Market Basket",
    "weightType": "48 fl oz",
    "imageName": "3038.jpg",
    "defaultImage": "3038.jpg",
    "updatedTimestamp": "Jan 23, 2021 8:02:30 PM",
    "createdTimestamp": "Jan 23, 2021 8:02:30 PM",
    "isNewlyAdded": false,
    "isActive": true,
    "isDealsEnabled": false,
    "quantity": 0
  },
  {
    "id": 460,
    "code": "Sun Triple Clean fresh morning breeze 32 medium loads laundry detergent",
    "desc": "Sun Triple Clean fresh morning breeze 32 medium loads laundry detergent",
    "shortDesc": "Sun Triple Clean fresh morning breeze 32 medium loads laundry detergent",
    "tags": [
      "Laundry Detergent"
    ],
    "categories": [
      {
        "code": "Laundry & Paper Goods",
        "desc": "Laundry & Paper Goods"
      }
    ],
    "subCategories": [
      {
        "code": "Laundry",
        "desc": "Laundry"
      }
    ],
    "brands": [
      {
        "code": "Sun",
        "desc": "Sun"
      }
    ],
    "price": {
      "basePrice": 2.49,
      "discountPrice": 2.49
    },
    "type": {
      "code": "Laundry Detergent",
      "desc": "Laundry Detergent"
    },
    "weight": "45.4 fl oz",
    "UpcCode": "",
    "tax": 1.0,
    "spiceLevel": "",
    "aiselNo": "15",
    "store": "Market Basket",
    "weightType": "45.4 fl oz",
    "imageName": "No Image.jpg",
    "defaultImage": "No Image.jpg",
    "updatedTimestamp": "Jan 23, 2021 8:02:30 PM",
    "createdTimestamp": "Jan 23, 2021 8:02:30 PM",
    "isNewlyAdded": false,
    "isActive": true,
    "isDealsEnabled": false,
    "quantity": 0
  },
  {
    "id": 14812,
    "code": "VO5 Salon Series Full Body + Shine Shampoo",
    "desc": "VO5 Salon Series Full Body + Shine Shampoo",
    "shortDesc": "VO5 Salon Series Full Body + Shine Shampoo",
    "tags": [
      "Hair Care"
    ],
    "categories": [
      {
        "code": "Personal Care",
        "desc": "Personal Care"
      }
    ],
    "subCategories": [
      {
        "code": "Body Wash, Soap & Hair Care",
        "desc": "Body Wash, Soap & Hair Care"
      }
    ],
    "brands": [
      {
        "code": "VO5",
        "desc": "VO5"
      }
    ],
    "price": {
      "basePrice": 2.86,
      "discountPrice": 2.86
    },
    "type": {
      "code": "Hair Care",
      "desc": "Hair Care"
    },
    "weight": "14.2 fl oz",
    "UpcCode": "",
    "tax": 1.0,
    "spiceLevel": "",
    "aiselNo": "13",
    "store": "Market Basket",
    "weightType": "14.2 fl oz",
    "imageName": "6600.jpg",
    "defaultImage": "6600.jpg",
    "updatedTimestamp": "Jan 23, 2021 8:02:30 PM",
    "createdTimestamp": "Jan 23, 2021 8:02:30 PM",
    "isNewlyAdded": false,
    "isActive": true,
    "isDealsEnabled": false,
    "quantity": 0
  },
  {
    "id": 7593,
    "code": "Pomi Strained Tomatoes",
    "desc": "Pomi Strained Tomatoes",
    "shortDesc": "Pomi Strained Tomatoes",
    "tags": [
      "Canned & Jarred Vegetables"
    ],
    "categories": [
      {
        "code": "Cooking Needs",
        "desc": "Cooking Needs"
      }
    ],
    "subCategories": [
      {
        "code": "Canned Food",
        "desc": "Canned Food"
      }
    ],
    "brands": [
      {
        "code": "Pomi",
        "desc": "Pomi"
      }
    ],
    "price": {
      "basePrice": 2.49,
      "discountPrice": 2.49
    },
    "type": {
      "code": "Canned & Jarred Vegetables",
      "desc": "Canned & Jarred Vegetables"
    },
    "weight": "26.46 oz",
    "UpcCode": "",
    "tax": 0.0,
    "spiceLevel": "",
    "aiselNo": "9",
    "store": "Market Basket",
    "weightType": "26.46 oz",
    "imageName": "17096.jpg",
    "defaultImage": "17096.jpg",
    "updatedTimestamp": "Jan 23, 2021 8:02:30 PM",
    "createdTimestamp": "Jan 23, 2021 8:02:30 PM",
    "isNewlyAdded": false,
    "isActive": true,
    "isDealsEnabled": false,
    "quantity": 0
  },
  {
    "id": 533,
    "code": "all stainlifters original 4 in 1 mighty pacs Laundry Detergent",
    "desc": "all stainlifters original 4 in 1 mighty pacs Laundry Detergent",
    "shortDesc": "all stainlifters original 4 in 1 mighty pacs Laundry Detergent",
    "tags": [
      "Laundry Detergent"
    ],
    "categories": [
      {
        "code": "Laundry & Paper Goods",
        "desc": "Laundry & Paper Goods"
      }
    ],
    "subCategories": [
      {
        "code": "Laundry",
        "desc": "Laundry"
      }
    ],
    "brands": [
      {
        "code": "all",
        "desc": "all"
      }
    ],
    "price": {
      "basePrice": 10.61,
      "discountPrice": 10.61
    },
    "type": {
      "code": "Laundry Detergent",
      "desc": "Laundry Detergent"
    },
    "weight": "39 pacs",
    "UpcCode": "",
    "tax": 1.0,
    "spiceLevel": "",
    "aiselNo": "15",
    "store": "Market Basket",
    "weightType": "39 pacs",
    "imageName": "No Image.jpg",
    "defaultImage": "No Image.jpg",
    "updatedTimestamp": "Jan 23, 2021 8:02:30 PM",
    "createdTimestamp": "Jan 23, 2021 8:02:30 PM",
    "isNewlyAdded": false,
    "isActive": true,
    "isDealsEnabled": false,
    "quantity": 0
  },
  {
    "id": 5459,
    "code": "Hershey's Miniatures Assortment",
    "desc": "Hershey's Miniatures Assortment",
    "shortDesc": "Hershey's Miniatures Assortment",
    "tags": [
      "Candy & Chocolate"
    ],
    "categories": [
      {
        "code": "Chips, Cookies & Snacks",
        "desc": "Chips, Cookies & Snacks"
      }
    ],
    "subCategories": [
      {
        "code": "Candy & Chocolates",
        "desc": "Candy & Chocolates"
      }
    ],
    "brands": [
      {
        "code": "Hershey's",
        "desc": "Hershey's"
      }
    ],
    "price": {
      "basePrice": 12.19,
      "discountPrice": 12.19
    },
    "type": {
      "code": "Candy & Chocolate",
      "desc": "Candy & Chocolate"
    },
    "weight": "40 Oz",
    "UpcCode": "",
    "tax": 0.0,
    "spiceLevel": "",
    "aiselNo": "3",
    "store": "Market Basket",
    "weightType": "40 Oz",
    "imageName": "989.jpg",
    "defaultImage": "989.jpg",
    "updatedTimestamp": "Jan 23, 2021 8:02:30 PM",
    "createdTimestamp": "Jan 23, 2021 8:02:30 PM",
    "isNewlyAdded": false,
    "isActive": true,
    "isDealsEnabled": false,
    "quantity": 0
  },
  {
    "id": 6930,
    "code": "Truvia Naturally Sweet Sweetener",
    "desc": "Truvia Naturally Sweet Sweetener",
    "shortDesc": "Truvia Naturally Sweet Sweetener",
    "tags": [
      "Baking Ingredients"
    ],
    "categories": [
      {
        "code": "Cooking Needs",
        "desc": "Cooking Needs"
      }
    ],
    "subCategories": [
      {
        "code": "Baking & Cooking",
        "desc": "Baking & Cooking"
      }
    ],
    "brands": [
      {
        "code": "Truvia",
        "desc": "Truvia"
      }
    ],
    "price": {
      "basePrice": 7.39,
      "discountPrice": 7.39
    },
    "type": {
      "code": "Baking Ingredients",
      "desc": "Baking Ingredients"
    },
    "weight": "80 x 0.105 oz",
    "UpcCode": "",
    "tax": 0.0,
    "spiceLevel": "",
    "aiselNo": "8",
    "store": "Market Basket",
    "weightType": "80 x 0.105 oz",
    "imageName": "15685.jpg",
    "defaultImage": "15685.jpg",
    "updatedTimestamp": "Jan 23, 2021 8:02:30 PM",
    "createdTimestamp": "Jan 23, 2021 8:02:30 PM",
    "isNewlyAdded": false,
    "isActive": true,
    "isDealsEnabled": false,
    "quantity": 0
  },
  {
    "id": 5288,
    "code": "Pringles Wavy Fire Roasted Jalepeno",
    "desc": "Pringles Wavy Fire Roasted Jalepeno",
    "shortDesc": "Pringles Wavy Fire Roasted Jalepeno",
    "tags": [
      "Chips & Pretzels"
    ],
    "categories": [
      {
        "code": "Chips, Cookies & Snacks",
        "desc": "Chips, Cookies & Snacks"
      }
    ],
    "subCategories": [
      {
        "code": "Chips & Fruit Snacks",
        "desc": "Chips & Fruit Snacks"
      }
    ],
    "brands": [
      {
        "code": "Pringles",
        "desc": "Pringles"
      }
    ],
    "price": {
      "basePrice": 2.08,
      "discountPrice": 2.08
    },
    "type": {
      "code": "Chips & Pretzels",
      "desc": "Chips & Pretzels"
    },
    "weight": "4.5 oz",
    "UpcCode": "",
    "tax": 0.0,
    "spiceLevel": "",
    "aiselNo": "0",
    "store": "Market Basket",
    "weightType": "4.5 oz",
    "imageName": "No Image.jpg",
    "defaultImage": "No Image.jpg",
    "updatedTimestamp": "Jan 23, 2021 8:02:30 PM",
    "createdTimestamp": "Jan 23, 2021 8:02:30 PM",
    "isNewlyAdded": false,
    "isActive": true,
    "isDealsEnabled": false,
    "quantity": 0
  },
  {
    "id": 5014,
    "code": "Utz Premium White Cheddar Popcorn",
    "desc": "Utz Premium White Cheddar Popcorn",
    "shortDesc": "Utz Premium White Cheddar Popcorn",
    "tags": [
      "Ready Popcorn"
    ],
    "categories": [
      {
        "code": "Chips, Cookies & Snacks",
        "desc": "Chips, Cookies & Snacks"
      }
    ],
    "subCategories": [
      {
        "code": "Chips & Fruit Snacks",
        "desc": "Chips & Fruit Snacks"
      }
    ],
    "brands": [
      {
        "code": "Utz",
        "desc": "Utz"
      }
    ],
    "price": {
      "basePrice": 3.91,
      "discountPrice": 3.91
    },
    "type": {
      "code": "Ready Popcorn",
      "desc": "Ready Popcorn"
    },
    "weight": "6.5 oz",
    "UpcCode": "",
    "tax": 0.0,
    "spiceLevel": "",
    "aiselNo": "0",
    "store": "Market Basket",
    "weightType": "6.5 oz",
    "imageName": "No Image.jpg",
    "defaultImage": "No Image.jpg",
    "updatedTimestamp": "Jan 23, 2021 8:02:30 PM",
    "createdTimestamp": "Jan 23, 2021 8:02:30 PM",
    "isNewlyAdded": false,
    "isActive": true,
    "isDealsEnabled": false,
    "quantity": 0
  },
  {
    "id": 4801,
    "code": "Market Basket Wild Pollock Fillets",
    "desc": "Market Basket Wild Pollock Fillets",
    "shortDesc": "Market Basket Wild Pollock Fillets",
    "tags": [
      "Frozen Fish (All)"
    ],
    "categories": [
      {
        "code": "Meat & Seafood",
        "desc": "Meat & Seafood"
      }
    ],
    "subCategories": [
      {
        "code": "Frozen Meat & Seafood",
        "desc": "Frozen Meat & Seafood"
      }
    ],
    "brands": [
      {
        "code": "Market Basket",
        "desc": "Market Basket"
      }
    ],
    "price": {
      "basePrice": 24.06,
      "discountPrice": 24.06
    },
    "type": {
      "code": "Frozen Fish (All)",
      "desc": "Frozen Fish (All)"
    },
    "weight": "Approx: 4.92 lb at $4.89/lb",
    "UpcCode": "",
    "tax": 0.0,
    "spiceLevel": "",
    "aiselNo": "18",
    "store": "Market Basket",
    "weightType": "Approx: 4.92 lb at $4.89/lb",
    "imageName": "Market Basket.jpg",
    "defaultImage": "Market Basket.jpg",
    "updatedTimestamp": "Jan 23, 2021 8:02:30 PM",
    "createdTimestamp": "Jan 23, 2021 8:02:30 PM",
    "isNewlyAdded": false,
    "isActive": true,
    "isDealsEnabled": false,
    "quantity": 0
  },
  {
    "id": 8015,
    "code": "Herb Ox Sodium Free Beef Flavor Granulated Bouillon",
    "desc": "Herb Ox Sodium Free Beef Flavor Granulated Bouillon",
    "shortDesc": "Herb Ox Sodium Free Beef Flavor Granulated Bouillon",
    "tags": [
      "Soup, Broth & Bouillon"
    ],
    "categories": [
      {
        "code": "Cooking Needs",
        "desc": "Cooking Needs"
      }
    ],
    "subCategories": [
      {
        "code": "Canned Food",
        "desc": "Canned Food"
      }
    ],
    "brands": [
      {
        "code": "Herb-Ox",
        "desc": "Herb-Ox"
      }
    ],
    "price": {
      "basePrice": 2.09,
      "discountPrice": 2.09
    },
    "type": {
      "code": "Soup, Broth & Bouillon",
      "desc": "Soup, Broth & Bouillon"
    },
    "weight": "8 count",
    "UpcCode": "",
    "tax": 0.0,
    "spiceLevel": "",
    "aiselNo": "2",
    "store": "Market Basket",
    "weightType": "8 count",
    "imageName": "17228.jpg",
    "defaultImage": "17228.jpg",
    "updatedTimestamp": "Jan 23, 2021 8:02:30 PM",
    "createdTimestamp": "Jan 23, 2021 8:02:30 PM",
    "isNewlyAdded": false,
    "isActive": true,
    "isDealsEnabled": false,
    "quantity": 0
  },
  {
    "id": 14539,
    "code": "Bigelow Spiced Chai Decaffeinated Black Tea",
    "desc": "Bigelow Spiced Chai Decaffeinated Black Tea",
    "shortDesc": "Bigelow Spiced Chai Decaffeinated Black Tea",
    "tags": [
      "Tea"
    ],
    "categories": [
      {
        "code": "Breakfast & Dairy",
        "desc": "Breakfast & Dairy"
      }
    ],
    "subCategories": [
      {
        "code": "Tea & Coffee",
        "desc": "Tea & Coffee"
      }
    ],
    "brands": [
      {
        "code": "Bigelow ",
        "desc": "Bigelow "
      }
    ],
    "price": {
      "basePrice": 2.49,
      "discountPrice": 2.49
    },
    "type": {
      "code": "Tea",
      "desc": "Tea"
    },
    "weight": "20 x 1.73 oz",
    "UpcCode": "",
    "tax": 0.0,
    "spiceLevel": "",
    "aiselNo": "8",
    "store": "Market Basket",
    "weightType": "20 x 1.73 oz",
    "imageName": "3419.jpg",
    "defaultImage": "3419.jpg",
    "updatedTimestamp": "Jan 23, 2021 8:02:30 PM",
    "createdTimestamp": "Jan 23, 2021 8:02:30 PM",
    "isNewlyAdded": false,
    "isActive": true,
    "isDealsEnabled": false,
    "quantity": 0
  },
  {
    "id": 3875,
    "code": "Lemongrass Bunch",
    "desc": "Lemongrass Bunch",
    "shortDesc": "Lemongrass Bunch",
    "tags": [
      "Lemongrass"
    ],
    "categories": [
      {
        "code": "Fresh Produce",
        "desc": "Fresh Produce"
      }
    ],
    "subCategories": [
      {
        "code": "Fresh Vegetables",
        "desc": "Fresh Vegetables"
      }
    ],
    "brands": [
      {
        "code": "Market Basket",
        "desc": "Market Basket"
      }
    ],
    "price": {
      "basePrice": 3.92,
      "discountPrice": 3.92
    },
    "type": {
      "code": "Lemongrass",
      "desc": "Lemongrass"
    },
    "weight": "1 count",
    "UpcCode": "",
    "tax": 0.0,
    "spiceLevel": "",
    "aiselNo": "20",
    "store": "Market Basket",
    "weightType": "1 count",
    "imageName": "FP78.jpg",
    "defaultImage": "FP78.jpg",
    "updatedTimestamp": "Jan 23, 2021 8:02:30 PM",
    "createdTimestamp": "Jan 23, 2021 8:02:30 PM",
    "isNewlyAdded": false,
    "isActive": true,
    "isDealsEnabled": false,
    "quantity": 0
  },
  {
    "id": 4249,
    "code": "PanaPesca Cleaned Octopus",
    "desc": "PanaPesca Cleaned Octopus",
    "shortDesc": "PanaPesca Cleaned Octopus",
    "tags": [
      "Octopus"
    ],
    "categories": [
      {
        "code": "Meat & Seafood",
        "desc": "Meat & Seafood"
      }
    ],
    "subCategories": [
      {
        "code": "Packaged Meat & Seafood",
        "desc": "Packaged Meat & Seafood"
      }
    ],
    "brands": [
      {
        "code": "PanaPesca",
        "desc": "PanaPesca"
      }
    ],
    "price": {
      "basePrice": 9.79,
      "discountPrice": 9.79
    },
    "type": {
      "code": "Octopus",
      "desc": "Octopus"
    },
    "weight": "17.6 oz",
    "UpcCode": "",
    "tax": 0.0,
    "spiceLevel": "",
    "aiselNo": "22",
    "store": "Market Basket",
    "weightType": "17.6 oz",
    "imageName": "4141.jpg",
    "defaultImage": "4141.jpg",
    "updatedTimestamp": "Jan 23, 2021 8:02:30 PM",
    "createdTimestamp": "Jan 23, 2021 8:02:30 PM",
    "isNewlyAdded": false,
    "isActive": true,
    "isDealsEnabled": false,
    "quantity": 0
  },
  {
    "id": 7677,
    "code": "Scotch Bonnet Peppers",
    "desc": "Scotch Bonnet Peppers",
    "shortDesc": "Scotch Bonnet Peppers",
    "tags": [
      "Canned Fruit & Applesauce"
    ],
    "categories": [
      {
        "code": "Cooking Needs",
        "desc": "Cooking Needs"
      }
    ],
    "subCategories": [
      {
        "code": "Canned Food",
        "desc": "Canned Food"
      }
    ],
    "brands": [
      {
        "code": "Scotch",
        "desc": "Scotch"
      }
    ],
    "price": {
      "basePrice": 2.15,
      "discountPrice": 2.15
    },
    "type": {
      "code": "Canned Fruit & Applesauce",
      "desc": "Canned Fruit & Applesauce"
    },
    "weight": "0.38 lb",
    "UpcCode": "",
    "tax": 0.0,
    "spiceLevel": "",
    "aiselNo": "3",
    "store": "Market Basket",
    "weightType": "0.38 lb",
    "imageName": "No Image.jpg",
    "defaultImage": "No Image.jpg",
    "updatedTimestamp": "Jan 23, 2021 8:02:30 PM",
    "createdTimestamp": "Jan 23, 2021 8:02:30 PM",
    "isNewlyAdded": false,
    "isActive": true,
    "isDealsEnabled": false,
    "quantity": 0
  },
  {
    "id": 6319,
    "code": "Polar Seltzer Dragon Whispers",
    "desc": "Polar Seltzer Dragon Whispers",
    "shortDesc": "Polar Seltzer Dragon Whispers",
    "tags": [
      "Seltzer"
    ],
    "categories": [
      {
        "code": "Beverages & Juices",
        "desc": "Beverages & Juices"
      }
    ],
    "subCategories": [
      {
        "code": "Soft Drinks & Seltzers",
        "desc": "Soft Drinks & Seltzers"
      }
    ],
    "brands": [
      {
        "code": "Polar",
        "desc": "Polar"
      }
    ],
    "price": {
      "basePrice": 3.74,
      "discountPrice": 3.74
    },
    "type": {
      "code": "Seltzer",
      "desc": "Seltzer"
    },
    "weight": "6 x 8 fl oz",
    "UpcCode": "",
    "tax": 0.0,
    "spiceLevel": "",
    "aiselNo": "11",
    "store": "Market Basket",
    "weightType": "6 x 8 fl oz",
    "imageName": "No Image.jpg",
    "defaultImage": "No Image.jpg",
    "updatedTimestamp": "Jan 23, 2021 8:02:30 PM",
    "createdTimestamp": "Jan 23, 2021 8:02:30 PM",
    "isNewlyAdded": false,
    "isActive": true,
    "isDealsEnabled": false,
    "quantity": 0
  },
  {
    "id": 4524,
    "code": "Prosciutto Di San Daniele Dan Daniele Ham",
    "desc": "Prosciutto Di San Daniele Dan Daniele Ham",
    "shortDesc": "Prosciutto Di San Daniele Dan Daniele Ham",
    "tags": [
      "Ham"
    ],
    "categories": [
      {
        "code": "Meat & Seafood",
        "desc": "Meat & Seafood"
      }
    ],
    "subCategories": [
      {
        "code": "Lunch Meat",
        "desc": "Lunch Meat"
      }
    ],
    "brands": [
      {
        "code": "San Daniele",
        "desc": "San Daniele"
      }
    ],
    "price": {
      "basePrice": 9.79,
      "discountPrice": 9.79
    },
    "type": {
      "code": "Ham",
      "desc": "Ham"
    },
    "weight": "4 oz",
    "UpcCode": "",
    "tax": 0.0,
    "spiceLevel": "",
    "aiselNo": "22",
    "store": "Market Basket",
    "weightType": "4 oz",
    "imageName": "No Image.jpg",
    "defaultImage": "No Image.jpg",
    "updatedTimestamp": "Jan 23, 2021 8:02:30 PM",
    "createdTimestamp": "Jan 23, 2021 8:02:30 PM",
    "isNewlyAdded": false,
    "isActive": true,
    "isDealsEnabled": false,
    "quantity": 0
  },
  {
    "id": 3441,
    "code": "Tasty Sweet Balckberries",
    "desc": "Tasty Sweet Balckberries",
    "shortDesc": "Tasty Sweet Balckberries",
    "tags": [
      "Blackberries"
    ],
    "categories": [
      {
        "code": "Fresh Produce",
        "desc": "Fresh Produce"
      }
    ],
    "subCategories": [
      {
        "code": "Fresh Fruits",
        "desc": "Fresh Fruits"
      }
    ],
    "brands": [
      {
        "code": "Market Basket",
        "desc": "Market Basket"
      }
    ],
    "price": {
      "basePrice": 5.49,
      "discountPrice": 5.49
    },
    "type": {
      "code": "Blackberries",
      "desc": "Blackberries"
    },
    "weight": "2 box",
    "UpcCode": "",
    "tax": 0.0,
    "spiceLevel": "",
    "aiselNo": "20",
    "store": "Market Basket",
    "weightType": "2 box",
    "imageName": "f18.jpg",
    "defaultImage": "f18.jpg",
    "updatedTimestamp": "Jan 23, 2021 8:02:30 PM",
    "createdTimestamp": "Jan 23, 2021 8:02:30 PM",
    "isNewlyAdded": false,
    "isActive": true,
    "isDealsEnabled": false,
    "quantity": 0
  },
  {
    "id": 4813,
    "code": "Bachman Rolled Rods Flame Baked Pretzels",
    "desc": "Bachman Rolled Rods Flame Baked Pretzels",
    "shortDesc": "Bachman Rolled Rods Flame Baked Pretzels",
    "tags": [
      "Chips & Pretzels"
    ],
    "categories": [
      {
        "code": "Chips, Cookies & Snacks",
        "desc": "Chips, Cookies & Snacks"
      }
    ],
    "subCategories": [
      {
        "code": "Chips & Fruit Snacks",
        "desc": "Chips & Fruit Snacks"
      }
    ],
    "brands": [
      {
        "code": "Bachman",
        "desc": "Bachman"
      }
    ],
    "price": {
      "basePrice": 3.91,
      "discountPrice": 3.91
    },
    "type": {
      "code": "Chips & Pretzels",
      "desc": "Chips & Pretzels"
    },
    "weight": "10 oz",
    "UpcCode": "",
    "tax": 0.0,
    "spiceLevel": "",
    "aiselNo": "0",
    "store": "Market Basket",
    "weightType": "10 oz",
    "imageName": "14905.jpg",
    "defaultImage": "14905.jpg",
    "updatedTimestamp": "Jan 23, 2021 8:02:30 PM",
    "createdTimestamp": "Jan 23, 2021 8:02:30 PM",
    "isNewlyAdded": false,
    "isActive": true,
    "isDealsEnabled": false,
    "quantity": 0
  },
  {
    "id": 6983,
    "code": "Jell O Sugar Free Chocolate Instant Pudding Mix",
    "desc": "Jell O Sugar Free Chocolate Instant Pudding Mix",
    "shortDesc": "Jell O Sugar Free Chocolate Instant Pudding Mix",
    "tags": [
      "Doughs, Gelatins & Bake Mixes"
    ],
    "categories": [
      {
        "code": "Cooking Needs",
        "desc": "Cooking Needs"
      }
    ],
    "subCategories": [
      {
        "code": "Baking & Cooking",
        "desc": "Baking & Cooking"
      }
    ],
    "brands": [
      {
        "code": "Jell-O",
        "desc": "Jell-O"
      }
    ],
    "price": {
      "basePrice": 1.09,
      "discountPrice": 1.09
    },
    "type": {
      "code": "Doughs, Gelatins & Bake Mixes",
      "desc": "Doughs, Gelatins & Bake Mixes"
    },
    "weight": "1.4 oz",
    "UpcCode": "",
    "tax": 0.0,
    "spiceLevel": "",
    "aiselNo": "8",
    "store": "Market Basket",
    "weightType": "1.4 oz",
    "imageName": "2068.jpg",
    "defaultImage": "2068.jpg",
    "updatedTimestamp": "Jan 23, 2021 8:02:30 PM",
    "createdTimestamp": "Jan 23, 2021 8:02:30 PM",
    "isNewlyAdded": false,
    "isActive": true,
    "isDealsEnabled": false,
    "quantity": 0
  },
  {
    "id": 6808,
    "code": "Carnation Evaporated Milk Vitamin D",
    "desc": "Carnation Evaporated Milk Vitamin D",
    "shortDesc": "Carnation Evaporated Milk Vitamin D",
    "tags": [
      "Baking Ingredients"
    ],
    "categories": [
      {
        "code": "Cooking Needs",
        "desc": "Cooking Needs"
      }
    ],
    "subCategories": [
      {
        "code": "Baking & Cooking",
        "desc": "Baking & Cooking"
      }
    ],
    "brands": [
      {
        "code": "Carnation ",
        "desc": "Carnation "
      }
    ],
    "price": {
      "basePrice": 1.59,
      "discountPrice": 1.59
    },
    "type": {
      "code": "Baking Ingredients",
      "desc": "Baking Ingredients"
    },
    "weight": "12 fl oz",
    "UpcCode": "",
    "tax": 0.0,
    "spiceLevel": "",
    "aiselNo": "8",
    "store": "Market Basket",
    "weightType": "12 fl oz",
    "imageName": "2366.jpg",
    "defaultImage": "2366.jpg",
    "updatedTimestamp": "Jan 23, 2021 8:02:30 PM",
    "createdTimestamp": "Jan 23, 2021 8:02:30 PM",
    "isNewlyAdded": false,
    "isActive": true,
    "isDealsEnabled": false,
    "quantity": 0
  },
  {
    "id": 6999,
    "code": "Krusteaz Wild Blueberry Muffin Mix",
    "desc": "Krusteaz Wild Blueberry Muffin Mix",
    "shortDesc": "Krusteaz Wild Blueberry Muffin Mix",
    "tags": [
      "Doughs, Gelatins & Bake Mixes"
    ],
    "categories": [
      {
        "code": "Cooking Needs",
        "desc": "Cooking Needs"
      }
    ],
    "subCategories": [
      {
        "code": "Baking & Cooking",
        "desc": "Baking & Cooking"
      }
    ],
    "brands": [
      {
        "code": "Krusteaz",
        "desc": "Krusteaz"
      }
    ],
    "price": {
      "basePrice": 2.79,
      "discountPrice": 2.79
    },
    "type": {
      "code": "Doughs, Gelatins & Bake Mixes",
      "desc": "Doughs, Gelatins & Bake Mixes"
    },
    "weight": "17.1 oz",
    "UpcCode": "",
    "tax": 0.0,
    "spiceLevel": "",
    "aiselNo": "8",
    "store": "Market Basket",
    "weightType": "17.1 oz",
    "imageName": "2115.jpg",
    "defaultImage": "2115.jpg",
    "updatedTimestamp": "Jan 23, 2021 8:02:30 PM",
    "createdTimestamp": "Jan 23, 2021 8:02:30 PM",
    "isNewlyAdded": false,
    "isActive": true,
    "isDealsEnabled": false,
    "quantity": 0
  },
  {
    "id": 3442,
    "code": "Blueberries",
    "desc": "Blueberries",
    "shortDesc": "Blueberries",
    "tags": [
      "Blueberries"
    ],
    "categories": [
      {
        "code": "Fresh Produce",
        "desc": "Fresh Produce"
      }
    ],
    "subCategories": [
      {
        "code": "Fresh Fruits",
        "desc": "Fresh Fruits"
      }
    ],
    "brands": [
      {
        "code": "Market Basket",
        "desc": "Market Basket"
      }
    ],
    "price": {
      "basePrice": 7.14,
      "discountPrice": 7.14
    },
    "type": {
      "code": "Blueberries",
      "desc": "Blueberries"
    },
    "weight": "2 box",
    "UpcCode": "",
    "tax": 0.0,
    "spiceLevel": "",
    "aiselNo": "20",
    "store": "Market Basket",
    "weightType": "2 box",
    "imageName": "No Image.jpg",
    "defaultImage": "No Image.jpg",
    "updatedTimestamp": "Jan 23, 2021 8:02:30 PM",
    "createdTimestamp": "Jan 23, 2021 8:02:30 PM",
    "isNewlyAdded": false,
    "isActive": true,
    "isDealsEnabled": false,
    "quantity": 0
  },
  {
    "id": 14155,
    "code": "Lifeway Peach Cultured Lowfat Milk",
    "desc": "Lifeway Peach Cultured Lowfat Milk",
    "shortDesc": "Lifeway Peach Cultured Lowfat Milk",
    "tags": [
      "Yogurt"
    ],
    "categories": [
      {
        "code": "Breakfast & Dairy",
        "desc": "Breakfast & Dairy"
      }
    ],
    "subCategories": [
      {
        "code": "Dairy & Eggs",
        "desc": "Dairy & Eggs"
      }
    ],
    "brands": [
      {
        "code": "Lifeway",
        "desc": "Lifeway"
      }
    ],
    "price": {
      "basePrice": 3.69,
      "discountPrice": 3.69
    },
    "type": {
      "code": "Yogurt",
      "desc": "Yogurt"
    },
    "weight": "32 fl oz",
    "UpcCode": "",
    "tax": 0.0,
    "spiceLevel": "",
    "aiselNo": "1",
    "store": "Market Basket",
    "weightType": "32 fl oz",
    "imageName": "14705.jpg",
    "defaultImage": "14705.jpg",
    "updatedTimestamp": "Jan 23, 2021 8:02:30 PM",
    "createdTimestamp": "Jan 23, 2021 8:02:30 PM",
    "isNewlyAdded": false,
    "isActive": true,
    "isDealsEnabled": false,
    "quantity": 0
  },
  {
    "id": 7328,
    "code": "McCormick Minced Onion",
    "desc": "McCormick Minced Onion",
    "shortDesc": "McCormick Minced Onion",
    "tags": [
      "Spices & Seasonings"
    ],
    "categories": [
      {
        "code": "Cooking Needs",
        "desc": "Cooking Needs"
      }
    ],
    "subCategories": [
      {
        "code": "Spices & Seasonings",
        "desc": "Spices & Seasonings"
      }
    ],
    "brands": [
      {
        "code": "McCormick",
        "desc": "McCormick"
      }
    ],
    "price": {
      "basePrice": 6.09,
      "discountPrice": 6.09
    },
    "type": {
      "code": "Spices & Seasonings",
      "desc": "Spices & Seasonings"
    },
    "weight": "8.25 oz",
    "UpcCode": "",
    "tax": 0.0,
    "spiceLevel": "",
    "aiselNo": "9",
    "store": "Market Basket",
    "weightType": "8.25 oz",
    "imageName": "2143.jpg",
    "defaultImage": "2143.jpg",
    "updatedTimestamp": "Jan 23, 2021 8:02:30 PM",
    "createdTimestamp": "Jan 23, 2021 8:02:30 PM",
    "isNewlyAdded": false,
    "isActive": true,
    "isDealsEnabled": false,
    "quantity": 0
  },
  {
    "id": 15056,
    "code": "Speed Stick Deodorant Fresh",
    "desc": "Speed Stick Deodorant Fresh",
    "shortDesc": "Speed Stick Deodorant Fresh",
    "tags": [
      "Deodorants"
    ],
    "categories": [
      {
        "code": "Personal Care",
        "desc": "Personal Care"
      }
    ],
    "subCategories": [
      {
        "code": "Personal Needs",
        "desc": "Personal Needs"
      }
    ],
    "brands": [
      {
        "code": "Speed Stick",
        "desc": "Speed Stick"
      }
    ],
    "price": {
      "basePrice": 3.55,
      "discountPrice": 3.55
    },
    "type": {
      "code": "Deodorants",
      "desc": "Deodorants"
    },
    "weight": "3 oz",
    "UpcCode": "",
    "tax": 1.0,
    "spiceLevel": "",
    "aiselNo": "13",
    "store": "Market Basket",
    "weightType": "3 oz",
    "imageName": "6312.jpg",
    "defaultImage": "6312.jpg",
    "updatedTimestamp": "Jan 23, 2021 8:02:30 PM",
    "createdTimestamp": "Jan 23, 2021 8:02:30 PM",
    "isNewlyAdded": false,
    "isActive": true,
    "isDealsEnabled": false,
    "quantity": 0
  },
  {
    "id": 14959,
    "code": "Cortizone-10 Plus Ultra Moisturizing Creme",
    "desc": "Cortizone-10 Plus Ultra Moisturizing Creme",
    "shortDesc": "Cortizone-10 Plus Ultra Moisturizing Creme",
    "tags": [
      "First Aid"
    ],
    "categories": [
      {
        "code": "Personal Care",
        "desc": "Personal Care"
      }
    ],
    "subCategories": [
      {
        "code": "First Aid & Healthcare",
        "desc": "First Aid & Healthcare"
      }
    ],
    "brands": [
      {
        "code": "Cortizone-10",
        "desc": "Cortizone-10"
      }
    ],
    "price": {
      "basePrice": 8.15,
      "discountPrice": 8.15
    },
    "type": {
      "code": "First Aid",
      "desc": "First Aid"
    },
    "weight": "1 oz",
    "UpcCode": "",
    "tax": 1.0,
    "spiceLevel": "",
    "aiselNo": "13",
    "store": "Market Basket",
    "weightType": "1 oz",
    "imageName": "6534.jpg",
    "defaultImage": "6534.jpg",
    "updatedTimestamp": "Jan 23, 2021 8:02:30 PM",
    "createdTimestamp": "Jan 23, 2021 8:02:30 PM",
    "isNewlyAdded": false,
    "isActive": true,
    "isDealsEnabled": false,
    "quantity": 0
  },
  {
    "id": 5271,
    "code": "Good Health Potato Chips Avocado Oil Sea Salt",
    "desc": "Good Health Potato Chips Avocado Oil Sea Salt",
    "shortDesc": "Good Health Potato Chips Avocado Oil Sea Salt",
    "tags": [
      "Chips & Pretzels"
    ],
    "categories": [
      {
        "code": "Chips, Cookies & Snacks",
        "desc": "Chips, Cookies & Snacks"
      }
    ],
    "subCategories": [
      {
        "code": "Chips & Fruit Snacks",
        "desc": "Chips & Fruit Snacks"
      }
    ],
    "brands": [
      {
        "code": "Good Health",
        "desc": "Good Health"
      }
    ],
    "price": {
      "basePrice": 4.69,
      "discountPrice": 4.69
    },
    "type": {
      "code": "Chips & Pretzels",
      "desc": "Chips & Pretzels"
    },
    "weight": "5 oz",
    "UpcCode": "",
    "tax": 0.0,
    "spiceLevel": "",
    "aiselNo": "0",
    "store": "Market Basket",
    "weightType": "5 oz",
    "imageName": "No Image.jpg",
    "defaultImage": "No Image.jpg",
    "updatedTimestamp": "Jan 23, 2021 8:02:30 PM",
    "createdTimestamp": "Jan 23, 2021 8:02:30 PM",
    "isNewlyAdded": false,
    "isActive": true,
    "isDealsEnabled": false,
    "quantity": 0
  },
  {
    "id": 10072,
    "code": "Haagen dazs Mint Chip Ice Cream",
    "desc": "Haagen dazs Mint Chip Ice Cream",
    "shortDesc": "Haagen dazs Mint Chip Ice Cream",
    "tags": [
      "Ice Cream & Ice"
    ],
    "categories": [
      {
        "code": "Frozen Food",
        "desc": "Frozen Food"
      }
    ],
    "subCategories": [
      {
        "code": "Ice Cream & Ice",
        "desc": "Ice Cream & Ice"
      }
    ],
    "brands": [
      {
        "code": "Haagen-dazs",
        "desc": "Haagen-dazs"
      }
    ],
    "price": {
      "basePrice": 3.69,
      "discountPrice": 3.69
    },
    "type": {
      "code": "Ice Cream & Ice",
      "desc": "Ice Cream & Ice"
    },
    "weight": "1 pint",
    "UpcCode": "",
    "tax": 0.0,
    "spiceLevel": "",
    "aiselNo": "21",
    "store": "Market Basket",
    "weightType": "1 pint",
    "imageName": "3077.jpg",
    "defaultImage": "3077.jpg",
    "updatedTimestamp": "Jan 23, 2021 8:02:30 PM",
    "createdTimestamp": "Jan 23, 2021 8:02:30 PM",
    "isNewlyAdded": false,
    "isActive": true,
    "isDealsEnabled": false,
    "quantity": 0
  },
  {
    "id": 5957,
    "code": "Mr & Mrs T Original Bloody Mary Mix",
    "desc": "Mr & Mrs T Original Bloody Mary Mix",
    "shortDesc": "Mr & Mrs T Original Bloody Mary Mix",
    "tags": [
      "Cocoa & Drink Mixes"
    ],
    "categories": [
      {
        "code": "Beverages & Juices",
        "desc": "Beverages & Juices"
      }
    ],
    "subCategories": [
      {
        "code": "Cocoa & Drink Mixes",
        "desc": "Cocoa & Drink Mixes"
      }
    ],
    "brands": [
      {
        "code": "Mr & Mrs T",
        "desc": "Mr & Mrs T"
      }
    ],
    "price": {
      "basePrice": 4.99,
      "discountPrice": 4.99
    },
    "type": {
      "code": "Cocoa & Drink Mixes",
      "desc": "Cocoa & Drink Mixes"
    },
    "weight": "1 L",
    "UpcCode": "",
    "tax": 0.0,
    "spiceLevel": "",
    "aiselNo": "17",
    "store": "Market Basket",
    "weightType": "1 L",
    "imageName": "No Image.jpg",
    "defaultImage": "No Image.jpg",
    "updatedTimestamp": "Jan 23, 2021 8:02:29 PM",
    "createdTimestamp": "Jan 23, 2021 8:02:29 PM",
    "isNewlyAdded": false,
    "isActive": true,
    "isDealsEnabled": false,
    "quantity": 0
  },
  {
    "id": 5171,
    "code": "Dare Vinta 8 Grains & Seeds",
    "desc": "Dare Vinta 8 Grains & Seeds",
    "shortDesc": "Dare Vinta 8 Grains & Seeds",
    "tags": [
      "Crackers"
    ],
    "categories": [
      {
        "code": "Chips, Cookies & Snacks",
        "desc": "Chips, Cookies & Snacks"
      }
    ],
    "subCategories": [
      {
        "code": "Cookies & Crackers",
        "desc": "Cookies & Crackers"
      }
    ],
    "brands": [
      {
        "code": "Dare",
        "desc": "Dare"
      }
    ],
    "price": {
      "basePrice": 3.13,
      "discountPrice": 3.13
    },
    "type": {
      "code": "Crackers",
      "desc": "Crackers"
    },
    "weight": "8.8 oz",
    "UpcCode": "",
    "tax": 0.0,
    "spiceLevel": "",
    "aiselNo": "6",
    "store": "Market Basket",
    "weightType": "8.8 oz",
    "imageName": "No Image.jpg",
    "defaultImage": "No Image.jpg",
    "updatedTimestamp": "Jan 23, 2021 8:02:30 PM",
    "createdTimestamp": "Jan 23, 2021 8:02:30 PM",
    "isNewlyAdded": false,
    "isActive": true,
    "isDealsEnabled": false,
    "quantity": 0
  },
  {
    "id": 5513,
    "code": "M&M's Milk Chocolate",
    "desc": "M&M's Milk Chocolate",
    "shortDesc": "M&M's Milk Chocolate",
    "tags": [
      "Candy & Chocolate"
    ],
    "categories": [
      {
        "code": "Chips, Cookies & Snacks",
        "desc": "Chips, Cookies & Snacks"
      }
    ],
    "subCategories": [
      {
        "code": "Candy & Chocolates",
        "desc": "Candy & Chocolates"
      }
    ],
    "brands": [
      {
        "code": "M&M's",
        "desc": "M&M's"
      }
    ],
    "price": {
      "basePrice": 3.69,
      "discountPrice": 3.69
    },
    "type": {
      "code": "Candy & Chocolate",
      "desc": "Candy & Chocolate"
    },
    "weight": "11.4 oz",
    "UpcCode": "",
    "tax": 0.0,
    "spiceLevel": "",
    "aiselNo": "3",
    "store": "Market Basket",
    "weightType": "11.4 oz",
    "imageName": "1008.jpg",
    "defaultImage": "1008.jpg",
    "updatedTimestamp": "Jan 23, 2021 8:02:30 PM",
    "createdTimestamp": "Jan 23, 2021 8:02:30 PM",
    "isNewlyAdded": false,
    "isActive": true,
    "isDealsEnabled": false,
    "quantity": 0
  },
  {
    "id": 4942,
    "code": "Snyder's of Hanover Dipping Pretzel Sticks",
    "desc": "Snyder's of Hanover Dipping Pretzel Sticks",
    "shortDesc": "Snyder's of Hanover Dipping Pretzel Sticks",
    "tags": [
      "Chips & Pretzels"
    ],
    "categories": [
      {
        "code": "Chips, Cookies & Snacks",
        "desc": "Chips, Cookies & Snacks"
      }
    ],
    "subCategories": [
      {
        "code": "Chips & Fruit Snacks",
        "desc": "Chips & Fruit Snacks"
      }
    ],
    "brands": [
      {
        "code": "Snyder's of Hanover",
        "desc": "Snyder's of Hanover"
      }
    ],
    "price": {
      "basePrice": 5.45,
      "discountPrice": 5.45
    },
    "type": {
      "code": "Chips & Pretzels",
      "desc": "Chips & Pretzels"
    },
    "weight": "12 oz",
    "UpcCode": "",
    "tax": 0.0,
    "spiceLevel": "",
    "aiselNo": "0",
    "store": "Market Basket",
    "weightType": "12 oz",
    "imageName": "893.jpg",
    "defaultImage": "893.jpg",
    "updatedTimestamp": "Jan 23, 2021 8:02:30 PM",
    "createdTimestamp": "Jan 23, 2021 8:02:30 PM",
    "isNewlyAdded": false,
    "isActive": true,
    "isDealsEnabled": false,
    "quantity": 0
  },
  {
    "id": 13734,
    "code": "Market Basket Fat Free American Singles White",
    "desc": "Market Basket Fat Free American Singles White",
    "shortDesc": "Market Basket Fat Free American Singles White",
    "tags": [
      "Packaged Cheese"
    ],
    "categories": [
      {
        "code": "Breakfast & Dairy",
        "desc": "Breakfast & Dairy"
      }
    ],
    "subCategories": [
      {
        "code": "Dairy & Eggs",
        "desc": "Dairy & Eggs"
      }
    ],
    "brands": [
      {
        "code": "Market Basket",
        "desc": "Market Basket"
      }
    ],
    "price": {
      "basePrice": 3.09,
      "discountPrice": 3.09
    },
    "type": {
      "code": "Packaged Cheese",
      "desc": "Packaged Cheese"
    },
    "weight": "12 oz",
    "UpcCode": "",
    "tax": 0.0,
    "spiceLevel": "",
    "aiselNo": "1",
    "store": "Market Basket",
    "weightType": "12 oz",
    "imageName": "Market Basket.jpg",
    "defaultImage": "Market Basket.jpg",
    "updatedTimestamp": "Jan 23, 2021 8:02:30 PM",
    "createdTimestamp": "Jan 23, 2021 8:02:30 PM",
    "isNewlyAdded": false,
    "isActive": true,
    "isDealsEnabled": false,
    "quantity": 0
  },
  {
    "id": 9078,
    "code": "Trappist Peach Preserves",
    "desc": "Trappist Peach Preserves",
    "shortDesc": "Trappist Peach Preserves",
    "tags": [
      "Spreads"
    ],
    "categories": [
      {
        "code": "Condiments & Dressings",
        "desc": "Condiments & Dressings"
      }
    ],
    "subCategories": [
      {
        "code": "Preserved Dips & Spreads",
        "desc": "Preserved Dips & Spreads"
      }
    ],
    "brands": [
      {
        "code": "Trappist",
        "desc": "Trappist"
      }
    ],
    "price": {
      "basePrice": 3.69,
      "discountPrice": 3.69
    },
    "type": {
      "code": "Spreads",
      "desc": "Spreads"
    },
    "weight": "12 oz",
    "UpcCode": "",
    "tax": 0.0,
    "spiceLevel": "",
    "aiselNo": "3",
    "store": "Market Basket",
    "weightType": "12 oz",
    "imageName": "No Image.jpg",
    "defaultImage": "No Image.jpg",
    "updatedTimestamp": "Jan 23, 2021 8:02:30 PM",
    "createdTimestamp": "Jan 23, 2021 8:02:30 PM",
    "isNewlyAdded": false,
    "isActive": true,
    "isDealsEnabled": false,
    "quantity": 0
  },
  {
    "id": 9764,
    "code": "Birds Eye Chopped Spinach",
    "desc": "Birds Eye Chopped Spinach",
    "shortDesc": "Birds Eye Chopped Spinach",
    "tags": [
      "Frozen Produce"
    ],
    "categories": [
      {
        "code": "Frozen Food",
        "desc": "Frozen Food"
      }
    ],
    "subCategories": [
      {
        "code": "Frozen Produce",
        "desc": "Frozen Produce"
      }
    ],
    "brands": [
      {
        "code": "Birds Eye",
        "desc": "Birds Eye"
      }
    ],
    "price": {
      "basePrice": 1.49,
      "discountPrice": 1.49
    },
    "type": {
      "code": "Frozen Produce",
      "desc": "Frozen Produce"
    },
    "weight": "10 oz",
    "UpcCode": "",
    "tax": 0.0,
    "spiceLevel": "",
    "aiselNo": "19",
    "store": "Market Basket",
    "weightType": "10 oz",
    "imageName": "2425.jpg",
    "defaultImage": "2425.jpg",
    "updatedTimestamp": "Jan 23, 2021 8:02:30 PM",
    "createdTimestamp": "Jan 23, 2021 8:02:30 PM",
    "isNewlyAdded": false,
    "isActive": true,
    "isDealsEnabled": false,
    "quantity": 0
  },
  {
    "id": 14813,
    "code": "VO5 Salon Series Hydrate + Nourish Conditioner",
    "desc": "VO5 Salon Series Hydrate + Nourish Conditioner",
    "shortDesc": "VO5 Salon Series Hydrate + Nourish Conditioner",
    "tags": [
      "Hair Care"
    ],
    "categories": [
      {
        "code": "Personal Care",
        "desc": "Personal Care"
      }
    ],
    "subCategories": [
      {
        "code": "Body Wash, Soap & Hair Care",
        "desc": "Body Wash, Soap & Hair Care"
      }
    ],
    "brands": [
      {
        "code": "VO5",
        "desc": "VO5"
      }
    ],
    "price": {
      "basePrice": 2.86,
      "discountPrice": 2.86
    },
    "type": {
      "code": "Hair Care",
      "desc": "Hair Care"
    },
    "weight": "14.2 fl oz",
    "UpcCode": "",
    "tax": 1.0,
    "spiceLevel": "",
    "aiselNo": "13",
    "store": "Market Basket",
    "weightType": "14.2 fl oz",
    "imageName": "6599.jpg",
    "defaultImage": "6599.jpg",
    "updatedTimestamp": "Jan 23, 2021 8:02:30 PM",
    "createdTimestamp": "Jan 23, 2021 8:02:30 PM",
    "isNewlyAdded": false,
    "isActive": true,
    "isDealsEnabled": false,
    "quantity": 0
  },
  {
    "id": 6673,
    "code": "Tropicana Trop50 NO PULP 50% LESS SUGAR & CALORIES Than Orange juice ",
    "desc": "Tropicana Trop50 NO PULP 50% LESS SUGAR & CALORIES Than Orange juice ",
    "shortDesc": "Tropicana Trop50 NO PULP 50% LESS SUGAR & CALORIES Than Orange juice ",
    "tags": [
      "Refrigerated Drinks"
    ],
    "categories": [
      {
        "code": "Beverages & Juices",
        "desc": "Beverages & Juices"
      }
    ],
    "subCategories": [
      {
        "code": "Juices & Refrigerated Drinks",
        "desc": "Juices & Refrigerated Drinks"
      }
    ],
    "brands": [
      {
        "code": "Tropicana ",
        "desc": "Tropicana "
      }
    ],
    "price": {
      "basePrice": 4.61,
      "discountPrice": 4.61
    },
    "type": {
      "code": "Refrigerated Drinks",
      "desc": "Refrigerated Drinks"
    },
    "weight": "52 fl oz",
    "UpcCode": "",
    "tax": 0.0,
    "spiceLevel": "",
    "aiselNo": "1",
    "store": "Market Basket",
    "weightType": "52 fl oz",
    "imageName": "X850.jpg",
    "defaultImage": "X850.jpg",
    "updatedTimestamp": "Jan 23, 2021 8:02:29 PM",
    "createdTimestamp": "Jan 23, 2021 8:02:29 PM",
    "isNewlyAdded": false,
    "isActive": true,
    "isDealsEnabled": false,
    "quantity": 0
  },
  {
    "id": 6482,
    "code": "River Queen Salted Peanuts",
    "desc": "River Queen Salted Peanuts",
    "shortDesc": "River Queen Salted Peanuts",
    "tags": [
      "Nuts, Seeds & Dried Fruit"
    ],
    "categories": [
      {
        "code": "Chips, Cookies & Snacks",
        "desc": "Chips, Cookies & Snacks"
      }
    ],
    "subCategories": [
      {
        "code": "Nuts, Seeds & Dried Fruit",
        "desc": "Nuts, Seeds & Dried Fruit"
      }
    ],
    "brands": [
      {
        "code": "River Queen",
        "desc": "River Queen"
      }
    ],
    "price": {
      "basePrice": 2.5,
      "discountPrice": 2.5
    },
    "type": {
      "code": "Nuts, Seeds & Dried Fruit",
      "desc": "Nuts, Seeds & Dried Fruit"
    },
    "weight": "13 oz",
    "UpcCode": "",
    "tax": 0.0,
    "spiceLevel": "",
    "aiselNo": "6",
    "store": "Market Basket",
    "weightType": "13 oz",
    "imageName": "No Image.jpg",
    "defaultImage": "No Image.jpg",
    "updatedTimestamp": "Jan 23, 2021 8:02:30 PM",
    "createdTimestamp": "Jan 23, 2021 8:02:30 PM",
    "isNewlyAdded": false,
    "isActive": true,
    "isDealsEnabled": false,
    "quantity": 0
  },
  {
    "id": 6199,
    "code": "7 Up Diet Lemon Lime",
    "desc": "7 Up Diet Lemon Lime",
    "shortDesc": "7 Up Diet Lemon Lime",
    "tags": [
      "Soft Drinks"
    ],
    "categories": [
      {
        "code": "Beverages & Juices",
        "desc": "Beverages & Juices"
      }
    ],
    "subCategories": [
      {
        "code": "Soft Drinks & Seltzers",
        "desc": "Soft Drinks & Seltzers"
      }
    ],
    "brands": [
      {
        "code": "7 up",
        "desc": "7 up"
      }
    ],
    "price": {
      "basePrice": 4.99,
      "discountPrice": 4.99
    },
    "type": {
      "code": "Soft Drinks",
      "desc": "Soft Drinks"
    },
    "weight": "6 x 16.9 fl oz",
    "UpcCode": "",
    "tax": 0.0,
    "spiceLevel": "",
    "aiselNo": "17",
    "store": "Market Basket",
    "weightType": "6 x 16.9 fl oz",
    "imageName": "No Image.jpg",
    "defaultImage": "No Image.jpg",
    "updatedTimestamp": "Jan 23, 2021 8:02:30 PM",
    "createdTimestamp": "Jan 23, 2021 8:02:30 PM",
    "isNewlyAdded": false,
    "isActive": true,
    "isDealsEnabled": false,
    "quantity": 0
  },
  {
    "id": 8575,
    "code": "Smart Balance Non Stick Original Cooking Spray",
    "desc": "Smart Balance Non Stick Original Cooking Spray",
    "shortDesc": "Smart Balance Non Stick Original Cooking Spray",
    "tags": [
      "Oils & Vinegars"
    ],
    "categories": [
      {
        "code": "Cooking Needs",
        "desc": "Cooking Needs"
      }
    ],
    "subCategories": [
      {
        "code": "Oils & Vinegars",
        "desc": "Oils & Vinegars"
      }
    ],
    "brands": [
      {
        "code": "Smart Balance",
        "desc": "Smart Balance"
      }
    ],
    "price": {
      "basePrice": 3.09,
      "discountPrice": 3.09
    },
    "type": {
      "code": "Oils & Vinegars",
      "desc": "Oils & Vinegars"
    },
    "weight": "6 oz",
    "UpcCode": "",
    "tax": 0.0,
    "spiceLevel": "",
    "aiselNo": "2",
    "store": "Market Basket",
    "weightType": "6 oz",
    "imageName": "15504.jpg",
    "defaultImage": "15504.jpg",
    "updatedTimestamp": "Jan 23, 2021 8:02:30 PM",
    "createdTimestamp": "Jan 23, 2021 8:02:30 PM",
    "isNewlyAdded": false,
    "isActive": true,
    "isDealsEnabled": false,
    "quantity": 0
  },
  {
    "id": 13323,
    "code": "Coffee Dream French Vanilla Coffee Creamer",
    "desc": "Coffee Dream French Vanilla Coffee Creamer",
    "shortDesc": "Coffee Dream French Vanilla Coffee Creamer",
    "tags": [
      "Cream"
    ],
    "categories": [
      {
        "code": "Breakfast & Dairy",
        "desc": "Breakfast & Dairy"
      }
    ],
    "subCategories": [
      {
        "code": "Dairy & Eggs",
        "desc": "Dairy & Eggs"
      }
    ],
    "brands": [
      {
        "code": "Coffee Dream",
        "desc": "Coffee Dream"
      }
    ],
    "price": {
      "basePrice": 3.09,
      "discountPrice": 3.09
    },
    "type": {
      "code": "Cream",
      "desc": "Cream"
    },
    "weight": "32 fl oz",
    "UpcCode": "",
    "tax": 0.0,
    "spiceLevel": "",
    "aiselNo": "1",
    "store": "Market Basket",
    "weightType": "32 fl oz",
    "imageName": "Market Basket.jpg",
    "defaultImage": "Market Basket.jpg",
    "updatedTimestamp": "Jan 23, 2021 8:02:30 PM",
    "createdTimestamp": "Jan 23, 2021 8:02:30 PM",
    "isNewlyAdded": false,
    "isActive": true,
    "isDealsEnabled": false,
    "quantity": 0
  },
  {
    "id": 7745,
    "code": "Goya Casero Refried Black Beans",
    "desc": "Goya Casero Refried Black Beans",
    "shortDesc": "Goya Casero Refried Black Beans",
    "tags": [
      "Canned Meals & Beans"
    ],
    "categories": [
      {
        "code": "Cooking Needs",
        "desc": "Cooking Needs"
      }
    ],
    "subCategories": [
      {
        "code": "Canned Food",
        "desc": "Canned Food"
      }
    ],
    "brands": [
      {
        "code": "Goya",
        "desc": "Goya"
      }
    ],
    "price": {
      "basePrice": 1.89,
      "discountPrice": 1.89
    },
    "type": {
      "code": "Canned Meals & Beans",
      "desc": "Canned Meals & Beans"
    },
    "weight": "16 oz",
    "UpcCode": "",
    "tax": 0.0,
    "spiceLevel": "",
    "aiselNo": "7",
    "store": "Market Basket",
    "weightType": "16 oz",
    "imageName": "5112.jpg",
    "defaultImage": "5112.jpg",
    "updatedTimestamp": "Jan 23, 2021 8:02:30 PM",
    "createdTimestamp": "Jan 23, 2021 8:02:30 PM",
    "isNewlyAdded": false,
    "isActive": true,
    "isDealsEnabled": false,
    "quantity": 0
  },
  {
    "id": 7444,
    "code": "Goya Green Pickled Jalapeno Nacho Slice",
    "desc": "Goya Green Pickled Jalapeno Nacho Slice",
    "shortDesc": "Goya Green Pickled Jalapeno Nacho Slice",
    "tags": [
      "Canned & Jarred Vegetables"
    ],
    "categories": [
      {
        "code": "Cooking Needs",
        "desc": "Cooking Needs"
      }
    ],
    "subCategories": [
      {
        "code": "Canned Food",
        "desc": "Canned Food"
      }
    ],
    "brands": [
      {
        "code": "Goya",
        "desc": "Goya"
      }
    ],
    "price": {
      "basePrice": 2.49,
      "discountPrice": 2.49
    },
    "type": {
      "code": "Canned & Jarred Vegetables",
      "desc": "Canned & Jarred Vegetables"
    },
    "weight": "11 oz",
    "UpcCode": "",
    "tax": 0.0,
    "spiceLevel": "",
    "aiselNo": "9",
    "store": "Market Basket",
    "weightType": "11 oz",
    "imageName": "5040.jpg",
    "defaultImage": "5040.jpg",
    "updatedTimestamp": "Jan 23, 2021 8:02:30 PM",
    "createdTimestamp": "Jan 23, 2021 8:02:30 PM",
    "isNewlyAdded": false,
    "isActive": true,
    "isDealsEnabled": false,
    "quantity": 0
  },
  {
    "id": 15066,
    "code": "Advanced Eye Relief Eye Wash",
    "desc": "Advanced Eye Relief Eye Wash",
    "shortDesc": "Advanced Eye Relief Eye Wash",
    "tags": [
      "Eye & Ear Care"
    ],
    "categories": [
      {
        "code": "Personal Care",
        "desc": "Personal Care"
      }
    ],
    "subCategories": [
      {
        "code": "Personal Needs",
        "desc": "Personal Needs"
      }
    ],
    "brands": [
      {
        "code": "Advanced Eye Relief",
        "desc": "Advanced Eye Relief"
      }
    ],
    "price": {
      "basePrice": 6.31,
      "discountPrice": 6.31
    },
    "type": {
      "code": "Eye & Ear Care",
      "desc": "Eye & Ear Care"
    },
    "weight": "4 fl oz",
    "UpcCode": "",
    "tax": 1.0,
    "spiceLevel": "",
    "aiselNo": "13",
    "store": "Market Basket",
    "weightType": "4 fl oz",
    "imageName": "6487.jpg",
    "defaultImage": "6487.jpg",
    "updatedTimestamp": "Jan 23, 2021 8:02:30 PM",
    "createdTimestamp": "Jan 23, 2021 8:02:30 PM",
    "isNewlyAdded": false,
    "isActive": true,
    "isDealsEnabled": false,
    "quantity": 0
  },
  {
    "id": 7744,
    "code": "Goya Cannellini",
    "desc": "Goya Cannellini",
    "shortDesc": "Goya Cannellini",
    "tags": [
      "Canned Meals & Beans"
    ],
    "categories": [
      {
        "code": "Cooking Needs",
        "desc": "Cooking Needs"
      }
    ],
    "subCategories": [
      {
        "code": "Canned Food",
        "desc": "Canned Food"
      }
    ],
    "brands": [
      {
        "code": "Goya",
        "desc": "Goya"
      }
    ],
    "price": {
      "basePrice": 2.19,
      "discountPrice": 2.19
    },
    "type": {
      "code": "Canned Meals & Beans",
      "desc": "Canned Meals & Beans"
    },
    "weight": "29 oz",
    "UpcCode": "",
    "tax": 0.0,
    "spiceLevel": "",
    "aiselNo": "7",
    "store": "Market Basket",
    "weightType": "29 oz",
    "imageName": "5120.jpg",
    "defaultImage": "5120.jpg",
    "updatedTimestamp": "Jan 23, 2021 8:02:30 PM",
    "createdTimestamp": "Jan 23, 2021 8:02:30 PM",
    "isNewlyAdded": false,
    "isActive": true,
    "isDealsEnabled": false,
    "quantity": 0
  },
  {
    "id": 6284,
    "code": "Market Basket Seltzer",
    "desc": "Market Basket Seltzer",
    "shortDesc": "Market Basket Seltzer",
    "tags": [
      "Seltzer"
    ],
    "categories": [
      {
        "code": "Beverages & Juices",
        "desc": "Beverages & Juices"
      }
    ],
    "subCategories": [
      {
        "code": "Soft Drinks & Seltzers",
        "desc": "Soft Drinks & Seltzers"
      }
    ],
    "brands": [
      {
        "code": "Market Basket",
        "desc": "Market Basket"
      }
    ],
    "price": {
      "basePrice": 1.24,
      "discountPrice": 1.24
    },
    "type": {
      "code": "Seltzer",
      "desc": "Seltzer"
    },
    "weight": "1 L",
    "UpcCode": "",
    "tax": 0.0,
    "spiceLevel": "",
    "aiselNo": "11",
    "store": "Market Basket",
    "weightType": "1 L",
    "imageName": "Market Basket.jpg",
    "defaultImage": "Market Basket.jpg",
    "updatedTimestamp": "Jan 23, 2021 8:02:30 PM",
    "createdTimestamp": "Jan 23, 2021 8:02:30 PM",
    "isNewlyAdded": false,
    "isActive": true,
    "isDealsEnabled": false,
    "quantity": 0
  },
  {
    "id": 5220,
    "code": "Red Oval Farms Stoned Wheat Thins Snack Crackers Mini",
    "desc": "Red Oval Farms Stoned Wheat Thins Snack Crackers Mini",
    "shortDesc": "Red Oval Farms Stoned Wheat Thins Snack Crackers Mini",
    "tags": [
      "Crackers"
    ],
    "categories": [
      {
        "code": "Chips, Cookies & Snacks",
        "desc": "Chips, Cookies & Snacks"
      }
    ],
    "subCategories": [
      {
        "code": "Cookies & Crackers",
        "desc": "Cookies & Crackers"
      }
    ],
    "brands": [
      {
        "code": "Red Oval Farms",
        "desc": "Red Oval Farms"
      }
    ],
    "price": {
      "basePrice": 4.69,
      "discountPrice": 4.69
    },
    "type": {
      "code": "Crackers",
      "desc": "Crackers"
    },
    "weight": "8.8 oz",
    "UpcCode": "",
    "tax": 0.0,
    "spiceLevel": "",
    "aiselNo": "6",
    "store": "Market Basket",
    "weightType": "8.8 oz",
    "imageName": "15143.jpg",
    "defaultImage": "15143.jpg",
    "updatedTimestamp": "Jan 23, 2021 8:02:30 PM",
    "createdTimestamp": "Jan 23, 2021 8:02:30 PM",
    "isNewlyAdded": false,
    "isActive": true,
    "isDealsEnabled": false,
    "quantity": 0
  },
  {
    "id": 14594,
    "code": "Salada Black Tea Original Blend Tea Bags",
    "desc": "Salada Black Tea Original Blend Tea Bags",
    "shortDesc": "Salada Black Tea Original Blend Tea Bags",
    "tags": [
      "Tea"
    ],
    "categories": [
      {
        "code": "Breakfast & Dairy",
        "desc": "Breakfast & Dairy"
      }
    ],
    "subCategories": [
      {
        "code": "Tea & Coffee",
        "desc": "Tea & Coffee"
      }
    ],
    "brands": [
      {
        "code": "Salada",
        "desc": "Salada"
      }
    ],
    "price": {
      "basePrice": 3.09,
      "discountPrice": 3.09
    },
    "type": {
      "code": "Tea",
      "desc": "Tea"
    },
    "weight": "100 count",
    "UpcCode": "",
    "tax": 0.0,
    "spiceLevel": "",
    "aiselNo": "8",
    "store": "Market Basket",
    "weightType": "100 count",
    "imageName": "16318.jpg",
    "defaultImage": "16318.jpg",
    "updatedTimestamp": "Jan 23, 2021 8:02:30 PM",
    "createdTimestamp": "Jan 23, 2021 8:02:30 PM",
    "isNewlyAdded": false,
    "isActive": true,
    "isDealsEnabled": false,
    "quantity": 0
  },
  {
    "id": 536,
    "code": "all stainlifters original detergent 66 Loads Laundry Detergent",
    "desc": "all stainlifters original detergent 66 Loads Laundry Detergent",
    "shortDesc": "all stainlifters original detergent 66 Loads Laundry Detergent",
    "tags": [
      "Laundry Detergent"
    ],
    "categories": [
      {
        "code": "Laundry & Paper Goods",
        "desc": "Laundry & Paper Goods"
      }
    ],
    "subCategories": [
      {
        "code": "Laundry",
        "desc": "Laundry"
      }
    ],
    "brands": [
      {
        "code": "all",
        "desc": "all"
      }
    ],
    "price": {
      "basePrice": 10.61,
      "discountPrice": 10.61
    },
    "type": {
      "code": "Laundry Detergent",
      "desc": "Laundry Detergent"
    },
    "weight": "100 fl oz",
    "UpcCode": "",
    "tax": 1.0,
    "spiceLevel": "",
    "aiselNo": "15",
    "store": "Market Basket",
    "weightType": "100 fl oz",
    "imageName": "No Image.jpg",
    "defaultImage": "No Image.jpg",
    "updatedTimestamp": "Jan 23, 2021 8:02:30 PM",
    "createdTimestamp": "Jan 23, 2021 8:02:30 PM",
    "isNewlyAdded": false,
    "isActive": true,
    "isDealsEnabled": false,
    "quantity": 0
  },
  {
    "id": 7755,
    "code": "Goya Pinto Beans",
    "desc": "Goya Pinto Beans",
    "shortDesc": "Goya Pinto Beans",
    "tags": [
      "Canned Meals & Beans"
    ],
    "categories": [
      {
        "code": "Cooking Needs",
        "desc": "Cooking Needs"
      }
    ],
    "subCategories": [
      {
        "code": "Canned Food",
        "desc": "Canned Food"
      }
    ],
    "brands": [
      {
        "code": "Goya",
        "desc": "Goya"
      }
    ],
    "price": {
      "basePrice": 2.19,
      "discountPrice": 2.19
    },
    "type": {
      "code": "Canned Meals & Beans",
      "desc": "Canned Meals & Beans"
    },
    "weight": "29 oz",
    "UpcCode": "",
    "tax": 0.0,
    "spiceLevel": "",
    "aiselNo": "7",
    "store": "Market Basket",
    "weightType": "29 oz",
    "imageName": "5118.jpg",
    "defaultImage": "5118.jpg",
    "updatedTimestamp": "Jan 23, 2021 8:02:30 PM",
    "createdTimestamp": "Jan 23, 2021 8:02:30 PM",
    "isNewlyAdded": false,
    "isActive": true,
    "isDealsEnabled": false,
    "quantity": 0
  },
  {
    "id": 8714,
    "code": "Cabot Creamery Garden Veggie Dip",
    "desc": "Cabot Creamery Garden Veggie Dip",
    "shortDesc": "Cabot Creamery Garden Veggie Dip",
    "tags": [
      "Preserved Dips & Salsa"
    ],
    "categories": [
      {
        "code": "Condiments & Dressings",
        "desc": "Condiments & Dressings"
      }
    ],
    "subCategories": [
      {
        "code": "Preserved Dips & Spreads",
        "desc": "Preserved Dips & Spreads"
      }
    ],
    "brands": [
      {
        "code": "Cabot Creamery",
        "desc": "Cabot Creamery"
      }
    ],
    "price": {
      "basePrice": 2.09,
      "discountPrice": 2.09
    },
    "type": {
      "code": "Preserved Dips & Salsa",
      "desc": "Preserved Dips & Salsa"
    },
    "weight": "12 oz",
    "UpcCode": "",
    "tax": 0.0,
    "spiceLevel": "",
    "aiselNo": "1",
    "store": "Market Basket",
    "weightType": "12 oz",
    "imageName": "15593.jpg",
    "defaultImage": "15593.jpg",
    "updatedTimestamp": "Jan 23, 2021 8:02:30 PM",
    "createdTimestamp": "Jan 23, 2021 8:02:30 PM",
    "isNewlyAdded": false,
    "isActive": true,
    "isDealsEnabled": false,
    "quantity": 0
  },
  {
    "id": 8902,
    "code": "Marie's Dressing + Dip Lite Chunky Blue Cheese",
    "desc": "Marie's Dressing + Dip Lite Chunky Blue Cheese",
    "shortDesc": "Marie's Dressing + Dip Lite Chunky Blue Cheese",
    "tags": [
      "Salad Dressing & Toppings"
    ],
    "categories": [
      {
        "code": "Condiments & Dressings",
        "desc": "Condiments & Dressings"
      }
    ],
    "subCategories": [
      {
        "code": "Salad Dressings & Toppings",
        "desc": "Salad Dressings & Toppings"
      }
    ],
    "brands": [
      {
        "code": "Marie's",
        "desc": "Marie's"
      }
    ],
    "price": {
      "basePrice": 4.99,
      "discountPrice": 4.99
    },
    "type": {
      "code": "Salad Dressing & Toppings",
      "desc": "Salad Dressing & Toppings"
    },
    "weight": "12 fl oz",
    "UpcCode": "",
    "tax": 0.0,
    "spiceLevel": "",
    "aiselNo": "2",
    "store": "Market Basket",
    "weightType": "12 fl oz",
    "imageName": "15450.jpg",
    "defaultImage": "15450.jpg",
    "updatedTimestamp": "Jan 23, 2021 8:02:30 PM",
    "createdTimestamp": "Jan 23, 2021 8:02:30 PM",
    "isNewlyAdded": false,
    "isActive": true,
    "isDealsEnabled": false,
    "quantity": 0
  },
  {
    "id": 5434,
    "code": "Dove Promises, Dark Chocolate Sea Salt Caramel",
    "desc": "Dove Promises, Dark Chocolate Sea Salt Caramel",
    "shortDesc": "Dove Promises, Dark Chocolate Sea Salt Caramel",
    "tags": [
      "Candy & Chocolate"
    ],
    "categories": [
      {
        "code": "Chips, Cookies & Snacks",
        "desc": "Chips, Cookies & Snacks"
      }
    ],
    "subCategories": [
      {
        "code": "Candy & Chocolates",
        "desc": "Candy & Chocolates"
      }
    ],
    "brands": [
      {
        "code": "Dove",
        "desc": "Dove"
      }
    ],
    "price": {
      "basePrice": 5.29,
      "discountPrice": 5.29
    },
    "type": {
      "code": "Candy & Chocolate",
      "desc": "Candy & Chocolate"
    },
    "weight": "7.9 oz",
    "UpcCode": "",
    "tax": 0.0,
    "spiceLevel": "",
    "aiselNo": "3",
    "store": "Market Basket",
    "weightType": "7.9 oz",
    "imageName": "17950.jpg",
    "defaultImage": "17950.jpg",
    "updatedTimestamp": "Jan 23, 2021 8:02:30 PM",
    "createdTimestamp": "Jan 23, 2021 8:02:30 PM",
    "isNewlyAdded": false,
    "isActive": true,
    "isDealsEnabled": false,
    "quantity": 0
  },
  {
    "id": 6851,
    "code": "Goya Coarse Yellow Corn Meal",
    "desc": "Goya Coarse Yellow Corn Meal",
    "shortDesc": "Goya Coarse Yellow Corn Meal",
    "tags": [
      "Baking Ingredients"
    ],
    "categories": [
      {
        "code": "Cooking Needs",
        "desc": "Cooking Needs"
      }
    ],
    "subCategories": [
      {
        "code": "Baking & Cooking",
        "desc": "Baking & Cooking"
      }
    ],
    "brands": [
      {
        "code": "Goya",
        "desc": "Goya"
      }
    ],
    "price": {
      "basePrice": 1.99,
      "discountPrice": 1.99
    },
    "type": {
      "code": "Baking Ingredients",
      "desc": "Baking Ingredients"
    },
    "weight": "24 oz",
    "UpcCode": "",
    "tax": 0.0,
    "spiceLevel": "",
    "aiselNo": "8",
    "store": "Market Basket",
    "weightType": "24 oz",
    "imageName": "2353.jpg",
    "defaultImage": "2353.jpg",
    "updatedTimestamp": "Jan 23, 2021 8:02:30 PM",
    "createdTimestamp": "Jan 23, 2021 8:02:30 PM",
    "isNewlyAdded": false,
    "isActive": true,
    "isDealsEnabled": false,
    "quantity": 0
  },
  {
    "id": 3697,
    "code": "NatureSweet Cherubs",
    "desc": "NatureSweet Cherubs",
    "shortDesc": "NatureSweet Cherubs",
    "tags": [
      "Other Special fruits"
    ],
    "categories": [
      {
        "code": "Fresh Produce",
        "desc": "Fresh Produce"
      }
    ],
    "subCategories": [
      {
        "code": "Fresh Fruits",
        "desc": "Fresh Fruits"
      }
    ],
    "brands": [
      {
        "code": "NatureSweet",
        "desc": "NatureSweet"
      }
    ],
    "price": {
      "basePrice": 2.17,
      "discountPrice": 2.17
    },
    "type": {
      "code": "Other Special fruits",
      "desc": "Other Special fruits"
    },
    "weight": "18 oz",
    "UpcCode": "",
    "tax": 0.0,
    "spiceLevel": "",
    "aiselNo": "20",
    "store": "Market Basket",
    "weightType": "18 oz",
    "imageName": "14231.jpg",
    "defaultImage": "14231.jpg",
    "updatedTimestamp": "Jan 23, 2021 8:02:30 PM",
    "createdTimestamp": "Jan 23, 2021 8:02:30 PM",
    "isNewlyAdded": false,
    "isActive": true,
    "isDealsEnabled": false,
    "quantity": 0
  },
  {
    "id": 7782,
    "code": "Market Basket Black Beans",
    "desc": "Market Basket Black Beans",
    "shortDesc": "Market Basket Black Beans",
    "tags": [
      "Canned Meals & Beans"
    ],
    "categories": [
      {
        "code": "Cooking Needs",
        "desc": "Cooking Needs"
      }
    ],
    "subCategories": [
      {
        "code": "Canned Food",
        "desc": "Canned Food"
      }
    ],
    "brands": [
      {
        "code": "Market Basket",
        "desc": "Market Basket"
      }
    ],
    "price": {
      "basePrice": 1.49,
      "discountPrice": 1.49
    },
    "type": {
      "code": "Canned Meals & Beans",
      "desc": "Canned Meals & Beans"
    },
    "weight": "29 oz",
    "UpcCode": "",
    "tax": 0.0,
    "spiceLevel": "",
    "aiselNo": "2",
    "store": "Market Basket",
    "weightType": "29 oz",
    "imageName": "Market Basket.jpg",
    "defaultImage": "Market Basket.jpg",
    "updatedTimestamp": "Jan 23, 2021 8:02:30 PM",
    "createdTimestamp": "Jan 23, 2021 8:02:30 PM",
    "isNewlyAdded": false,
    "isActive": true,
    "isDealsEnabled": false,
    "quantity": 0
  },
  {
    "id": 3550,
    "code": "Baby Bok Choy",
    "desc": "Baby Bok Choy",
    "shortDesc": "Baby Bok Choy",
    "tags": [
      "Bok Choy"
    ],
    "categories": [
      {
        "code": "Fresh Produce",
        "desc": "Fresh Produce"
      }
    ],
    "subCategories": [
      {
        "code": "Fresh Vegetables",
        "desc": "Fresh Vegetables"
      }
    ],
    "brands": [
      {
        "code": "Market Basket",
        "desc": "Market Basket"
      }
    ],
    "price": {
      "basePrice": 3.21,
      "discountPrice": 3.21
    },
    "type": {
      "code": "Bok Choy",
      "desc": "Bok Choy"
    },
    "weight": "1 lb bag",
    "UpcCode": "",
    "tax": 0.0,
    "spiceLevel": "",
    "aiselNo": "20",
    "store": "Market Basket",
    "weightType": "1 lb bag",
    "imageName": "14352.jpg",
    "defaultImage": "14352.jpg",
    "updatedTimestamp": "Jan 23, 2021 8:02:30 PM",
    "createdTimestamp": "Jan 23, 2021 8:02:30 PM",
    "isNewlyAdded": false,
    "isActive": true,
    "isDealsEnabled": false,
    "quantity": 0
  },
  {
    "id": 6240,
    "code": "Fever-Tree Premium Indian Tonic Water",
    "desc": "Fever-Tree Premium Indian Tonic Water",
    "shortDesc": "Fever-Tree Premium Indian Tonic Water",
    "tags": [
      "Tonic Water"
    ],
    "categories": [
      {
        "code": "Beverages & Juices",
        "desc": "Beverages & Juices"
      }
    ],
    "subCategories": [
      {
        "code": "Water",
        "desc": "Water"
      }
    ],
    "brands": [
      {
        "code": "Fever-Tree",
        "desc": "Fever-Tree"
      }
    ],
    "price": {
      "basePrice": 7.49,
      "discountPrice": 7.49
    },
    "type": {
      "code": "Tonic Water",
      "desc": "Tonic Water"
    },
    "weight": "6.8 fl oz",
    "UpcCode": "",
    "tax": 0.0,
    "spiceLevel": "",
    "aiselNo": "11",
    "store": "Market Basket",
    "weightType": "6.8 fl oz",
    "imageName": "No Image.jpg",
    "defaultImage": "No Image.jpg",
    "updatedTimestamp": "Jan 23, 2021 8:02:30 PM",
    "createdTimestamp": "Jan 23, 2021 8:02:30 PM",
    "isNewlyAdded": false,
    "isActive": true,
    "isDealsEnabled": false,
    "quantity": 0
  },
  {
    "id": 5757,
    "code": "Luna Blueberry Bliss Whole Nutrition Bar",
    "desc": "Luna Blueberry Bliss Whole Nutrition Bar",
    "shortDesc": "Luna Blueberry Bliss Whole Nutrition Bar",
    "tags": [
      "Protien Bars"
    ],
    "categories": [
      {
        "code": "Breakfast & Dairy",
        "desc": "Breakfast & Dairy"
      }
    ],
    "subCategories": [
      {
        "code": "Bars & Pastries",
        "desc": "Bars & Pastries"
      }
    ],
    "brands": [
      {
        "code": "Luna",
        "desc": "Luna"
      }
    ],
    "price": {
      "basePrice": 1.25,
      "discountPrice": 1.25
    },
    "type": {
      "code": "Protien Bars",
      "desc": "Protien Bars"
    },
    "weight": "1.69 oz",
    "UpcCode": "",
    "tax": 0.0,
    "spiceLevel": "",
    "aiselNo": "3",
    "store": "Market Basket",
    "weightType": "1.69 oz",
    "imageName": "1289.jpg",
    "defaultImage": "1289.jpg",
    "updatedTimestamp": "Jan 23, 2021 8:02:30 PM",
    "createdTimestamp": "Jan 23, 2021 8:02:30 PM",
    "isNewlyAdded": false,
    "isActive": true,
    "isDealsEnabled": false,
    "quantity": 0
  },
  {
    "id": 424,
    "code": "Glad Kitchen Pro Febreze Freshness Kitchen Drawstring Bags",
    "desc": "Glad Kitchen Pro Febreze Freshness Kitchen Drawstring Bags",
    "shortDesc": "Glad Kitchen Pro Febreze Freshness Kitchen Drawstring Bags",
    "tags": [
      "Regular Trash Bags"
    ],
    "categories": [
      {
        "code": "Kitchen & Cleaning",
        "desc": "Kitchen & Cleaning"
      }
    ],
    "subCategories": [
      {
        "code": "Trash Bags & Liners",
        "desc": "Trash Bags & Liners"
      }
    ],
    "brands": [
      {
        "code": "Febreze",
        "desc": "Febreze"
      }
    ],
    "price": {
      "basePrice": 8.59,
      "discountPrice": 8.59
    },
    "type": {
      "code": "Regular Trash Bags",
      "desc": "Regular Trash Bags"
    },
    "weight": "30 count",
    "UpcCode": "",
    "tax": 1.0,
    "spiceLevel": "",
    "aiselNo": "12",
    "store": "Market Basket",
    "weightType": "30 count",
    "imageName": "4673.jpg",
    "defaultImage": "4673.jpg",
    "updatedTimestamp": "Jan 23, 2021 8:02:30 PM",
    "createdTimestamp": "Jan 23, 2021 8:02:30 PM",
    "isNewlyAdded": false,
    "isActive": true,
    "isDealsEnabled": false,
    "quantity": 0
  },
  {
    "id": 7518,
    "code": "Market Basket No Salt Added Sweet Peas",
    "desc": "Market Basket No Salt Added Sweet Peas",
    "shortDesc": "Market Basket No Salt Added Sweet Peas",
    "tags": [
      "Canned & Jarred Vegetables"
    ],
    "categories": [
      {
        "code": "Cooking Needs",
        "desc": "Cooking Needs"
      }
    ],
    "subCategories": [
      {
        "code": "Canned Food",
        "desc": "Canned Food"
      }
    ],
    "brands": [
      {
        "code": "Market Basket",
        "desc": "Market Basket"
      }
    ],
    "price": {
      "basePrice": 0.99,
      "discountPrice": 0.99
    },
    "type": {
      "code": "Canned & Jarred Vegetables",
      "desc": "Canned & Jarred Vegetables"
    },
    "weight": "15 oz",
    "UpcCode": "",
    "tax": 0.0,
    "spiceLevel": "",
    "aiselNo": "9",
    "store": "Market Basket",
    "weightType": "15 oz",
    "imageName": "Market Basket.jpg",
    "defaultImage": "Market Basket.jpg",
    "updatedTimestamp": "Jan 23, 2021 8:02:30 PM",
    "createdTimestamp": "Jan 23, 2021 8:02:30 PM",
    "isNewlyAdded": false,
    "isActive": true,
    "isDealsEnabled": false,
    "quantity": 0
  },
  {
    "id": 14551,
    "code": "Celestial Seasonings Honey Vanilla Chamomile Herbal Tea",
    "desc": "Celestial Seasonings Honey Vanilla Chamomile Herbal Tea",
    "shortDesc": "Celestial Seasonings Honey Vanilla Chamomile Herbal Tea",
    "tags": [
      "Tea"
    ],
    "categories": [
      {
        "code": "Breakfast & Dairy",
        "desc": "Breakfast & Dairy"
      }
    ],
    "subCategories": [
      {
        "code": "Tea & Coffee",
        "desc": "Tea & Coffee"
      }
    ],
    "brands": [
      {
        "code": "Celestial Seasonings",
        "desc": "Celestial Seasonings"
      }
    ],
    "price": {
      "basePrice": 2.49,
      "discountPrice": 2.49
    },
    "type": {
      "code": "Tea",
      "desc": "Tea"
    },
    "weight": "20 count",
    "UpcCode": "",
    "tax": 0.0,
    "spiceLevel": "",
    "aiselNo": "8",
    "store": "Market Basket",
    "weightType": "20 count",
    "imageName": "3468.jpg",
    "defaultImage": "3468.jpg",
    "updatedTimestamp": "Jan 23, 2021 8:02:30 PM",
    "createdTimestamp": "Jan 23, 2021 8:02:30 PM",
    "isNewlyAdded": false,
    "isActive": true,
    "isDealsEnabled": false,
    "quantity": 0
  },
  {
    "id": 14817,
    "code": "White Rain Coconut & Hibiscus Moisturizing Conditioner",
    "desc": "White Rain Coconut & Hibiscus Moisturizing Conditioner",
    "shortDesc": "White Rain Coconut & Hibiscus Moisturizing Conditioner",
    "tags": [
      "Hair Care"
    ],
    "categories": [
      {
        "code": "Personal Care",
        "desc": "Personal Care"
      }
    ],
    "subCategories": [
      {
        "code": "Body Wash, Soap & Hair Care",
        "desc": "Body Wash, Soap & Hair Care"
      }
    ],
    "brands": [
      {
        "code": "White Rain",
        "desc": "White Rain"
      }
    ],
    "price": {
      "basePrice": 1.48,
      "discountPrice": 1.48
    },
    "type": {
      "code": "Hair Care",
      "desc": "Hair Care"
    },
    "weight": "15 fl oz",
    "UpcCode": "",
    "tax": 1.0,
    "spiceLevel": "",
    "aiselNo": "13",
    "store": "Market Basket",
    "weightType": "15 fl oz",
    "imageName": "6605.jpg",
    "defaultImage": "6605.jpg",
    "updatedTimestamp": "Jan 23, 2021 8:02:30 PM",
    "createdTimestamp": "Jan 23, 2021 8:02:30 PM",
    "isNewlyAdded": false,
    "isActive": true,
    "isDealsEnabled": false,
    "quantity": 0
  },
  {
    "id": 7114,
    "code": "LouAna Organic Coconut Oil",
    "desc": "LouAna Organic Coconut Oil",
    "shortDesc": "LouAna Organic Coconut Oil",
    "tags": [
      "Oils & Vinegars"
    ],
    "categories": [
      {
        "code": "Cooking Needs",
        "desc": "Cooking Needs"
      }
    ],
    "subCategories": [
      {
        "code": "Oils & Vinegars",
        "desc": "Oils & Vinegars"
      }
    ],
    "brands": [
      {
        "code": "LouAna",
        "desc": "LouAna"
      }
    ],
    "price": {
      "basePrice": 7.39,
      "discountPrice": 7.39
    },
    "type": {
      "code": "Oils & Vinegars",
      "desc": "Oils & Vinegars"
    },
    "weight": "14 fl oz",
    "UpcCode": "",
    "tax": 0.0,
    "spiceLevel": "",
    "aiselNo": "2",
    "store": "Market Basket",
    "weightType": "14 fl oz",
    "imageName": "15516.jpg",
    "defaultImage": "15516.jpg",
    "updatedTimestamp": "Jan 23, 2021 8:02:30 PM",
    "createdTimestamp": "Jan 23, 2021 8:02:30 PM",
    "isNewlyAdded": false,
    "isActive": true,
    "isDealsEnabled": false,
    "quantity": 0
  },
  {
    "id": 6814,
    "code": "Crisco All Vegetable Shortening Baking Sticks",
    "desc": "Crisco All Vegetable Shortening Baking Sticks",
    "shortDesc": "Crisco All Vegetable Shortening Baking Sticks",
    "tags": [
      "Baking Ingredients"
    ],
    "categories": [
      {
        "code": "Cooking Needs",
        "desc": "Cooking Needs"
      }
    ],
    "subCategories": [
      {
        "code": "Baking & Cooking",
        "desc": "Baking & Cooking"
      }
    ],
    "brands": [
      {
        "code": "Crisco",
        "desc": "Crisco"
      }
    ],
    "price": {
      "basePrice": 4.29,
      "discountPrice": 4.29
    },
    "type": {
      "code": "Baking Ingredients",
      "desc": "Baking Ingredients"
    },
    "weight": "20 oz",
    "UpcCode": "",
    "tax": 0.0,
    "spiceLevel": "",
    "aiselNo": "8",
    "store": "Market Basket",
    "weightType": "20 oz",
    "imageName": "15712.jpg",
    "defaultImage": "15712.jpg",
    "updatedTimestamp": "Jan 23, 2021 8:02:30 PM",
    "createdTimestamp": "Jan 23, 2021 8:02:30 PM",
    "isNewlyAdded": false,
    "isActive": true,
    "isDealsEnabled": false,
    "quantity": 0
  },
  {
    "id": 3870,
    "code": "Kale",
    "desc": "Kale",
    "shortDesc": "Kale",
    "tags": [
      "Kale"
    ],
    "categories": [
      {
        "code": "Fresh Produce",
        "desc": "Fresh Produce"
      }
    ],
    "subCategories": [
      {
        "code": "Fresh Vegetables",
        "desc": "Fresh Vegetables"
      }
    ],
    "brands": [
      {
        "code": "Market Basket",
        "desc": "Market Basket"
      }
    ],
    "price": {
      "basePrice": 2.86,
      "discountPrice": 2.86
    },
    "type": {
      "code": "Kale",
      "desc": "Kale"
    },
    "weight": "1 bunch",
    "UpcCode": "",
    "tax": 0.0,
    "spiceLevel": "",
    "aiselNo": "20",
    "store": "Market Basket",
    "weightType": "1 bunch",
    "imageName": "14429.jpg",
    "defaultImage": "14429.jpg",
    "updatedTimestamp": "Jan 23, 2021 8:02:30 PM",
    "createdTimestamp": "Jan 23, 2021 8:02:30 PM",
    "isNewlyAdded": false,
    "isActive": true,
    "isDealsEnabled": false,
    "quantity": 0
  },
  {
    "id": 6288,
    "code": "Market Basket Alkaline Water Plus Electrolytes",
    "desc": "Market Basket Alkaline Water Plus Electrolytes",
    "shortDesc": "Market Basket Alkaline Water Plus Electrolytes",
    "tags": [
      "Water"
    ],
    "categories": [
      {
        "code": "Beverages & Juices",
        "desc": "Beverages & Juices"
      }
    ],
    "subCategories": [
      {
        "code": "Water",
        "desc": "Water"
      }
    ],
    "brands": [
      {
        "code": "Market Basket",
        "desc": "Market Basket"
      }
    ],
    "price": {
      "basePrice": 18.74,
      "discountPrice": 18.74
    },
    "type": {
      "code": "Water",
      "desc": "Water"
    },
    "weight": "1.5 L",
    "UpcCode": "",
    "tax": 0.0,
    "spiceLevel": "",
    "aiselNo": "11",
    "store": "Market Basket",
    "weightType": "1.5 L",
    "imageName": "Market Basket.jpg",
    "defaultImage": "Market Basket.jpg",
    "updatedTimestamp": "Jan 23, 2021 8:02:30 PM",
    "createdTimestamp": "Jan 23, 2021 8:02:30 PM",
    "isNewlyAdded": false,
    "isActive": true,
    "isDealsEnabled": false,
    "quantity": 0
  },
  {
    "id": 4886,
    "code": "Market Basket Baked Ripple Potato Crisps",
    "desc": "Market Basket Baked Ripple Potato Crisps",
    "shortDesc": "Market Basket Baked Ripple Potato Crisps",
    "tags": [
      "Chips & Pretzels"
    ],
    "categories": [
      {
        "code": "Chips, Cookies & Snacks",
        "desc": "Chips, Cookies & Snacks"
      }
    ],
    "subCategories": [
      {
        "code": "Chips & Fruit Snacks",
        "desc": "Chips & Fruit Snacks"
      }
    ],
    "brands": [
      {
        "code": "Market Basket",
        "desc": "Market Basket"
      }
    ],
    "price": {
      "basePrice": 3.91,
      "discountPrice": 3.91
    },
    "type": {
      "code": "Chips & Pretzels",
      "desc": "Chips & Pretzels"
    },
    "weight": "9 oz",
    "UpcCode": "",
    "tax": 0.0,
    "spiceLevel": "",
    "aiselNo": "0",
    "store": "Market Basket",
    "weightType": "9 oz",
    "imageName": "Market Basket.jpg",
    "defaultImage": "Market Basket.jpg",
    "updatedTimestamp": "Jan 23, 2021 8:02:30 PM",
    "createdTimestamp": "Jan 23, 2021 8:02:30 PM",
    "isNewlyAdded": false,
    "isActive": true,
    "isDealsEnabled": false,
    "quantity": 0
  },
  {
    "id": 13443,
    "code": "Pete And Gerry's Organic Eggs Large Grade A Eggs",
    "desc": "Pete And Gerry's Organic Eggs Large Grade A Eggs",
    "shortDesc": "Pete And Gerry's Organic Eggs Large Grade A Eggs",
    "tags": [
      "Eggs"
    ],
    "categories": [
      {
        "code": "Breakfast & Dairy",
        "desc": "Breakfast & Dairy"
      }
    ],
    "subCategories": [
      {
        "code": "Dairy & Eggs",
        "desc": "Dairy & Eggs"
      }
    ],
    "brands": [
      {
        "code": "Pete And Gerry's",
        "desc": "Pete And Gerry's"
      }
    ],
    "price": {
      "basePrice": 3.69,
      "discountPrice": 3.69
    },
    "type": {
      "code": "Eggs",
      "desc": "Eggs"
    },
    "weight": "6 count",
    "UpcCode": "",
    "tax": 0.0,
    "spiceLevel": "",
    "aiselNo": "1",
    "store": "Market Basket",
    "weightType": "6 count",
    "imageName": "616.jpg",
    "defaultImage": "616.jpg",
    "updatedTimestamp": "Jan 23, 2021 8:02:30 PM",
    "createdTimestamp": "Jan 23, 2021 8:02:30 PM",
    "isNewlyAdded": false,
    "isActive": true,
    "isDealsEnabled": false,
    "quantity": 0
  },
  {
    "id": 5876,
    "code": "4C Light Green Tea with Honey",
    "desc": "4C Light Green Tea with Honey",
    "shortDesc": "4C Light Green Tea with Honey",
    "tags": [
      "Cocoa & Drink Mixes"
    ],
    "categories": [
      {
        "code": "Beverages & Juices",
        "desc": "Beverages & Juices"
      }
    ],
    "subCategories": [
      {
        "code": "Cocoa & Drink Mixes",
        "desc": "Cocoa & Drink Mixes"
      }
    ],
    "brands": [
      {
        "code": "4C",
        "desc": "4C"
      }
    ],
    "price": {
      "basePrice": 4.99,
      "discountPrice": 4.99
    },
    "type": {
      "code": "Cocoa & Drink Mixes",
      "desc": "Cocoa & Drink Mixes"
    },
    "weight": "13.9 oz",
    "UpcCode": "",
    "tax": 0.0,
    "spiceLevel": "",
    "aiselNo": "17",
    "store": "Market Basket",
    "weightType": "13.9 oz",
    "imageName": "No Image.jpg",
    "defaultImage": "No Image.jpg",
    "updatedTimestamp": "Jan 23, 2021 8:02:29 PM",
    "createdTimestamp": "Jan 23, 2021 8:02:29 PM",
    "isNewlyAdded": false,
    "isActive": true,
    "isDealsEnabled": false,
    "quantity": 0
  },
  {
    "id": 8138,
    "code": "Swanson Unsalted Chicken Broth",
    "desc": "Swanson Unsalted Chicken Broth",
    "shortDesc": "Swanson Unsalted Chicken Broth",
    "tags": [
      "Soup, Broth & Bouillon"
    ],
    "categories": [
      {
        "code": "Cooking Needs",
        "desc": "Cooking Needs"
      }
    ],
    "subCategories": [
      {
        "code": "Canned Food",
        "desc": "Canned Food"
      }
    ],
    "brands": [
      {
        "code": "Swanson",
        "desc": "Swanson"
      }
    ],
    "price": {
      "basePrice": 3.49,
      "discountPrice": 3.49
    },
    "type": {
      "code": "Soup, Broth & Bouillon",
      "desc": "Soup, Broth & Bouillon"
    },
    "weight": "32 oz",
    "UpcCode": "",
    "tax": 0.0,
    "spiceLevel": "",
    "aiselNo": "2",
    "store": "Market Basket",
    "weightType": "32 oz",
    "imageName": "5394.jpg",
    "defaultImage": "5394.jpg",
    "updatedTimestamp": "Jan 23, 2021 8:02:30 PM",
    "createdTimestamp": "Jan 23, 2021 8:02:30 PM",
    "isNewlyAdded": false,
    "isActive": true,
    "isDealsEnabled": false,
    "quantity": 0
  },
  {
    "id": 159,
    "code": "Market Basket 360 Duster",
    "desc": "Market Basket 360 Duster",
    "shortDesc": "Market Basket 360 Duster",
    "tags": [
      "Other Cleaning Products"
    ],
    "categories": [
      {
        "code": "Kitchen & Cleaning",
        "desc": "Kitchen & Cleaning"
      }
    ],
    "subCategories": [
      {
        "code": "Cleaning Products",
        "desc": "Cleaning Products"
      }
    ],
    "brands": [
      {
        "code": "Market Basket",
        "desc": "Market Basket"
      }
    ],
    "price": {
      "basePrice": 3.69,
      "discountPrice": 3.69
    },
    "type": {
      "code": "Other Cleaning Products",
      "desc": "Other Cleaning Products"
    },
    "weight": "1 count",
    "UpcCode": "",
    "tax": 1.0,
    "spiceLevel": "",
    "aiselNo": "15",
    "store": "Market Basket",
    "weightType": "1 count",
    "imageName": "Market Basket.jpg",
    "defaultImage": "Market Basket.jpg",
    "updatedTimestamp": "Jan 23, 2021 8:02:30 PM",
    "createdTimestamp": "Jan 23, 2021 8:02:30 PM",
    "isNewlyAdded": false,
    "isActive": true,
    "isDealsEnabled": false,
    "quantity": 0
  },
  {
    "id": 13390,
    "code": "NestlÃÂ© Coffee Mate The Original Powder Coffee Creamer",
    "desc": "NestlÃÂ© Coffee Mate The Original Powder Coffee Creamer",
    "shortDesc": "NestlÃÂ© Coffee Mate The Original Powder Coffee Creamer",
    "tags": [
      "Cream"
    ],
    "categories": [
      {
        "code": "Breakfast & Dairy",
        "desc": "Breakfast & Dairy"
      }
    ],
    "subCategories": [
      {
        "code": "Dairy & Eggs",
        "desc": "Dairy & Eggs"
      }
    ],
    "brands": [
      {
        "code": "Nestle",
        "desc": "Nestle"
      }
    ],
    "price": {
      "basePrice": 4.89,
      "discountPrice": 4.89
    },
    "type": {
      "code": "Cream",
      "desc": "Cream"
    },
    "weight": "22 oz",
    "UpcCode": "",
    "tax": 0.0,
    "spiceLevel": "",
    "aiselNo": "1",
    "store": "Market Basket",
    "weightType": "22 oz",
    "imageName": "543.jpg",
    "defaultImage": "543.jpg",
    "updatedTimestamp": "Jan 23, 2021 8:02:30 PM",
    "createdTimestamp": "Jan 23, 2021 8:02:30 PM",
    "isNewlyAdded": false,
    "isActive": true,
    "isDealsEnabled": false,
    "quantity": 0
  },
  {
    "id": 8334,
    "code": "Marzetti Veggie Dip, Blue Cheese, Cup/Tub",
    "desc": "Marzetti Veggie Dip, Blue Cheese, Cup/Tub",
    "shortDesc": "Marzetti Veggie Dip, Blue Cheese, Cup/Tub",
    "tags": [
      "Fresh Dips & Tapenades"
    ],
    "categories": [
      {
        "code": "Condiments & Dressings",
        "desc": "Condiments & Dressings"
      }
    ],
    "subCategories": [
      {
        "code": "Fresh Dips & Tapenades",
        "desc": "Fresh Dips & Tapenades"
      }
    ],
    "brands": [
      {
        "code": "Marzetti",
        "desc": "Marzetti"
      }
    ],
    "price": {
      "basePrice": 3.69,
      "discountPrice": 3.69
    },
    "type": {
      "code": "Fresh Dips & Tapenades",
      "desc": "Fresh Dips & Tapenades"
    },
    "weight": "14 oz",
    "UpcCode": "",
    "tax": 0.0,
    "spiceLevel": "",
    "aiselNo": "1",
    "store": "Market Basket",
    "weightType": "14 oz",
    "imageName": "5541.jpg",
    "defaultImage": "5541.jpg",
    "updatedTimestamp": "Jan 23, 2021 8:02:30 PM",
    "createdTimestamp": "Jan 23, 2021 8:02:30 PM",
    "isNewlyAdded": false,
    "isActive": true,
    "isDealsEnabled": false,
    "quantity": 0
  },
  {
    "id": 7300,
    "code": "McCormick GourmetÃ¢âÂ¢ Organic Whole Nutmeg",
    "desc": "McCormick GourmetÃ¢âÂ¢ Organic Whole Nutmeg",
    "shortDesc": "McCormick GourmetÃ¢âÂ¢ Organic Whole Nutmeg",
    "tags": [
      "Spices & Seasonings"
    ],
    "categories": [
      {
        "code": "Cooking Needs",
        "desc": "Cooking Needs"
      }
    ],
    "subCategories": [
      {
        "code": "Spices & Seasonings",
        "desc": "Spices & Seasonings"
      }
    ],
    "brands": [
      {
        "code": "McCormick",
        "desc": "McCormick"
      }
    ],
    "price": {
      "basePrice": 7.39,
      "discountPrice": 7.39
    },
    "type": {
      "code": "Spices & Seasonings",
      "desc": "Spices & Seasonings"
    },
    "weight": "1.5 oz",
    "UpcCode": "",
    "tax": 0.0,
    "spiceLevel": "",
    "aiselNo": "9",
    "store": "Market Basket",
    "weightType": "1.5 oz",
    "imageName": "2186.jpg",
    "defaultImage": "2186.jpg",
    "updatedTimestamp": "Jan 23, 2021 8:02:30 PM",
    "createdTimestamp": "Jan 23, 2021 8:02:30 PM",
    "isNewlyAdded": false,
    "isActive": true,
    "isDealsEnabled": false,
    "quantity": 0
  },
  {
    "id": 6778,
    "code": "Baker's Sweetened German's Chocolate Baking Bar",
    "desc": "Baker's Sweetened German's Chocolate Baking Bar",
    "shortDesc": "Baker's Sweetened German's Chocolate Baking Bar",
    "tags": [
      "Baking Ingredients"
    ],
    "categories": [
      {
        "code": "Cooking Needs",
        "desc": "Cooking Needs"
      }
    ],
    "subCategories": [
      {
        "code": "Baking & Cooking",
        "desc": "Baking & Cooking"
      }
    ],
    "brands": [
      {
        "code": "Baker's",
        "desc": "Baker's"
      }
    ],
    "price": {
      "basePrice": 2.79,
      "discountPrice": 2.79
    },
    "type": {
      "code": "Baking Ingredients",
      "desc": "Baking Ingredients"
    },
    "weight": "4 oz",
    "UpcCode": "",
    "tax": 0.0,
    "spiceLevel": "",
    "aiselNo": "8",
    "store": "Market Basket",
    "weightType": "4 oz",
    "imageName": "15721.jpg",
    "defaultImage": "15721.jpg",
    "updatedTimestamp": "Jan 23, 2021 8:02:30 PM",
    "createdTimestamp": "Jan 23, 2021 8:02:30 PM",
    "isNewlyAdded": false,
    "isActive": true,
    "isDealsEnabled": false,
    "quantity": 0
  },
  {
    "id": 3764,
    "code": "HerbThyme Farms Sage",
    "desc": "HerbThyme Farms Sage",
    "shortDesc": "HerbThyme Farms Sage",
    "tags": [
      "Sage"
    ],
    "categories": [
      {
        "code": "Fresh Produce",
        "desc": "Fresh Produce"
      }
    ],
    "subCategories": [
      {
        "code": "Fresh Herbs",
        "desc": "Fresh Herbs"
      }
    ],
    "brands": [
      {
        "code": "HerbThyme Farms",
        "desc": "HerbThyme Farms"
      }
    ],
    "price": {
      "basePrice": 2.86,
      "discountPrice": 2.86
    },
    "type": {
      "code": "Sage",
      "desc": "Sage"
    },
    "weight": "0.67 oz",
    "UpcCode": "",
    "tax": 0.0,
    "spiceLevel": "",
    "aiselNo": "20",
    "store": "Market Basket",
    "weightType": "0.67 oz",
    "imageName": "No Image.jpg",
    "defaultImage": "No Image.jpg",
    "updatedTimestamp": "Jan 23, 2021 8:02:30 PM",
    "createdTimestamp": "Jan 23, 2021 8:02:30 PM",
    "isNewlyAdded": false,
    "isActive": true,
    "isDealsEnabled": false,
    "quantity": 0
  },
  {
    "id": 6519,
    "code": "Second Nature California Medley",
    "desc": "Second Nature California Medley",
    "shortDesc": "Second Nature California Medley",
    "tags": [
      "Nuts, Seeds & Dried Fruit"
    ],
    "categories": [
      {
        "code": "Chips, Cookies & Snacks",
        "desc": "Chips, Cookies & Snacks"
      }
    ],
    "subCategories": [
      {
        "code": "Nuts, Seeds & Dried Fruit",
        "desc": "Nuts, Seeds & Dried Fruit"
      }
    ],
    "brands": [
      {
        "code": "Second Nature",
        "desc": "Second Nature"
      }
    ],
    "price": {
      "basePrice": 6.24,
      "discountPrice": 6.24
    },
    "type": {
      "code": "Nuts, Seeds & Dried Fruit",
      "desc": "Nuts, Seeds & Dried Fruit"
    },
    "weight": "12 oz",
    "UpcCode": "",
    "tax": 0.0,
    "spiceLevel": "",
    "aiselNo": "6",
    "store": "Market Basket",
    "weightType": "12 oz",
    "imageName": "No Image.jpg",
    "defaultImage": "No Image.jpg",
    "updatedTimestamp": "Jan 23, 2021 8:02:30 PM",
    "createdTimestamp": "Jan 23, 2021 8:02:30 PM",
    "isNewlyAdded": false,
    "isActive": true,
    "isDealsEnabled": false,
    "quantity": 0
  },
  {
    "id": 8444,
    "code": "McCormick Bag 'n Season Pot Roast Cooking & Seasoning Mix",
    "desc": "McCormick Bag 'n Season Pot Roast Cooking & Seasoning Mix",
    "shortDesc": "McCormick Bag 'n Season Pot Roast Cooking & Seasoning Mix",
    "tags": [
      "Marinades & Meat Preparation"
    ],
    "categories": [
      {
        "code": "Condiments & Dressings",
        "desc": "Condiments & Dressings"
      }
    ],
    "subCategories": [
      {
        "code": "Marinades, Ketchup & Sauces",
        "desc": "Marinades, Ketchup & Sauces"
      }
    ],
    "brands": [
      {
        "code": "McCormick",
        "desc": "McCormick"
      }
    ],
    "price": {
      "basePrice": 10.99,
      "discountPrice": 10.99
    },
    "type": {
      "code": "Marinades & Meat Preparation",
      "desc": "Marinades & Meat Preparation"
    },
    "weight": "0.81 oz",
    "UpcCode": "",
    "tax": 0.0,
    "spiceLevel": "",
    "aiselNo": "9",
    "store": "Market Basket",
    "weightType": "0.81 oz",
    "imageName": "15553.jpg",
    "defaultImage": "15553.jpg",
    "updatedTimestamp": "Jan 23, 2021 8:02:30 PM",
    "createdTimestamp": "Jan 23, 2021 8:02:30 PM",
    "isNewlyAdded": false,
    "isActive": true,
    "isDealsEnabled": false,
    "quantity": 0
  },
  {
    "id": 6263,
    "code": "Fiji Natural Artesian Water",
    "desc": "Fiji Natural Artesian Water",
    "shortDesc": "Fiji Natural Artesian Water",
    "tags": [
      "Water"
    ],
    "categories": [
      {
        "code": "Beverages & Juices",
        "desc": "Beverages & Juices"
      }
    ],
    "subCategories": [
      {
        "code": "Water",
        "desc": "Water"
      }
    ],
    "brands": [
      {
        "code": "Fiji",
        "desc": "Fiji"
      }
    ],
    "price": {
      "basePrice": 24.99,
      "discountPrice": 24.99
    },
    "type": {
      "code": "Water",
      "desc": "Water"
    },
    "weight": "24 x 500 ml",
    "UpcCode": "",
    "tax": 0.0,
    "spiceLevel": "",
    "aiselNo": "11",
    "store": "Market Basket",
    "weightType": "24 x 500 ml",
    "imageName": "No Image.jpg",
    "defaultImage": "No Image.jpg",
    "updatedTimestamp": "Jan 23, 2021 8:02:30 PM",
    "createdTimestamp": "Jan 23, 2021 8:02:30 PM",
    "isNewlyAdded": false,
    "isActive": true,
    "isDealsEnabled": false,
    "quantity": 0
  },
  {
    "id": 8491,
    "code": "Crisco Professional Saute Expert No Stiick Saute Spray",
    "desc": "Crisco Professional Saute Expert No Stiick Saute Spray",
    "shortDesc": "Crisco Professional Saute Expert No Stiick Saute Spray",
    "tags": [
      "Oils & Vinegars"
    ],
    "categories": [
      {
        "code": "Cooking Needs",
        "desc": "Cooking Needs"
      }
    ],
    "subCategories": [
      {
        "code": "Oils & Vinegars",
        "desc": "Oils & Vinegars"
      }
    ],
    "brands": [
      {
        "code": "Crisco",
        "desc": "Crisco"
      }
    ],
    "price": {
      "basePrice": 2.69,
      "discountPrice": 2.69
    },
    "type": {
      "code": "Oils & Vinegars",
      "desc": "Oils & Vinegars"
    },
    "weight": "12 oz",
    "UpcCode": "",
    "tax": 0.0,
    "spiceLevel": "",
    "aiselNo": "2",
    "store": "Market Basket",
    "weightType": "12 oz",
    "imageName": "15529.jpg",
    "defaultImage": "15529.jpg",
    "updatedTimestamp": "Jan 23, 2021 8:02:30 PM",
    "createdTimestamp": "Jan 23, 2021 8:02:30 PM",
    "isNewlyAdded": false,
    "isActive": true,
    "isDealsEnabled": false,
    "quantity": 0
  },
  {
    "id": 7464,
    "code": "Green Giant Vacuum Packed Crisp Niblets",
    "desc": "Green Giant Vacuum Packed Crisp Niblets",
    "shortDesc": "Green Giant Vacuum Packed Crisp Niblets",
    "tags": [
      "Canned & Jarred Vegetables"
    ],
    "categories": [
      {
        "code": "Cooking Needs",
        "desc": "Cooking Needs"
      }
    ],
    "subCategories": [
      {
        "code": "Canned Food",
        "desc": "Canned Food"
      }
    ],
    "brands": [
      {
        "code": "Green Giant",
        "desc": "Green Giant"
      }
    ],
    "price": {
      "basePrice": 0.99,
      "discountPrice": 0.99
    },
    "type": {
      "code": "Canned & Jarred Vegetables",
      "desc": "Canned & Jarred Vegetables"
    },
    "weight": "7 oz",
    "UpcCode": "",
    "tax": 0.0,
    "spiceLevel": "",
    "aiselNo": "9",
    "store": "Market Basket",
    "weightType": "7 oz",
    "imageName": "5085.jpg",
    "defaultImage": "5085.jpg",
    "updatedTimestamp": "Jan 23, 2021 8:02:30 PM",
    "createdTimestamp": "Jan 23, 2021 8:02:30 PM",
    "isNewlyAdded": false,
    "isActive": true,
    "isDealsEnabled": false,
    "quantity": 0
  },
  {
    "id": 10190,
    "code": "Outshine Mango Fruit Ice Bars",
    "desc": "Outshine Mango Fruit Ice Bars",
    "shortDesc": "Outshine Mango Fruit Ice Bars",
    "tags": [
      "Ice Cream & Ice"
    ],
    "categories": [
      {
        "code": "Frozen Food",
        "desc": "Frozen Food"
      }
    ],
    "subCategories": [
      {
        "code": "Ice Cream & Ice",
        "desc": "Ice Cream & Ice"
      }
    ],
    "brands": [
      {
        "code": "Outshine",
        "desc": "Outshine"
      }
    ],
    "price": {
      "basePrice": 3.69,
      "discountPrice": 3.69
    },
    "type": {
      "code": "Ice Cream & Ice",
      "desc": "Ice Cream & Ice"
    },
    "weight": "6 count",
    "UpcCode": "",
    "tax": 0.0,
    "spiceLevel": "",
    "aiselNo": "21",
    "store": "Market Basket",
    "weightType": "6 count",
    "imageName": "3159.jpg",
    "defaultImage": "3159.jpg",
    "updatedTimestamp": "Jan 23, 2021 8:02:30 PM",
    "createdTimestamp": "Jan 23, 2021 8:02:30 PM",
    "isNewlyAdded": false,
    "isActive": true,
    "isDealsEnabled": false,
    "quantity": 0
  },
  {
    "id": 13193,
    "code": "Chex Gluten Free Variety Pack Maple Brown Sugar/Apple Cinnamon/Original Oatmeal",
    "desc": "Chex Gluten Free Variety Pack Maple Brown Sugar/Apple Cinnamon/Original Oatmeal",
    "shortDesc": "Chex Gluten Free Variety Pack Maple Brown Sugar/Apple Cinnamon/Original Oatmeal",
    "tags": [
      "Oats"
    ],
    "categories": [
      {
        "code": "Breakfast & Dairy",
        "desc": "Breakfast & Dairy"
      }
    ],
    "subCategories": [
      {
        "code": "Granola & Oats",
        "desc": "Granola & Oats"
      }
    ],
    "brands": [
      {
        "code": "Chex",
        "desc": "Chex"
      }
    ],
    "price": {
      "basePrice": 3.69,
      "discountPrice": 3.69
    },
    "type": {
      "code": "Oats",
      "desc": "Oats"
    },
    "weight": "8.84 oz",
    "UpcCode": "",
    "tax": 0.0,
    "spiceLevel": "",
    "aiselNo": "5",
    "store": "Market Basket",
    "weightType": "8.84 oz",
    "imageName": "17650.jpg",
    "defaultImage": "17650.jpg",
    "updatedTimestamp": "Jan 23, 2021 8:02:30 PM",
    "createdTimestamp": "Jan 23, 2021 8:02:30 PM",
    "isNewlyAdded": false,
    "isActive": true,
    "isDealsEnabled": false,
    "quantity": 0
  },
  {
    "id": 10116,
    "code": "Kemps Low Fat Strawberry Frozen Yogurt",
    "desc": "Kemps Low Fat Strawberry Frozen Yogurt",
    "shortDesc": "Kemps Low Fat Strawberry Frozen Yogurt",
    "tags": [
      "Ice Cream & Ice"
    ],
    "categories": [
      {
        "code": "Frozen Food",
        "desc": "Frozen Food"
      }
    ],
    "subCategories": [
      {
        "code": "Ice Cream & Ice",
        "desc": "Ice Cream & Ice"
      }
    ],
    "brands": [
      {
        "code": "Kemps",
        "desc": "Kemps"
      }
    ],
    "price": {
      "basePrice": 3.69,
      "discountPrice": 3.69
    },
    "type": {
      "code": "Ice Cream & Ice",
      "desc": "Ice Cream & Ice"
    },
    "weight": "1.5 quart",
    "UpcCode": "",
    "tax": 0.0,
    "spiceLevel": "",
    "aiselNo": "21",
    "store": "Market Basket",
    "weightType": "1.5 quart",
    "imageName": "16157.jpg",
    "defaultImage": "16157.jpg",
    "updatedTimestamp": "Jan 23, 2021 8:02:30 PM",
    "createdTimestamp": "Jan 23, 2021 8:02:30 PM",
    "isNewlyAdded": false,
    "isActive": true,
    "isDealsEnabled": false,
    "quantity": 0
  },
  {
    "id": 3817,
    "code": "Concombre Anglais Biologique/Organic English Cucumbers",
    "desc": "Concombre Anglais Biologique/Organic English Cucumbers",
    "shortDesc": "Concombre Anglais Biologique/Organic English Cucumbers",
    "tags": [
      "Cucumber"
    ],
    "categories": [
      {
        "code": "Fresh Produce",
        "desc": "Fresh Produce"
      }
    ],
    "subCategories": [
      {
        "code": "Fresh Organic Vegetables",
        "desc": "Fresh Organic Vegetables"
      }
    ],
    "brands": [
      {
        "code": "Market Basket",
        "desc": "Market Basket"
      }
    ],
    "price": {
      "basePrice": 2.17,
      "discountPrice": 2.17
    },
    "type": {
      "code": "Cucumber",
      "desc": "Cucumber"
    },
    "weight": "1 count",
    "UpcCode": "",
    "tax": 0.0,
    "spiceLevel": "",
    "aiselNo": "20",
    "store": "Market Basket",
    "weightType": "1 count",
    "imageName": "14383.jpg",
    "defaultImage": "14383.jpg",
    "updatedTimestamp": "Jan 23, 2021 8:02:30 PM",
    "createdTimestamp": "Jan 23, 2021 8:02:30 PM",
    "isNewlyAdded": false,
    "isActive": true,
    "isDealsEnabled": false,
    "quantity": 0
  },
  {
    "id": 7713,
    "code": "Bush's Best Reduced Sodium Vegetarian Baked Beans",
    "desc": "Bush's Best Reduced Sodium Vegetarian Baked Beans",
    "shortDesc": "Bush's Best Reduced Sodium Vegetarian Baked Beans",
    "tags": [
      "Canned Meals & Beans"
    ],
    "categories": [
      {
        "code": "Cooking Needs",
        "desc": "Cooking Needs"
      }
    ],
    "subCategories": [
      {
        "code": "Canned Food",
        "desc": "Canned Food"
      }
    ],
    "brands": [
      {
        "code": "Bush's Best",
        "desc": "Bush's Best"
      }
    ],
    "price": {
      "basePrice": 1.69,
      "discountPrice": 1.69
    },
    "type": {
      "code": "Canned Meals & Beans",
      "desc": "Canned Meals & Beans"
    },
    "weight": "16 oz",
    "UpcCode": "",
    "tax": 0.0,
    "spiceLevel": "",
    "aiselNo": "2",
    "store": "Market Basket",
    "weightType": "16 oz",
    "imageName": "5125.jpg",
    "defaultImage": "5125.jpg",
    "updatedTimestamp": "Jan 23, 2021 8:02:30 PM",
    "createdTimestamp": "Jan 23, 2021 8:02:30 PM",
    "isNewlyAdded": false,
    "isActive": true,
    "isDealsEnabled": false,
    "quantity": 0
  },
  {
    "id": 6189,
    "code": "Schweppes Ginger Ale Can",
    "desc": "Schweppes Ginger Ale Can",
    "shortDesc": "Schweppes Ginger Ale Can",
    "tags": [
      "Ginger Ale"
    ],
    "categories": [
      {
        "code": "Beverages & Juices",
        "desc": "Beverages & Juices"
      }
    ],
    "subCategories": [
      {
        "code": "Ginger Ale & Ginger Beer",
        "desc": "Ginger Ale & Ginger Beer"
      }
    ],
    "brands": [
      {
        "code": "Schweppes",
        "desc": "Schweppes"
      }
    ],
    "price": {
      "basePrice": 4.38,
      "discountPrice": 4.38
    },
    "type": {
      "code": "Ginger Ale",
      "desc": "Ginger Ale"
    },
    "weight": "6 x 7.5 fl oz",
    "UpcCode": "",
    "tax": 0.0,
    "spiceLevel": "",
    "aiselNo": "17",
    "store": "Market Basket",
    "weightType": "6 x 7.5 fl oz",
    "imageName": "No Image.jpg",
    "defaultImage": "No Image.jpg",
    "updatedTimestamp": "Jan 23, 2021 8:02:29 PM",
    "createdTimestamp": "Jan 23, 2021 8:02:29 PM",
    "isNewlyAdded": false,
    "isActive": true,
    "isDealsEnabled": false,
    "quantity": 0
  },
  {
    "id": 9809,
    "code": "Wyman's of Maine Of Maine Fresh Frozen Red Raspberries",
    "desc": "Wyman's of Maine Of Maine Fresh Frozen Red Raspberries",
    "shortDesc": "Wyman's of Maine Of Maine Fresh Frozen Red Raspberries",
    "tags": [
      "Frozen Produce"
    ],
    "categories": [
      {
        "code": "Frozen Food",
        "desc": "Frozen Food"
      }
    ],
    "subCategories": [
      {
        "code": "Frozen Produce",
        "desc": "Frozen Produce"
      }
    ],
    "brands": [
      {
        "code": "Wyman's",
        "desc": "Wyman's"
      }
    ],
    "price": {
      "basePrice": 5.89,
      "discountPrice": 5.89
    },
    "type": {
      "code": "Frozen Produce",
      "desc": "Frozen Produce"
    },
    "weight": "12 oz",
    "UpcCode": "",
    "tax": 0.0,
    "spiceLevel": "",
    "aiselNo": "19",
    "store": "Market Basket",
    "weightType": "12 oz",
    "imageName": "2492.jpg",
    "defaultImage": "2492.jpg",
    "updatedTimestamp": "Jan 23, 2021 8:02:30 PM",
    "createdTimestamp": "Jan 23, 2021 8:02:30 PM",
    "isNewlyAdded": false,
    "isActive": true,
    "isDealsEnabled": false,
    "quantity": 0
  },
  {
    "id": 6534,
    "code": "Sunmaid Organic Raisins",
    "desc": "Sunmaid Organic Raisins",
    "shortDesc": "Sunmaid Organic Raisins",
    "tags": [
      "Nuts, Seeds & Dried Fruit"
    ],
    "categories": [
      {
        "code": "Chips, Cookies & Snacks",
        "desc": "Chips, Cookies & Snacks"
      }
    ],
    "subCategories": [
      {
        "code": "Nuts, Seeds & Dried Fruit",
        "desc": "Nuts, Seeds & Dried Fruit"
      }
    ],
    "brands": [
      {
        "code": "Sunmaid",
        "desc": "Sunmaid"
      }
    ],
    "price": {
      "basePrice": 3.49,
      "discountPrice": 3.49
    },
    "type": {
      "code": "Nuts, Seeds & Dried Fruit",
      "desc": "Nuts, Seeds & Dried Fruit"
    },
    "weight": "6 x 1 oz",
    "UpcCode": "",
    "tax": 0.0,
    "spiceLevel": "",
    "aiselNo": "6",
    "store": "Market Basket",
    "weightType": "6 x 1 oz",
    "imageName": "No Image.jpg",
    "defaultImage": "No Image.jpg",
    "updatedTimestamp": "Jan 23, 2021 8:02:30 PM",
    "createdTimestamp": "Jan 23, 2021 8:02:30 PM",
    "isNewlyAdded": false,
    "isActive": true,
    "isDealsEnabled": false,
    "quantity": 0
  },
  {
    "id": 5409,
    "code": "Blue Diamond Honey Nut Thins Honey Cinnamon",
    "desc": "Blue Diamond Honey Nut Thins Honey Cinnamon",
    "shortDesc": "Blue Diamond Honey Nut Thins Honey Cinnamon",
    "tags": [
      "Crackers"
    ],
    "categories": [
      {
        "code": "Chips, Cookies & Snacks",
        "desc": "Chips, Cookies & Snacks"
      }
    ],
    "subCategories": [
      {
        "code": "Cookies & Crackers",
        "desc": "Cookies & Crackers"
      }
    ],
    "brands": [
      {
        "code": "Blue Diamond",
        "desc": "Blue Diamond"
      }
    ],
    "price": {
      "basePrice": 4.69,
      "discountPrice": 4.69
    },
    "type": {
      "code": "Crackers",
      "desc": "Crackers"
    },
    "weight": "4.25 oz",
    "UpcCode": "",
    "tax": 0.0,
    "spiceLevel": "",
    "aiselNo": "6",
    "store": "Market Basket",
    "weightType": "4.25 oz",
    "imageName": "No Image.jpg",
    "defaultImage": "No Image.jpg",
    "updatedTimestamp": "Jan 23, 2021 8:02:30 PM",
    "createdTimestamp": "Jan 23, 2021 8:02:30 PM",
    "isNewlyAdded": false,
    "isActive": true,
    "isDealsEnabled": false,
    "quantity": 0
  },
  {
    "id": 6405,
    "code": "Sparkling ICE 4 Pack",
    "desc": "Sparkling ICE 4 Pack",
    "shortDesc": "Sparkling ICE 4 Pack",
    "tags": [
      "Sparkling Water"
    ],
    "categories": [
      {
        "code": "Beverages & Juices",
        "desc": "Beverages & Juices"
      }
    ],
    "subCategories": [
      {
        "code": "Water",
        "desc": "Water"
      }
    ],
    "brands": [
      {
        "code": "Sparkling ICE",
        "desc": "Sparkling ICE"
      }
    ],
    "price": {
      "basePrice": 12.49,
      "discountPrice": 12.49
    },
    "type": {
      "code": "Sparkling Water",
      "desc": "Sparkling Water"
    },
    "weight": "12 x 17 fl oz",
    "UpcCode": "",
    "tax": 0.0,
    "spiceLevel": "",
    "aiselNo": "11",
    "store": "Market Basket",
    "weightType": "12 x 17 fl oz",
    "imageName": "No Image.jpg",
    "defaultImage": "No Image.jpg",
    "updatedTimestamp": "Jan 23, 2021 8:02:30 PM",
    "createdTimestamp": "Jan 23, 2021 8:02:30 PM",
    "isNewlyAdded": false,
    "isActive": true,
    "isDealsEnabled": false,
    "quantity": 0
  },
  {
    "id": 12685,
    "code": "Food for Life 7 Sprouted Grains Bread",
    "desc": "Food for Life 7 Sprouted Grains Bread",
    "shortDesc": "Food for Life 7 Sprouted Grains Bread",
    "tags": [
      "Bread"
    ],
    "categories": [
      {
        "code": "Breakfast & Dairy",
        "desc": "Breakfast & Dairy"
      }
    ],
    "subCategories": [
      {
        "code": "Breads & Rolls",
        "desc": "Breads & Rolls"
      }
    ],
    "brands": [
      {
        "code": "Food For Life",
        "desc": "Food For Life"
      }
    ],
    "price": {
      "basePrice": 5.99,
      "discountPrice": 5.99
    },
    "type": {
      "code": "Bread",
      "desc": "Bread"
    },
    "weight": "24 oz",
    "UpcCode": "",
    "tax": 0.0,
    "spiceLevel": "",
    "aiselNo": "18",
    "store": "Market Basket",
    "weightType": "24 oz",
    "imageName": "4777.jpg",
    "defaultImage": "4777.jpg",
    "updatedTimestamp": "Jan 23, 2021 8:02:30 PM",
    "createdTimestamp": "Jan 23, 2021 8:02:30 PM",
    "isNewlyAdded": false,
    "isActive": true,
    "isDealsEnabled": false,
    "quantity": 0
  },
  {
    "id": 7787,
    "code": "Market Basket Cut Green Beans",
    "desc": "Market Basket Cut Green Beans",
    "shortDesc": "Market Basket Cut Green Beans",
    "tags": [
      "Canned Meals & Beans"
    ],
    "categories": [
      {
        "code": "Cooking Needs",
        "desc": "Cooking Needs"
      }
    ],
    "subCategories": [
      {
        "code": "Canned Food",
        "desc": "Canned Food"
      }
    ],
    "brands": [
      {
        "code": "Market Basket",
        "desc": "Market Basket"
      }
    ],
    "price": {
      "basePrice": 0.69,
      "discountPrice": 0.69
    },
    "type": {
      "code": "Canned Meals & Beans",
      "desc": "Canned Meals & Beans"
    },
    "weight": "8 oz",
    "UpcCode": "",
    "tax": 0.0,
    "spiceLevel": "",
    "aiselNo": "2",
    "store": "Market Basket",
    "weightType": "8 oz",
    "imageName": "Market Basket.jpg",
    "defaultImage": "Market Basket.jpg",
    "updatedTimestamp": "Jan 23, 2021 8:02:30 PM",
    "createdTimestamp": "Jan 23, 2021 8:02:30 PM",
    "isNewlyAdded": false,
    "isActive": true,
    "isDealsEnabled": false,
    "quantity": 0
  },
  {
    "id": 14764,
    "code": "Market Basket Dandruff Shampoo Everyday Clean For Normal/Oily Hair",
    "desc": "Market Basket Dandruff Shampoo Everyday Clean For Normal/Oily Hair",
    "shortDesc": "Market Basket Dandruff Shampoo Everyday Clean For Normal/Oily Hair",
    "tags": [
      "Hair Care"
    ],
    "categories": [
      {
        "code": "Personal Care",
        "desc": "Personal Care"
      }
    ],
    "subCategories": [
      {
        "code": "Body Wash, Soap & Hair Care",
        "desc": "Body Wash, Soap & Hair Care"
      }
    ],
    "brands": [
      {
        "code": "Market Basket",
        "desc": "Market Basket"
      }
    ],
    "price": {
      "basePrice": 3.55,
      "discountPrice": 3.55
    },
    "type": {
      "code": "Hair Care",
      "desc": "Hair Care"
    },
    "weight": "14.2 fl oz",
    "UpcCode": "",
    "tax": 1.0,
    "spiceLevel": "",
    "aiselNo": "13",
    "store": "Market Basket",
    "weightType": "14.2 fl oz",
    "imageName": "Market Basket.jpg",
    "defaultImage": "Market Basket.jpg",
    "updatedTimestamp": "Jan 23, 2021 8:02:30 PM",
    "createdTimestamp": "Jan 23, 2021 8:02:30 PM",
    "isNewlyAdded": false,
    "isActive": true,
    "isDealsEnabled": false,
    "quantity": 0
  },
  {
    "id": 9822,
    "code": "Green Giant Roasted Potatoes with Garlic & Herbs Steamers",
    "desc": "Green Giant Roasted Potatoes with Garlic & Herbs Steamers",
    "shortDesc": "Green Giant Roasted Potatoes with Garlic & Herbs Steamers",
    "tags": [
      "Frozen Produce"
    ],
    "categories": [
      {
        "code": "Frozen Food",
        "desc": "Frozen Food"
      }
    ],
    "subCategories": [
      {
        "code": "Frozen Produce",
        "desc": "Frozen Produce"
      }
    ],
    "brands": [
      {
        "code": "Green Giant",
        "desc": "Green Giant"
      }
    ],
    "price": {
      "basePrice": 2.09,
      "discountPrice": 2.09
    },
    "type": {
      "code": "Frozen Produce",
      "desc": "Frozen Produce"
    },
    "weight": "9 oz",
    "UpcCode": "",
    "tax": 0.0,
    "spiceLevel": "",
    "aiselNo": "19",
    "store": "Market Basket",
    "weightType": "9 oz",
    "imageName": "2447.jpg",
    "defaultImage": "2447.jpg",
    "updatedTimestamp": "Jan 23, 2021 8:02:30 PM",
    "createdTimestamp": "Jan 23, 2021 8:02:30 PM",
    "isNewlyAdded": false,
    "isActive": true,
    "isDealsEnabled": false,
    "quantity": 0
  },
  {
    "id": 5202,
    "code": "Milton's Organic Crackers Olive Oil & Sea Salt",
    "desc": "Milton's Organic Crackers Olive Oil & Sea Salt",
    "shortDesc": "Milton's Organic Crackers Olive Oil & Sea Salt",
    "tags": [
      "Crackers"
    ],
    "categories": [
      {
        "code": "Chips, Cookies & Snacks",
        "desc": "Chips, Cookies & Snacks"
      }
    ],
    "subCategories": [
      {
        "code": "Cookies & Crackers",
        "desc": "Cookies & Crackers"
      }
    ],
    "brands": [
      {
        "code": "Milton's",
        "desc": "Milton's"
      }
    ],
    "price": {
      "basePrice": 3.91,
      "discountPrice": 3.91
    },
    "type": {
      "code": "Crackers",
      "desc": "Crackers"
    },
    "weight": "6 oz",
    "UpcCode": "",
    "tax": 0.0,
    "spiceLevel": "",
    "aiselNo": "6",
    "store": "Market Basket",
    "weightType": "6 oz",
    "imageName": "No Image.jpg",
    "defaultImage": "No Image.jpg",
    "updatedTimestamp": "Jan 23, 2021 8:02:30 PM",
    "createdTimestamp": "Jan 23, 2021 8:02:30 PM",
    "isNewlyAdded": false,
    "isActive": true,
    "isDealsEnabled": false,
    "quantity": 0
  },
  {
    "id": 5934,
    "code": "Snickers Chocolate Lowfat Milk",
    "desc": "Snickers Chocolate Lowfat Milk",
    "shortDesc": "Snickers Chocolate Lowfat Milk",
    "tags": [
      "Single To-Go Coffee"
    ],
    "categories": [
      {
        "code": "Beverages & Juices",
        "desc": "Beverages & Juices"
      }
    ],
    "subCategories": [
      {
        "code": "Tea, Coffee, Milk & Coconut Water",
        "desc": "Tea, Coffee, Milk & Coconut Water"
      }
    ],
    "brands": [
      {
        "code": "Snickers",
        "desc": "Snickers"
      }
    ],
    "price": {
      "basePrice": 3.74,
      "discountPrice": 3.74
    },
    "type": {
      "code": "Single To-Go Coffee",
      "desc": "Single To-Go Coffee"
    },
    "weight": "14 fl oz",
    "UpcCode": "",
    "tax": 0.0,
    "spiceLevel": "",
    "aiselNo": "17",
    "store": "Market Basket",
    "weightType": "14 fl oz",
    "imageName": "No Image.jpg",
    "defaultImage": "No Image.jpg",
    "updatedTimestamp": "Jan 23, 2021 8:02:30 PM",
    "createdTimestamp": "Jan 23, 2021 8:02:30 PM",
    "isNewlyAdded": false,
    "isActive": true,
    "isDealsEnabled": false,
    "quantity": 0
  },
  {
    "id": 15071,
    "code": "Opti-Free Express Multi-Purpose Disinfecting Solution Everyday Comfort",
    "desc": "Opti-Free Express Multi-Purpose Disinfecting Solution Everyday Comfort",
    "shortDesc": "Opti-Free Express Multi-Purpose Disinfecting Solution Everyday Comfort",
    "tags": [
      "Eye & Ear Care"
    ],
    "categories": [
      {
        "code": "Personal Care",
        "desc": "Personal Care"
      }
    ],
    "subCategories": [
      {
        "code": "Personal Needs",
        "desc": "Personal Needs"
      }
    ],
    "brands": [
      {
        "code": "Opti-Free",
        "desc": "Opti-Free"
      }
    ],
    "price": {
      "basePrice": 7.69,
      "discountPrice": 7.69
    },
    "type": {
      "code": "Eye & Ear Care",
      "desc": "Eye & Ear Care"
    },
    "weight": "4 fl oz",
    "UpcCode": "",
    "tax": 1.0,
    "spiceLevel": "",
    "aiselNo": "13",
    "store": "Market Basket",
    "weightType": "4 fl oz",
    "imageName": "6476.jpg",
    "defaultImage": "6476.jpg",
    "updatedTimestamp": "Jan 23, 2021 8:02:30 PM",
    "createdTimestamp": "Jan 23, 2021 8:02:30 PM",
    "isNewlyAdded": false,
    "isActive": true,
    "isDealsEnabled": false,
    "quantity": 0
  },
  {
    "id": 14902,
    "code": "Market Basket Sensitive Pantiliners Unscented Regular",
    "desc": "Market Basket Sensitive Pantiliners Unscented Regular",
    "shortDesc": "Market Basket Sensitive Pantiliners Unscented Regular",
    "tags": [
      "Pantiliner"
    ],
    "categories": [
      {
        "code": "Personal Care",
        "desc": "Personal Care"
      }
    ],
    "subCategories": [
      {
        "code": "Feminine Care",
        "desc": "Feminine Care"
      }
    ],
    "brands": [
      {
        "code": "Market Basket",
        "desc": "Market Basket"
      }
    ],
    "price": {
      "basePrice": 1.48,
      "discountPrice": 1.48
    },
    "type": {
      "code": "Pantiliner",
      "desc": "Pantiliner"
    },
    "weight": "22 count",
    "UpcCode": "",
    "tax": 1.0,
    "spiceLevel": "",
    "aiselNo": "13",
    "store": "Market Basket",
    "weightType": "22 count",
    "imageName": "Market Basket.jpg",
    "defaultImage": "Market Basket.jpg",
    "updatedTimestamp": "Jan 23, 2021 8:02:30 PM",
    "createdTimestamp": "Jan 23, 2021 8:02:30 PM",
    "isNewlyAdded": false,
    "isActive": true,
    "isDealsEnabled": false,
    "quantity": 0
  },
  {
    "id": 14382,
    "code": "Gevalia French Roast Ground Arabica Coffee",
    "desc": "Gevalia French Roast Ground Arabica Coffee",
    "shortDesc": "Gevalia French Roast Ground Arabica Coffee",
    "tags": [
      "Coffee"
    ],
    "categories": [
      {
        "code": "Breakfast & Dairy",
        "desc": "Breakfast & Dairy"
      }
    ],
    "subCategories": [
      {
        "code": "Tea & Coffee",
        "desc": "Tea & Coffee"
      }
    ],
    "brands": [
      {
        "code": "Gevalia",
        "desc": "Gevalia"
      }
    ],
    "price": {
      "basePrice": 7.39,
      "discountPrice": 7.39
    },
    "type": {
      "code": "Coffee",
      "desc": "Coffee"
    },
    "weight": "12 oz",
    "UpcCode": "",
    "tax": 0.0,
    "spiceLevel": "",
    "aiselNo": "8",
    "store": "Market Basket",
    "weightType": "12 oz",
    "imageName": "16295.jpg",
    "defaultImage": "16295.jpg",
    "updatedTimestamp": "Jan 23, 2021 8:02:30 PM",
    "createdTimestamp": "Jan 23, 2021 8:02:30 PM",
    "isNewlyAdded": false,
    "isActive": true,
    "isDealsEnabled": false,
    "quantity": 0
  },
  {
    "id": 12815,
    "code": "Cuisine de France Demi Parisian Bread",
    "desc": "Cuisine de France Demi Parisian Bread",
    "shortDesc": "Cuisine de France Demi Parisian Bread",
    "tags": [
      "Bread"
    ],
    "categories": [
      {
        "code": "Breakfast & Dairy",
        "desc": "Breakfast & Dairy"
      }
    ],
    "subCategories": [
      {
        "code": "Breads & Rolls",
        "desc": "Breads & Rolls"
      }
    ],
    "brands": [
      {
        "code": "Cuisine de France",
        "desc": "Cuisine de France"
      }
    ],
    "price": {
      "basePrice": 1.29,
      "discountPrice": 1.29
    },
    "type": {
      "code": "Bread",
      "desc": "Bread"
    },
    "weight": "7.4 oz",
    "UpcCode": "",
    "tax": 0.0,
    "spiceLevel": "",
    "aiselNo": "18",
    "store": "Market Basket",
    "weightType": "7.4 oz",
    "imageName": "4890.jpg",
    "defaultImage": "4890.jpg",
    "updatedTimestamp": "Jan 23, 2021 8:02:30 PM",
    "createdTimestamp": "Jan 23, 2021 8:02:30 PM",
    "isNewlyAdded": false,
    "isActive": true,
    "isDealsEnabled": false,
    "quantity": 0
  },
  {
    "id": 10428,
    "code": "Goya Whole Green Peas",
    "desc": "Goya Whole Green Peas",
    "shortDesc": "Goya Whole Green Peas",
    "tags": [
      "Canned Food"
    ],
    "categories": [
      {
        "code": "Cooking Needs",
        "desc": "Cooking Needs"
      }
    ],
    "subCategories": [
      {
        "code": "Canned Food",
        "desc": "Canned Food"
      }
    ],
    "brands": [
      {
        "code": "Goya",
        "desc": "Goya"
      }
    ],
    "price": {
      "basePrice": 1.09,
      "discountPrice": 1.09
    },
    "type": {
      "code": "Canned Food",
      "desc": "Canned Food"
    },
    "weight": "16 oz",
    "UpcCode": "",
    "tax": 0.0,
    "spiceLevel": "",
    "aiselNo": "7",
    "store": "Market Basket",
    "weightType": "16 oz",
    "imageName": "5811.jpg",
    "defaultImage": "5811.jpg",
    "updatedTimestamp": "Jan 23, 2021 8:02:30 PM",
    "createdTimestamp": "Jan 23, 2021 8:02:30 PM",
    "isNewlyAdded": false,
    "isActive": true,
    "isDealsEnabled": false,
    "quantity": 0
  },
  {
    "id": 12784,
    "code": "Three Bakers Whole Grain Bread 7 Ancient Grains",
    "desc": "Three Bakers Whole Grain Bread 7 Ancient Grains",
    "shortDesc": "Three Bakers Whole Grain Bread 7 Ancient Grains",
    "tags": [
      "Bread"
    ],
    "categories": [
      {
        "code": "Breakfast & Dairy",
        "desc": "Breakfast & Dairy"
      }
    ],
    "subCategories": [
      {
        "code": "Breads & Rolls",
        "desc": "Breads & Rolls"
      }
    ],
    "brands": [
      {
        "code": "Three Bakers",
        "desc": "Three Bakers"
      }
    ],
    "price": {
      "basePrice": 7.99,
      "discountPrice": 7.99
    },
    "type": {
      "code": "Bread",
      "desc": "Bread"
    },
    "weight": "17 oz",
    "UpcCode": "",
    "tax": 0.0,
    "spiceLevel": "",
    "aiselNo": "18",
    "store": "Market Basket",
    "weightType": "17 oz",
    "imageName": "17025.jpg",
    "defaultImage": "17025.jpg",
    "updatedTimestamp": "Jan 23, 2021 8:02:30 PM",
    "createdTimestamp": "Jan 23, 2021 8:02:30 PM",
    "isNewlyAdded": false,
    "isActive": true,
    "isDealsEnabled": false,
    "quantity": 0
  },
  {
    "id": 7948,
    "code": "Campbell's Condensed Campbell's Condensed Chicken with Rice Soup",
    "desc": "Campbell's Condensed Campbell's Condensed Chicken with Rice Soup",
    "shortDesc": "Campbell's Condensed Campbell's Condensed Chicken with Rice Soup",
    "tags": [
      "Soup, Broth & Bouillon"
    ],
    "categories": [
      {
        "code": "Cooking Needs",
        "desc": "Cooking Needs"
      }
    ],
    "subCategories": [
      {
        "code": "Canned Food",
        "desc": "Canned Food"
      }
    ],
    "brands": [
      {
        "code": "Campbell's",
        "desc": "Campbell's"
      }
    ],
    "price": {
      "basePrice": 2.09,
      "discountPrice": 2.09
    },
    "type": {
      "code": "Soup, Broth & Bouillon",
      "desc": "Soup, Broth & Bouillon"
    },
    "weight": "10.5 oz",
    "UpcCode": "",
    "tax": 0.0,
    "spiceLevel": "",
    "aiselNo": "2",
    "store": "Market Basket",
    "weightType": "10.5 oz",
    "imageName": "5303.jpg",
    "defaultImage": "5303.jpg",
    "updatedTimestamp": "Jan 23, 2021 8:02:30 PM",
    "createdTimestamp": "Jan 23, 2021 8:02:30 PM",
    "isNewlyAdded": false,
    "isActive": true,
    "isDealsEnabled": false,
    "quantity": 0
  },
  {
    "id": 4692,
    "code": "StarKistÃÂ® StarKist Chunk Light Tuna In Water",
    "desc": "StarKistÃÂ® StarKist Chunk Light Tuna In Water",
    "shortDesc": "StarKistÃÂ® StarKist Chunk Light Tuna In Water",
    "tags": [
      "Canned Tuna"
    ],
    "categories": [
      {
        "code": "Meat & Seafood",
        "desc": "Meat & Seafood"
      }
    ],
    "subCategories": [
      {
        "code": "Canned Meat & Seafood",
        "desc": "Canned Meat & Seafood"
      }
    ],
    "brands": [
      {
        "code": "StarKistÃÂ®",
        "desc": "StarKistÃÂ®"
      }
    ],
    "price": {
      "basePrice": 4.29,
      "discountPrice": 4.29
    },
    "type": {
      "code": "Canned Tuna",
      "desc": "Canned Tuna"
    },
    "weight": "3 oz",
    "UpcCode": "",
    "tax": 0.0,
    "spiceLevel": "",
    "aiselNo": "2",
    "store": "Market Basket",
    "weightType": "3 oz",
    "imageName": "5209.jpg",
    "defaultImage": "5209.jpg",
    "updatedTimestamp": "Jan 23, 2021 8:02:30 PM",
    "createdTimestamp": "Jan 23, 2021 8:02:30 PM",
    "isNewlyAdded": false,
    "isActive": true,
    "isDealsEnabled": false,
    "quantity": 0
  },
  {
    "id": 6584,
    "code": "Dole 100% JUICE Orange Strawberry Banana",
    "desc": "Dole 100% JUICE Orange Strawberry Banana",
    "shortDesc": "Dole 100% JUICE Orange Strawberry Banana",
    "tags": [
      "Refrigerated Drinks"
    ],
    "categories": [
      {
        "code": "Beverages & Juices",
        "desc": "Beverages & Juices"
      }
    ],
    "subCategories": [
      {
        "code": "Juices & Refrigerated Drinks",
        "desc": "Juices & Refrigerated Drinks"
      }
    ],
    "brands": [
      {
        "code": "Dole",
        "desc": "Dole"
      }
    ],
    "price": {
      "basePrice": 3.13,
      "discountPrice": 3.13
    },
    "type": {
      "code": "Refrigerated Drinks",
      "desc": "Refrigerated Drinks"
    },
    "weight": "59 fl oz",
    "UpcCode": "",
    "tax": 0.0,
    "spiceLevel": "",
    "aiselNo": "1",
    "store": "Market Basket",
    "weightType": "59 fl oz",
    "imageName": "X230.jpg",
    "defaultImage": "X230.jpg",
    "updatedTimestamp": "Jan 23, 2021 8:02:29 PM",
    "createdTimestamp": "Jan 23, 2021 8:02:29 PM",
    "isNewlyAdded": false,
    "isActive": true,
    "isDealsEnabled": false,
    "quantity": 0
  },
  {
    "id": 4356,
    "code": "Chef's Requested Boneless Underblade Chuck Steak",
    "desc": "Chef's Requested Boneless Underblade Chuck Steak",
    "shortDesc": "Chef's Requested Boneless Underblade Chuck Steak",
    "tags": [
      "Steak"
    ],
    "categories": [
      {
        "code": "Meat & Seafood",
        "desc": "Meat & Seafood"
      }
    ],
    "subCategories": [
      {
        "code": "Meat & Seafood Counter",
        "desc": "Meat & Seafood Counter"
      }
    ],
    "brands": [
      {
        "code": "Chef's Requested",
        "desc": "Chef's Requested"
      }
    ],
    "price": {
      "basePrice": 6.2,
      "discountPrice": 6.2
    },
    "type": {
      "code": "Steak",
      "desc": "Steak"
    },
    "weight": "Approx: 1.02 lb at $6.09/lb",
    "UpcCode": "",
    "tax": 0.0,
    "spiceLevel": "",
    "aiselNo": "22",
    "store": "Market Basket",
    "weightType": "Approx: 1.02 lb at $6.09/lb",
    "imageName": "No Image.jpg",
    "defaultImage": "No Image.jpg",
    "updatedTimestamp": "Jan 23, 2021 8:02:30 PM",
    "createdTimestamp": "Jan 23, 2021 8:02:30 PM",
    "isNewlyAdded": false,
    "isActive": true,
    "isDealsEnabled": false,
    "quantity": 0
  },
  {
    "id": 9831,
    "code": "Market Basket Baby Brussels Sprouts",
    "desc": "Market Basket Baby Brussels Sprouts",
    "shortDesc": "Market Basket Baby Brussels Sprouts",
    "tags": [
      "Frozen Produce"
    ],
    "categories": [
      {
        "code": "Frozen Food",
        "desc": "Frozen Food"
      }
    ],
    "subCategories": [
      {
        "code": "Frozen Produce",
        "desc": "Frozen Produce"
      }
    ],
    "brands": [
      {
        "code": "Market Basket",
        "desc": "Market Basket"
      }
    ],
    "price": {
      "basePrice": 1.89,
      "discountPrice": 1.89
    },
    "type": {
      "code": "Frozen Produce",
      "desc": "Frozen Produce"
    },
    "weight": "16 oz",
    "UpcCode": "",
    "tax": 0.0,
    "spiceLevel": "",
    "aiselNo": "19",
    "store": "Market Basket",
    "weightType": "16 oz",
    "imageName": "Market Basket.jpg",
    "defaultImage": "Market Basket.jpg",
    "updatedTimestamp": "Jan 23, 2021 8:02:30 PM",
    "createdTimestamp": "Jan 23, 2021 8:02:30 PM",
    "isNewlyAdded": false,
    "isActive": true,
    "isDealsEnabled": false,
    "quantity": 0
  },
  {
    "id": 13918,
    "code": "Westbrae Natural Westsoy Organic Original Soymilk Plain",
    "desc": "Westbrae Natural Westsoy Organic Original Soymilk Plain",
    "shortDesc": "Westbrae Natural Westsoy Organic Original Soymilk Plain",
    "tags": [
      "Soy & Lactose-Free"
    ],
    "categories": [
      {
        "code": "Breakfast & Dairy",
        "desc": "Breakfast & Dairy"
      }
    ],
    "subCategories": [
      {
        "code": "Dairy & Eggs",
        "desc": "Dairy & Eggs"
      }
    ],
    "brands": [
      {
        "code": "Westbrae",
        "desc": "Westbrae"
      }
    ],
    "price": {
      "basePrice": 3.69,
      "discountPrice": 3.69
    },
    "type": {
      "code": "Soy & Lactose-Free",
      "desc": "Soy & Lactose-Free"
    },
    "weight": "32 fl oz",
    "UpcCode": "",
    "tax": 0.0,
    "spiceLevel": "",
    "aiselNo": "1",
    "store": "Market Basket",
    "weightType": "32 fl oz",
    "imageName": "14800.jpg",
    "defaultImage": "14800.jpg",
    "updatedTimestamp": "Jan 23, 2021 8:02:30 PM",
    "createdTimestamp": "Jan 23, 2021 8:02:30 PM",
    "isNewlyAdded": false,
    "isActive": true,
    "isDealsEnabled": false,
    "quantity": 0
  },
  {
    "id": 4798,
    "code": "Market Basket Swordfish Steaks",
    "desc": "Market Basket Swordfish Steaks",
    "shortDesc": "Market Basket Swordfish Steaks",
    "tags": [
      "Frozen Fish (All)"
    ],
    "categories": [
      {
        "code": "Meat & Seafood",
        "desc": "Meat & Seafood"
      }
    ],
    "subCategories": [
      {
        "code": "Frozen Meat & Seafood",
        "desc": "Frozen Meat & Seafood"
      }
    ],
    "brands": [
      {
        "code": "Market Basket",
        "desc": "Market Basket"
      }
    ],
    "price": {
      "basePrice": 8.59,
      "discountPrice": 8.59
    },
    "type": {
      "code": "Frozen Fish (All)",
      "desc": "Frozen Fish (All)"
    },
    "weight": "12 oz",
    "UpcCode": "",
    "tax": 0.0,
    "spiceLevel": "",
    "aiselNo": "18",
    "store": "Market Basket",
    "weightType": "12 oz",
    "imageName": "Market Basket.jpg",
    "defaultImage": "Market Basket.jpg",
    "updatedTimestamp": "Jan 23, 2021 8:02:30 PM",
    "createdTimestamp": "Jan 23, 2021 8:02:30 PM",
    "isNewlyAdded": false,
    "isActive": true,
    "isDealsEnabled": false,
    "quantity": 0
  },
  {
    "id": 7563,
    "code": "Pastene Baby Artichoke",
    "desc": "Pastene Baby Artichoke",
    "shortDesc": "Pastene Baby Artichoke",
    "tags": [
      "Canned & Jarred Vegetables"
    ],
    "categories": [
      {
        "code": "Cooking Needs",
        "desc": "Cooking Needs"
      }
    ],
    "subCategories": [
      {
        "code": "Canned Food",
        "desc": "Canned Food"
      }
    ],
    "brands": [
      {
        "code": "Pastene",
        "desc": "Pastene"
      }
    ],
    "price": {
      "basePrice": 4.39,
      "discountPrice": 4.39
    },
    "type": {
      "code": "Canned & Jarred Vegetables",
      "desc": "Canned & Jarred Vegetables"
    },
    "weight": "9.9 oz",
    "UpcCode": "",
    "tax": 0.0,
    "spiceLevel": "",
    "aiselNo": "9",
    "store": "Market Basket",
    "weightType": "9.9 oz",
    "imageName": "4981.jpg",
    "defaultImage": "4981.jpg",
    "updatedTimestamp": "Jan 23, 2021 8:02:30 PM",
    "createdTimestamp": "Jan 23, 2021 8:02:30 PM",
    "isNewlyAdded": false,
    "isActive": true,
    "isDealsEnabled": false,
    "quantity": 0
  },
  {
    "id": 459,
    "code": "Sun Triple Clean plus OXI original fresh 28 medium loads laundry detergent",
    "desc": "Sun Triple Clean plus OXI original fresh 28 medium loads laundry detergent",
    "shortDesc": "Sun Triple Clean plus OXI original fresh 28 medium loads laundry detergent",
    "tags": [
      "Laundry Detergent"
    ],
    "categories": [
      {
        "code": "Laundry & Paper Goods",
        "desc": "Laundry & Paper Goods"
      }
    ],
    "subCategories": [
      {
        "code": "Laundry",
        "desc": "Laundry"
      }
    ],
    "brands": [
      {
        "code": "Sun",
        "desc": "Sun"
      }
    ],
    "price": {
      "basePrice": 2.49,
      "discountPrice": 2.49
    },
    "type": {
      "code": "Laundry Detergent",
      "desc": "Laundry Detergent"
    },
    "weight": "45.4 fl oz",
    "UpcCode": "",
    "tax": 1.0,
    "spiceLevel": "",
    "aiselNo": "15",
    "store": "Market Basket",
    "weightType": "45.4 fl oz",
    "imageName": "No Image.jpg",
    "defaultImage": "No Image.jpg",
    "updatedTimestamp": "Jan 23, 2021 8:02:30 PM",
    "createdTimestamp": "Jan 23, 2021 8:02:30 PM",
    "isNewlyAdded": false,
    "isActive": true,
    "isDealsEnabled": false,
    "quantity": 0
  },
  {
    "id": 353,
    "code": "Market Basket Family Size Storage Containers",
    "desc": "Market Basket Family Size Storage Containers",
    "shortDesc": "Market Basket Family Size Storage Containers",
    "tags": [
      "Storage Containers"
    ],
    "categories": [
      {
        "code": "Kitchen & Cleaning",
        "desc": "Kitchen & Cleaning"
      }
    ],
    "subCategories": [
      {
        "code": "Food Storage & Kitchen Supplies",
        "desc": "Food Storage & Kitchen Supplies"
      }
    ],
    "brands": [
      {
        "code": "Market Basket",
        "desc": "Market Basket"
      }
    ],
    "price": {
      "basePrice": 3.69,
      "discountPrice": 3.69
    },
    "type": {
      "code": "Storage Containers",
      "desc": "Storage Containers"
    },
    "weight": "2 count",
    "UpcCode": "",
    "tax": 1.0,
    "spiceLevel": "",
    "aiselNo": "12",
    "store": "Market Basket",
    "weightType": "2 count",
    "imageName": "Market Basket.jpg",
    "defaultImage": "Market Basket.jpg",
    "updatedTimestamp": "Jan 23, 2021 8:02:30 PM",
    "createdTimestamp": "Jan 23, 2021 8:02:30 PM",
    "isNewlyAdded": false,
    "isActive": true,
    "isDealsEnabled": false,
    "quantity": 0
  },
  {
    "id": 7821,
    "code": "Bumble Bee Premium Albacore Tuna In Water",
    "desc": "Bumble Bee Premium Albacore Tuna In Water",
    "shortDesc": "Bumble Bee Premium Albacore Tuna In Water",
    "tags": [
      "Canned Meat & Seafood"
    ],
    "categories": [
      {
        "code": "Cooking Needs",
        "desc": "Cooking Needs"
      }
    ],
    "subCategories": [
      {
        "code": "Canned Food",
        "desc": "Canned Food"
      }
    ],
    "brands": [
      {
        "code": "Bumble Bee",
        "desc": "Bumble Bee"
      }
    ],
    "price": {
      "basePrice": 3.69,
      "discountPrice": 3.69
    },
    "type": {
      "code": "Canned Meat & Seafood",
      "desc": "Canned Meat & Seafood"
    },
    "weight": "5 oz",
    "UpcCode": "",
    "tax": 0.0,
    "spiceLevel": "",
    "aiselNo": "2",
    "store": "Market Basket",
    "weightType": "5 oz",
    "imageName": "5194.jpg",
    "defaultImage": "5194.jpg",
    "updatedTimestamp": "Jan 23, 2021 8:02:30 PM",
    "createdTimestamp": "Jan 23, 2021 8:02:30 PM",
    "isNewlyAdded": false,
    "isActive": true,
    "isDealsEnabled": false,
    "quantity": 0
  },
  {
    "id": 6502,
    "code": "Blue Diamond Toasted Coconut Oven Roasted Almonds",
    "desc": "Blue Diamond Toasted Coconut Oven Roasted Almonds",
    "shortDesc": "Blue Diamond Toasted Coconut Oven Roasted Almonds",
    "tags": [
      "Nuts, Seeds & Dried Fruit"
    ],
    "categories": [
      {
        "code": "Chips, Cookies & Snacks",
        "desc": "Chips, Cookies & Snacks"
      }
    ],
    "subCategories": [
      {
        "code": "Nuts, Seeds & Dried Fruit",
        "desc": "Nuts, Seeds & Dried Fruit"
      }
    ],
    "brands": [
      {
        "code": "Blue Diamond",
        "desc": "Blue Diamond"
      }
    ],
    "price": {
      "basePrice": 9.99,
      "discountPrice": 9.99
    },
    "type": {
      "code": "Nuts, Seeds & Dried Fruit",
      "desc": "Nuts, Seeds & Dried Fruit"
    },
    "weight": "14 oz",
    "UpcCode": "",
    "tax": 0.0,
    "spiceLevel": "",
    "aiselNo": "6",
    "store": "Market Basket",
    "weightType": "14 oz",
    "imageName": "No Image.jpg",
    "defaultImage": "No Image.jpg",
    "updatedTimestamp": "Jan 23, 2021 8:02:30 PM",
    "createdTimestamp": "Jan 23, 2021 8:02:30 PM",
    "isNewlyAdded": false,
    "isActive": true,
    "isDealsEnabled": false,
    "quantity": 0
  },
  {
    "id": 14484,
    "code": "Starbucks French Roast Dark Roast Ground Coffee",
    "desc": "Starbucks French Roast Dark Roast Ground Coffee",
    "shortDesc": "Starbucks French Roast Dark Roast Ground Coffee",
    "tags": [
      "Coffee"
    ],
    "categories": [
      {
        "code": "Breakfast & Dairy",
        "desc": "Breakfast & Dairy"
      }
    ],
    "subCategories": [
      {
        "code": "Tea & Coffee",
        "desc": "Tea & Coffee"
      }
    ],
    "brands": [
      {
        "code": "StarBucks",
        "desc": "StarBucks"
      }
    ],
    "price": {
      "basePrice": 9.79,
      "discountPrice": 9.79
    },
    "type": {
      "code": "Coffee",
      "desc": "Coffee"
    },
    "weight": "12 oz",
    "UpcCode": "",
    "tax": 0.0,
    "spiceLevel": "",
    "aiselNo": "8",
    "store": "Market Basket",
    "weightType": "12 oz",
    "imageName": "3308.jpg",
    "defaultImage": "3308.jpg",
    "updatedTimestamp": "Jan 23, 2021 8:02:30 PM",
    "createdTimestamp": "Jan 23, 2021 8:02:30 PM",
    "isNewlyAdded": false,
    "isActive": true,
    "isDealsEnabled": false,
    "quantity": 0
  },
  {
    "id": 10154,
    "code": "Drumstick Vanilla Frozen Dairy Dessert Cones",
    "desc": "Drumstick Vanilla Frozen Dairy Dessert Cones",
    "shortDesc": "Drumstick Vanilla Frozen Dairy Dessert Cones",
    "tags": [
      "Ice Cream & Ice"
    ],
    "categories": [
      {
        "code": "Frozen Food",
        "desc": "Frozen Food"
      }
    ],
    "subCategories": [
      {
        "code": "Ice Cream & Ice",
        "desc": "Ice Cream & Ice"
      }
    ],
    "brands": [
      {
        "code": "Market Basket",
        "desc": "Market Basket"
      }
    ],
    "price": {
      "basePrice": 4.36,
      "discountPrice": 4.36
    },
    "type": {
      "code": "Ice Cream & Ice",
      "desc": "Ice Cream & Ice"
    },
    "weight": "4 count",
    "UpcCode": "",
    "tax": 0.0,
    "spiceLevel": "",
    "aiselNo": "21",
    "store": "Market Basket",
    "weightType": "4 count",
    "imageName": "16149.jpg",
    "defaultImage": "16149.jpg",
    "updatedTimestamp": "Jan 23, 2021 8:02:30 PM",
    "createdTimestamp": "Jan 23, 2021 8:02:30 PM",
    "isNewlyAdded": false,
    "isActive": true,
    "isDealsEnabled": false,
    "quantity": 0
  },
  {
    "id": 9976,
    "code": "Breyers Cookies & Cream Ice Cream",
    "desc": "Breyers Cookies & Cream Ice Cream",
    "shortDesc": "Breyers Cookies & Cream Ice Cream",
    "tags": [
      "Ice Cream & Ice"
    ],
    "categories": [
      {
        "code": "Frozen Food",
        "desc": "Frozen Food"
      }
    ],
    "subCategories": [
      {
        "code": "Ice Cream & Ice",
        "desc": "Ice Cream & Ice"
      }
    ],
    "brands": [
      {
        "code": "Breyer's",
        "desc": "Breyer's"
      }
    ],
    "price": {
      "basePrice": 4.29,
      "discountPrice": 4.29
    },
    "type": {
      "code": "Ice Cream & Ice",
      "desc": "Ice Cream & Ice"
    },
    "weight": "48 oz",
    "UpcCode": "",
    "tax": 0.0,
    "spiceLevel": "",
    "aiselNo": "21",
    "store": "Market Basket",
    "weightType": "48 oz",
    "imageName": "Market Basket.jpg",
    "defaultImage": "Market Basket.jpg",
    "updatedTimestamp": "Jan 23, 2021 8:02:30 PM",
    "createdTimestamp": "Jan 23, 2021 8:02:30 PM",
    "isNewlyAdded": false,
    "isActive": true,
    "isDealsEnabled": false,
    "quantity": 0
  },
  {
    "id": 4545,
    "code": "Fratelli Beretta Sweet Sopressata",
    "desc": "Fratelli Beretta Sweet Sopressata",
    "shortDesc": "Fratelli Beretta Sweet Sopressata",
    "tags": [
      "Other Meat"
    ],
    "categories": [
      {
        "code": "Meat & Seafood",
        "desc": "Meat & Seafood"
      }
    ],
    "subCategories": [
      {
        "code": "Lunch Meat",
        "desc": "Lunch Meat"
      }
    ],
    "brands": [
      {
        "code": "Fratelli Beretta",
        "desc": "Fratelli Beretta"
      }
    ],
    "price": {
      "basePrice": 5.5,
      "discountPrice": 5.5
    },
    "type": {
      "code": "Other Meat",
      "desc": "Other Meat"
    },
    "weight": "Approx: 0.50 lb at $10.9/lb",
    "UpcCode": "",
    "tax": 0.0,
    "spiceLevel": "",
    "aiselNo": "22",
    "store": "Market Basket",
    "weightType": "Approx: 0.50 lb at $10.9/lb",
    "imageName": "No Image.jpg",
    "defaultImage": "No Image.jpg",
    "updatedTimestamp": "Jan 23, 2021 8:02:30 PM",
    "createdTimestamp": "Jan 23, 2021 8:02:30 PM",
    "isNewlyAdded": false,
    "isActive": true,
    "isDealsEnabled": false,
    "quantity": 0
  },
  {
    "id": 14846,
    "code": "Irish Spring Deodorant Soap",
    "desc": "Irish Spring Deodorant Soap",
    "shortDesc": "Irish Spring Deodorant Soap",
    "tags": [
      "Soap"
    ],
    "categories": [
      {
        "code": "Personal Care",
        "desc": "Personal Care"
      }
    ],
    "subCategories": [
      {
        "code": "Body Wash, Soap & Hair Care",
        "desc": "Body Wash, Soap & Hair Care"
      }
    ],
    "brands": [
      {
        "code": "Irish Spring",
        "desc": "Irish Spring"
      }
    ],
    "price": {
      "basePrice": 3.21,
      "discountPrice": 3.21
    },
    "type": {
      "code": "Soap",
      "desc": "Soap"
    },
    "weight": "11.25 oz",
    "UpcCode": "",
    "tax": 1.0,
    "spiceLevel": "",
    "aiselNo": "13",
    "store": "Market Basket",
    "weightType": "11.25 oz",
    "imageName": "6355.jpg",
    "defaultImage": "6355.jpg",
    "updatedTimestamp": "Jan 23, 2021 8:02:30 PM",
    "createdTimestamp": "Jan 23, 2021 8:02:30 PM",
    "isNewlyAdded": false,
    "isActive": true,
    "isDealsEnabled": false,
    "quantity": 0
  },
  {
    "id": 4779,
    "code": "Market Basket 26 30 Per Pound Cooked Extra Jumbo Shrimp",
    "desc": "Market Basket 26 30 Per Pound Cooked Extra Jumbo Shrimp",
    "shortDesc": "Market Basket 26 30 Per Pound Cooked Extra Jumbo Shrimp",
    "tags": [
      "Frozen Shrimp"
    ],
    "categories": [
      {
        "code": "Meat & Seafood",
        "desc": "Meat & Seafood"
      }
    ],
    "subCategories": [
      {
        "code": "Frozen Meat & Seafood",
        "desc": "Frozen Meat & Seafood"
      }
    ],
    "brands": [
      {
        "code": "Market Basket",
        "desc": "Market Basket"
      }
    ],
    "price": {
      "basePrice": 29.19,
      "discountPrice": 29.19
    },
    "type": {
      "code": "Frozen Shrimp",
      "desc": "Frozen Shrimp"
    },
    "weight": "32 oz",
    "UpcCode": "",
    "tax": 0.0,
    "spiceLevel": "",
    "aiselNo": "18",
    "store": "Market Basket",
    "weightType": "32 oz",
    "imageName": "Market Basket.jpg",
    "defaultImage": "Market Basket.jpg",
    "updatedTimestamp": "Jan 23, 2021 8:02:30 PM",
    "createdTimestamp": "Jan 23, 2021 8:02:30 PM",
    "isNewlyAdded": false,
    "isActive": true,
    "isDealsEnabled": false,
    "quantity": 0
  },
  {
    "id": 7982,
    "code": "Campbell's Soup on the Go Campbell's Chicken & Mini Round Noodles Sipping Soup",
    "desc": "Campbell's Soup on the Go Campbell's Chicken & Mini Round Noodles Sipping Soup",
    "shortDesc": "Campbell's Soup on the Go Campbell's Chicken & Mini Round Noodles Sipping Soup",
    "tags": [
      "Soup, Broth & Bouillon"
    ],
    "categories": [
      {
        "code": "Cooking Needs",
        "desc": "Cooking Needs"
      }
    ],
    "subCategories": [
      {
        "code": "Canned Food",
        "desc": "Canned Food"
      }
    ],
    "brands": [
      {
        "code": "Campbell's",
        "desc": "Campbell's"
      }
    ],
    "price": {
      "basePrice": 2.09,
      "discountPrice": 2.09
    },
    "type": {
      "code": "Soup, Broth & Bouillon",
      "desc": "Soup, Broth & Bouillon"
    },
    "weight": "10.75 oz",
    "UpcCode": "",
    "tax": 0.0,
    "spiceLevel": "",
    "aiselNo": "2",
    "store": "Market Basket",
    "weightType": "10.75 oz",
    "imageName": "17261.jpg",
    "defaultImage": "17261.jpg",
    "updatedTimestamp": "Jan 23, 2021 8:02:30 PM",
    "createdTimestamp": "Jan 23, 2021 8:02:30 PM",
    "isNewlyAdded": false,
    "isActive": true,
    "isDealsEnabled": false,
    "quantity": 0
  },
  {
    "id": 13786,
    "code": "Palmetto Cheese Jalapenos",
    "desc": "Palmetto Cheese Jalapenos",
    "shortDesc": "Palmetto Cheese Jalapenos",
    "tags": [
      "Packaged Cheese"
    ],
    "categories": [
      {
        "code": "Breakfast & Dairy",
        "desc": "Breakfast & Dairy"
      }
    ],
    "subCategories": [
      {
        "code": "Dairy & Eggs",
        "desc": "Dairy & Eggs"
      }
    ],
    "brands": [
      {
        "code": "Palmetto",
        "desc": "Palmetto"
      }
    ],
    "price": {
      "basePrice": 4.89,
      "discountPrice": 4.89
    },
    "type": {
      "code": "Packaged Cheese",
      "desc": "Packaged Cheese"
    },
    "weight": "12 oz",
    "UpcCode": "",
    "tax": 0.0,
    "spiceLevel": "",
    "aiselNo": "1",
    "store": "Market Basket",
    "weightType": "12 oz",
    "imageName": "14631.jpg",
    "defaultImage": "14631.jpg",
    "updatedTimestamp": "Jan 23, 2021 8:02:30 PM",
    "createdTimestamp": "Jan 23, 2021 8:02:30 PM",
    "isNewlyAdded": false,
    "isActive": true,
    "isDealsEnabled": false,
    "quantity": 0
  },
  {
    "id": 14602,
    "code": "Snapple Diet Lemon Tea",
    "desc": "Snapple Diet Lemon Tea",
    "shortDesc": "Snapple Diet Lemon Tea",
    "tags": [
      "Tea"
    ],
    "categories": [
      {
        "code": "Beverages & Juices",
        "desc": "Beverages & Juices"
      }
    ],
    "subCategories": [
      {
        "code": "Tea, Coffee, Milk & Coconut Water",
        "desc": "Tea, Coffee, Milk & Coconut Water"
      }
    ],
    "brands": [
      {
        "code": "Snapple",
        "desc": "Snapple"
      }
    ],
    "price": {
      "basePrice": 7.49,
      "discountPrice": 7.49
    },
    "type": {
      "code": "Tea",
      "desc": "Tea"
    },
    "weight": "12 x 16 fl oz",
    "UpcCode": "",
    "tax": 0.0,
    "spiceLevel": "",
    "aiselNo": "10",
    "store": "Market Basket",
    "weightType": "12 x 16 fl oz",
    "imageName": "X2996.jpg",
    "defaultImage": "X2996.jpg",
    "updatedTimestamp": "Jan 23, 2021 8:02:29 PM",
    "createdTimestamp": "Jan 23, 2021 8:02:29 PM",
    "isNewlyAdded": false,
    "isActive": true,
    "isDealsEnabled": false,
    "quantity": 0
  },
  {
    "id": 14584,
    "code": "Pure Leaf Lemon Real Brewed Tea ",
    "desc": "Pure Leaf Lemon Real Brewed Tea ",
    "shortDesc": "Pure Leaf Lemon Real Brewed Tea ",
    "tags": [
      "Tea"
    ],
    "categories": [
      {
        "code": "Beverages & Juices",
        "desc": "Beverages & Juices"
      }
    ],
    "subCategories": [
      {
        "code": "Tea, Coffee, Milk & Coconut Water",
        "desc": "Tea, Coffee, Milk & Coconut Water"
      }
    ],
    "brands": [
      {
        "code": "Pure Leaf",
        "desc": "Pure Leaf"
      }
    ],
    "price": {
      "basePrice": 3.11,
      "discountPrice": 3.11
    },
    "type": {
      "code": "Tea",
      "desc": "Tea"
    },
    "weight": "64 fl oz",
    "UpcCode": "012000142093",
    "tax": 0.0,
    "spiceLevel": "",
    "aiselNo": "10",
    "store": "Market Basket",
    "weightType": "64 fl oz",
    "imageName": "X3039.jpg",
    "defaultImage": "X3039.jpg",
    "updatedTimestamp": "Jan 23, 2021 8:02:29 PM",
    "createdTimestamp": "Jan 23, 2021 8:02:29 PM",
    "isNewlyAdded": false,
    "isActive": true,
    "isDealsEnabled": false,
    "quantity": 0
  },
  {
    "id": 9833,
    "code": "Market Basket Broccoli Cuts",
    "desc": "Market Basket Broccoli Cuts",
    "shortDesc": "Market Basket Broccoli Cuts",
    "tags": [
      "Frozen Produce"
    ],
    "categories": [
      {
        "code": "Frozen Food",
        "desc": "Frozen Food"
      }
    ],
    "subCategories": [
      {
        "code": "Frozen Produce",
        "desc": "Frozen Produce"
      }
    ],
    "brands": [
      {
        "code": "Market Basket",
        "desc": "Market Basket"
      }
    ],
    "price": {
      "basePrice": 2.49,
      "discountPrice": 2.49
    },
    "type": {
      "code": "Frozen Produce",
      "desc": "Frozen Produce"
    },
    "weight": "32 oz",
    "UpcCode": "",
    "tax": 0.0,
    "spiceLevel": "",
    "aiselNo": "19",
    "store": "Market Basket",
    "weightType": "32 oz",
    "imageName": "Market Basket.jpg",
    "defaultImage": "Market Basket.jpg",
    "updatedTimestamp": "Jan 23, 2021 8:02:30 PM",
    "createdTimestamp": "Jan 23, 2021 8:02:30 PM",
    "isNewlyAdded": false,
    "isActive": true,
    "isDealsEnabled": false,
    "quantity": 0
  },
  {
    "id": 10414,
    "code": "Goya Lima Beans Large",
    "desc": "Goya Lima Beans Large",
    "shortDesc": "Goya Lima Beans Large",
    "tags": [
      "Canned Food"
    ],
    "categories": [
      {
        "code": "Cooking Needs",
        "desc": "Cooking Needs"
      }
    ],
    "subCategories": [
      {
        "code": "Canned Food",
        "desc": "Canned Food"
      }
    ],
    "brands": [
      {
        "code": "Goya",
        "desc": "Goya"
      }
    ],
    "price": {
      "basePrice": 2.49,
      "discountPrice": 2.49
    },
    "type": {
      "code": "Canned Food",
      "desc": "Canned Food"
    },
    "weight": "16 oz",
    "UpcCode": "",
    "tax": 0.0,
    "spiceLevel": "",
    "aiselNo": "7",
    "store": "Market Basket",
    "weightType": "16 oz",
    "imageName": "5819.jpg",
    "defaultImage": "5819.jpg",
    "updatedTimestamp": "Jan 23, 2021 8:02:30 PM",
    "createdTimestamp": "Jan 23, 2021 8:02:30 PM",
    "isNewlyAdded": false,
    "isActive": true,
    "isDealsEnabled": false,
    "quantity": 0
  },
  {
    "id": 260,
    "code": "Cascade Gel + Oxi, Dishwasher Detergent",
    "desc": "Cascade Gel + Oxi, Dishwasher Detergent",
    "shortDesc": "Cascade Gel + Oxi, Dishwasher Detergent",
    "tags": [
      "Dishwasher Detergent"
    ],
    "categories": [
      {
        "code": "Kitchen & Cleaning",
        "desc": "Kitchen & Cleaning"
      }
    ],
    "subCategories": [
      {
        "code": "Dish Detergents",
        "desc": "Dish Detergents"
      }
    ],
    "brands": [
      {
        "code": "Cascade",
        "desc": "Cascade"
      }
    ],
    "price": {
      "basePrice": 6.09,
      "discountPrice": 6.09
    },
    "type": {
      "code": "Dishwasher Detergent",
      "desc": "Dishwasher Detergent"
    },
    "weight": "75 fl oz",
    "UpcCode": "",
    "tax": 1.0,
    "spiceLevel": "",
    "aiselNo": "15",
    "store": "Market Basket",
    "weightType": "75 fl oz",
    "imageName": "18058.jpg",
    "defaultImage": "18058.jpg",
    "updatedTimestamp": "Jan 23, 2021 8:02:30 PM",
    "createdTimestamp": "Jan 23, 2021 8:02:30 PM",
    "isNewlyAdded": false,
    "isActive": true,
    "isDealsEnabled": false,
    "quantity": 0
  },
  {
    "id": 6809,
    "code": "Carnation Fat Free Evaporated Milk",
    "desc": "Carnation Fat Free Evaporated Milk",
    "shortDesc": "Carnation Fat Free Evaporated Milk",
    "tags": [
      "Baking Ingredients"
    ],
    "categories": [
      {
        "code": "Cooking Needs",
        "desc": "Cooking Needs"
      }
    ],
    "subCategories": [
      {
        "code": "Baking & Cooking",
        "desc": "Baking & Cooking"
      }
    ],
    "brands": [
      {
        "code": "Carnation ",
        "desc": "Carnation "
      }
    ],
    "price": {
      "basePrice": 1.69,
      "discountPrice": 1.69
    },
    "type": {
      "code": "Baking Ingredients",
      "desc": "Baking Ingredients"
    },
    "weight": "12 fl oz",
    "UpcCode": "",
    "tax": 0.0,
    "spiceLevel": "",
    "aiselNo": "8",
    "store": "Market Basket",
    "weightType": "12 fl oz",
    "imageName": "2368.jpg",
    "defaultImage": "2368.jpg",
    "updatedTimestamp": "Jan 23, 2021 8:02:30 PM",
    "createdTimestamp": "Jan 23, 2021 8:02:30 PM",
    "isNewlyAdded": false,
    "isActive": true,
    "isDealsEnabled": false,
    "quantity": 0
  },
  {
    "id": 4169,
    "code": "Certified Angus Beef Thin Top Round Steak",
    "desc": "Certified Angus Beef Thin Top Round Steak",
    "shortDesc": "Certified Angus Beef Thin Top Round Steak",
    "tags": [
      "Beef"
    ],
    "categories": [
      {
        "code": "Meat & Seafood",
        "desc": "Meat & Seafood"
      }
    ],
    "subCategories": [
      {
        "code": "Packaged Meat & Seafood",
        "desc": "Packaged Meat & Seafood"
      }
    ],
    "brands": [
      {
        "code": "Certified Angus Beef",
        "desc": "Certified Angus Beef"
      }
    ],
    "price": {
      "basePrice": 5.79,
      "discountPrice": 5.79
    },
    "type": {
      "code": "Beef",
      "desc": "Beef"
    },
    "weight": "0.97 lb",
    "UpcCode": "",
    "tax": 0.0,
    "spiceLevel": "",
    "aiselNo": "22",
    "store": "Market Basket",
    "weightType": "0.97 lb",
    "imageName": "No Image.jpg",
    "defaultImage": "No Image.jpg",
    "updatedTimestamp": "Jan 23, 2021 8:02:30 PM",
    "createdTimestamp": "Jan 23, 2021 8:02:30 PM",
    "isNewlyAdded": false,
    "isActive": true,
    "isDealsEnabled": false,
    "quantity": 0
  },
  {
    "id": 7538,
    "code": "Market Basket Whole Kernel Golden Sweet Corn No Sugar Added",
    "desc": "Market Basket Whole Kernel Golden Sweet Corn No Sugar Added",
    "shortDesc": "Market Basket Whole Kernel Golden Sweet Corn No Sugar Added",
    "tags": [
      "Canned & Jarred Vegetables"
    ],
    "categories": [
      {
        "code": "Cooking Needs",
        "desc": "Cooking Needs"
      }
    ],
    "subCategories": [
      {
        "code": "Canned Food",
        "desc": "Canned Food"
      }
    ],
    "brands": [
      {
        "code": "Market Basket",
        "desc": "Market Basket"
      }
    ],
    "price": {
      "basePrice": 0.99,
      "discountPrice": 0.99
    },
    "type": {
      "code": "Canned & Jarred Vegetables",
      "desc": "Canned & Jarred Vegetables"
    },
    "weight": "15.25 oz",
    "UpcCode": "",
    "tax": 0.0,
    "spiceLevel": "",
    "aiselNo": "9",
    "store": "Market Basket",
    "weightType": "15.25 oz",
    "imageName": "Market Basket.jpg",
    "defaultImage": "Market Basket.jpg",
    "updatedTimestamp": "Jan 23, 2021 8:02:30 PM",
    "createdTimestamp": "Jan 23, 2021 8:02:30 PM",
    "isNewlyAdded": false,
    "isActive": true,
    "isDealsEnabled": false,
    "quantity": 0
  },
  {
    "id": 5359,
    "code": "Nabisco Minions Teddy Grahams 12 Pack",
    "desc": "Nabisco Minions Teddy Grahams 12 Pack",
    "shortDesc": "Nabisco Minions Teddy Grahams 12 Pack",
    "tags": [
      "Crackers"
    ],
    "categories": [
      {
        "code": "Chips, Cookies & Snacks",
        "desc": "Chips, Cookies & Snacks"
      }
    ],
    "subCategories": [
      {
        "code": "Cookies & Crackers",
        "desc": "Cookies & Crackers"
      }
    ],
    "brands": [
      {
        "code": "Nabisco",
        "desc": "Nabisco"
      }
    ],
    "price": {
      "basePrice": 6.23,
      "discountPrice": 6.23
    },
    "type": {
      "code": "Crackers",
      "desc": "Crackers"
    },
    "weight": "12 x 1 oz",
    "UpcCode": "",
    "tax": 0.0,
    "spiceLevel": "",
    "aiselNo": "6",
    "store": "Market Basket",
    "weightType": "12 x 1 oz",
    "imageName": "No Image.jpg",
    "defaultImage": "No Image.jpg",
    "updatedTimestamp": "Jan 23, 2021 8:02:30 PM",
    "createdTimestamp": "Jan 23, 2021 8:02:30 PM",
    "isNewlyAdded": false,
    "isActive": true,
    "isDealsEnabled": false,
    "quantity": 0
  },
  {
    "id": 14757,
    "code": "L'Oreal Paris Studio Line Max Hold Mega Spritz",
    "desc": "L'Oreal Paris Studio Line Max Hold Mega Spritz",
    "shortDesc": "L'Oreal Paris Studio Line Max Hold Mega Spritz",
    "tags": [
      "Hair Care"
    ],
    "categories": [
      {
        "code": "Personal Care",
        "desc": "Personal Care"
      }
    ],
    "subCategories": [
      {
        "code": "Body Wash, Soap & Hair Care",
        "desc": "Body Wash, Soap & Hair Care"
      }
    ],
    "brands": [
      {
        "code": "L'Oreal",
        "desc": "L'Oreal"
      }
    ],
    "price": {
      "basePrice": 6.77,
      "discountPrice": 6.77
    },
    "type": {
      "code": "Hair Care",
      "desc": "Hair Care"
    },
    "weight": "8.5 fl oz",
    "UpcCode": "",
    "tax": 1.0,
    "spiceLevel": "",
    "aiselNo": "13",
    "store": "Market Basket",
    "weightType": "8.5 fl oz",
    "imageName": "17823.jpg",
    "defaultImage": "17823.jpg",
    "updatedTimestamp": "Jan 23, 2021 8:02:30 PM",
    "createdTimestamp": "Jan 23, 2021 8:02:30 PM",
    "isNewlyAdded": false,
    "isActive": true,
    "isDealsEnabled": false,
    "quantity": 0
  },
  {
    "id": 8976,
    "code": "Goya Guava Jelly",
    "desc": "Goya Guava Jelly",
    "shortDesc": "Goya Guava Jelly",
    "tags": [
      "Spreads"
    ],
    "categories": [
      {
        "code": "Condiments & Dressings",
        "desc": "Condiments & Dressings"
      }
    ],
    "subCategories": [
      {
        "code": "Preserved Dips & Spreads",
        "desc": "Preserved Dips & Spreads"
      }
    ],
    "brands": [
      {
        "code": "Goya",
        "desc": "Goya"
      }
    ],
    "price": {
      "basePrice": 3.29,
      "discountPrice": 3.29
    },
    "type": {
      "code": "Spreads",
      "desc": "Spreads"
    },
    "weight": "17 oz",
    "UpcCode": "",
    "tax": 0.0,
    "spiceLevel": "",
    "aiselNo": "7",
    "store": "Market Basket",
    "weightType": "17 oz",
    "imageName": "17965.jpg",
    "defaultImage": "17965.jpg",
    "updatedTimestamp": "Jan 23, 2021 8:02:30 PM",
    "createdTimestamp": "Jan 23, 2021 8:02:30 PM",
    "isNewlyAdded": false,
    "isActive": true,
    "isDealsEnabled": false,
    "quantity": 0
  },
  {
    "id": 4162,
    "code": "Market Basket Australian Lamb Loin Chops",
    "desc": "Market Basket Australian Lamb Loin Chops",
    "shortDesc": "Market Basket Australian Lamb Loin Chops",
    "tags": [
      "Lamb"
    ],
    "categories": [
      {
        "code": "Meat & Seafood",
        "desc": "Meat & Seafood"
      }
    ],
    "subCategories": [
      {
        "code": "Meat & Seafood Counter",
        "desc": "Meat & Seafood Counter"
      }
    ],
    "brands": [
      {
        "code": "Market Basket",
        "desc": "Market Basket"
      }
    ],
    "price": {
      "basePrice": 14.69,
      "discountPrice": 14.69
    },
    "type": {
      "code": "Lamb",
      "desc": "Lamb"
    },
    "weight": "Approx: 1.01 lb at $14.6/lb",
    "UpcCode": "",
    "tax": 0.0,
    "spiceLevel": "",
    "aiselNo": "22",
    "store": "Market Basket",
    "weightType": "Approx: 1.01 lb at $14.6/lb",
    "imageName": "Market Basket.jpg",
    "defaultImage": "Market Basket.jpg",
    "updatedTimestamp": "Jan 23, 2021 8:02:30 PM",
    "createdTimestamp": "Jan 23, 2021 8:02:30 PM",
    "isNewlyAdded": false,
    "isActive": true,
    "isDealsEnabled": false,
    "quantity": 0
  },
  {
    "id": 9346,
    "code": "Marie Callender's Chocolate Satin Pie",
    "desc": "Marie Callender's Chocolate Satin Pie",
    "shortDesc": "Marie Callender's Chocolate Satin Pie",
    "tags": [
      "Frozen Dessert"
    ],
    "categories": [
      {
        "code": "Frozen Food",
        "desc": "Frozen Food"
      }
    ],
    "subCategories": [
      {
        "code": "Frozen Dessert",
        "desc": "Frozen Dessert"
      }
    ],
    "brands": [
      {
        "code": "Marie Callender's",
        "desc": "Marie Callender's"
      }
    ],
    "price": {
      "basePrice": 7.39,
      "discountPrice": 7.39
    },
    "type": {
      "code": "Frozen Dessert",
      "desc": "Frozen Dessert"
    },
    "weight": "28 oz",
    "UpcCode": "",
    "tax": 0.0,
    "spiceLevel": "",
    "aiselNo": "19",
    "store": "Market Basket",
    "weightType": "28 oz",
    "imageName": "2964.jpg",
    "defaultImage": "2964.jpg",
    "updatedTimestamp": "Jan 23, 2021 8:02:30 PM",
    "createdTimestamp": "Jan 23, 2021 8:02:30 PM",
    "isNewlyAdded": false,
    "isActive": true,
    "isDealsEnabled": false,
    "quantity": 0
  },
  {
    "id": 13852,
    "code": "Snack Pack Pudding Tapioca",
    "desc": "Snack Pack Pudding Tapioca",
    "shortDesc": "Snack Pack Pudding Tapioca",
    "tags": [
      "Refrigerated Pudding & Desserts"
    ],
    "categories": [
      {
        "code": "Breakfast & Dairy",
        "desc": "Breakfast & Dairy"
      }
    ],
    "subCategories": [
      {
        "code": "Dairy & Eggs",
        "desc": "Dairy & Eggs"
      }
    ],
    "brands": [
      {
        "code": "Snack Pack",
        "desc": "Snack Pack"
      }
    ],
    "price": {
      "basePrice": 1.49,
      "discountPrice": 1.49
    },
    "type": {
      "code": "Refrigerated Pudding & Desserts",
      "desc": "Refrigerated Pudding & Desserts"
    },
    "weight": "3.25 oz",
    "UpcCode": "",
    "tax": 0.0,
    "spiceLevel": "",
    "aiselNo": "19",
    "store": "Market Basket",
    "weightType": "3.25 oz",
    "imageName": "818.jpg",
    "defaultImage": "818.jpg",
    "updatedTimestamp": "Jan 23, 2021 8:02:30 PM",
    "createdTimestamp": "Jan 23, 2021 8:02:30 PM",
    "isNewlyAdded": false,
    "isActive": true,
    "isDealsEnabled": false,
    "quantity": 0
  },
  {
    "id": 13970,
    "code": "Pecorino Romano",
    "desc": "Pecorino Romano",
    "shortDesc": "Pecorino Romano",
    "tags": [
      "Specialty Cheeses"
    ],
    "categories": [
      {
        "code": "Breakfast & Dairy",
        "desc": "Breakfast & Dairy"
      }
    ],
    "subCategories": [
      {
        "code": "Dairy & Eggs",
        "desc": "Dairy & Eggs"
      }
    ],
    "brands": [
      {
        "code": "Market Basket",
        "desc": "Market Basket"
      }
    ],
    "price": {
      "basePrice": 7.89,
      "discountPrice": 7.89
    },
    "type": {
      "code": "Specialty Cheeses",
      "desc": "Specialty Cheeses"
    },
    "weight": "0.7 lb",
    "UpcCode": "",
    "tax": 0.0,
    "spiceLevel": "",
    "aiselNo": "1",
    "store": "Market Basket",
    "weightType": "0.7 lb",
    "imageName": "Market Basket.jpg",
    "defaultImage": "Market Basket.jpg",
    "updatedTimestamp": "Jan 23, 2021 8:02:30 PM",
    "createdTimestamp": "Jan 23, 2021 8:02:30 PM",
    "isNewlyAdded": false,
    "isActive": true,
    "isDealsEnabled": false,
    "quantity": 0
  },
  {
    "id": 5980,
    "code": "Master of Mixes Simple Syrup",
    "desc": "Master of Mixes Simple Syrup",
    "shortDesc": "Master of Mixes Simple Syrup",
    "tags": [
      "Cocoa & Drink Mixes"
    ],
    "categories": [
      {
        "code": "Beverages & Juices",
        "desc": "Beverages & Juices"
      }
    ],
    "subCategories": [
      {
        "code": "Cocoa & Drink Mixes",
        "desc": "Cocoa & Drink Mixes"
      }
    ],
    "brands": [
      {
        "code": "Master of Mixes",
        "desc": "Master of Mixes"
      }
    ],
    "price": {
      "basePrice": 3.74,
      "discountPrice": 3.74
    },
    "type": {
      "code": "Cocoa & Drink Mixes",
      "desc": "Cocoa & Drink Mixes"
    },
    "weight": "375 ml",
    "UpcCode": "",
    "tax": 0.0,
    "spiceLevel": "",
    "aiselNo": "17",
    "store": "Market Basket",
    "weightType": "375 ml",
    "imageName": "No Image.jpg",
    "defaultImage": "No Image.jpg",
    "updatedTimestamp": "Jan 23, 2021 8:02:29 PM",
    "createdTimestamp": "Jan 23, 2021 8:02:29 PM",
    "isNewlyAdded": false,
    "isActive": true,
    "isDealsEnabled": false,
    "quantity": 0
  },
  {
    "id": 15347,
    "code": "Nature Made Vitamin D3 2000 IU (50 mcg) Tablets",
    "desc": "Nature Made Vitamin D3 2000 IU (50 mcg) Tablets",
    "shortDesc": "Nature Made Vitamin D3 2000 IU (50 mcg) Tablets",
    "tags": [
      "Vitamins & Supplements"
    ],
    "categories": [
      {
        "code": "Personal Care",
        "desc": "Personal Care"
      }
    ],
    "subCategories": [
      {
        "code": "Vitamins & Proteins",
        "desc": "Vitamins & Proteins"
      }
    ],
    "brands": [
      {
        "code": "Nature Made",
        "desc": "Nature Made"
      }
    ],
    "price": {
      "basePrice": 9.88,
      "discountPrice": 9.88
    },
    "type": {
      "code": "Vitamins & Supplements",
      "desc": "Vitamins & Supplements"
    },
    "weight": "1 pack",
    "UpcCode": "",
    "tax": 1.0,
    "spiceLevel": "",
    "aiselNo": "13",
    "store": "Market Basket",
    "weightType": "1 pack",
    "imageName": "18196.jpg",
    "defaultImage": "18196.jpg",
    "updatedTimestamp": "Jan 23, 2021 8:02:30 PM",
    "createdTimestamp": "Jan 23, 2021 8:02:30 PM",
    "isNewlyAdded": false,
    "isActive": true,
    "isDealsEnabled": false,
    "quantity": 0
  },
  {
    "id": 6387,
    "code": "Polar Blueberry Lemonade",
    "desc": "Polar Blueberry Lemonade",
    "shortDesc": "Polar Blueberry Lemonade",
    "tags": [
      "Soft Drinks"
    ],
    "categories": [
      {
        "code": "Beverages & Juices",
        "desc": "Beverages & Juices"
      }
    ],
    "subCategories": [
      {
        "code": "Soft Drinks & Seltzers",
        "desc": "Soft Drinks & Seltzers"
      }
    ],
    "brands": [
      {
        "code": "Polar",
        "desc": "Polar"
      }
    ],
    "price": {
      "basePrice": 1.24,
      "discountPrice": 1.24
    },
    "type": {
      "code": "Soft Drinks",
      "desc": "Soft Drinks"
    },
    "weight": "1 L",
    "UpcCode": "",
    "tax": 0.0,
    "spiceLevel": "",
    "aiselNo": "11",
    "store": "Market Basket",
    "weightType": "1 L",
    "imageName": "No Image.jpg",
    "defaultImage": "No Image.jpg",
    "updatedTimestamp": "Jan 23, 2021 8:02:30 PM",
    "createdTimestamp": "Jan 23, 2021 8:02:30 PM",
    "isNewlyAdded": false,
    "isActive": true,
    "isDealsEnabled": false,
    "quantity": 0
  },
  {
    "id": 13505,
    "code": "Market Basket Organic Whole Milk",
    "desc": "Market Basket Organic Whole Milk",
    "shortDesc": "Market Basket Organic Whole Milk",
    "tags": [
      "Milk"
    ],
    "categories": [
      {
        "code": "Breakfast & Dairy",
        "desc": "Breakfast & Dairy"
      }
    ],
    "subCategories": [
      {
        "code": "Dairy & Eggs",
        "desc": "Dairy & Eggs"
      }
    ],
    "brands": [
      {
        "code": "Market Basket",
        "desc": "Market Basket"
      }
    ],
    "price": {
      "basePrice": 7.49,
      "discountPrice": 7.49
    },
    "type": {
      "code": "Milk",
      "desc": "Milk"
    },
    "weight": "1 gal",
    "UpcCode": "",
    "tax": 0.0,
    "spiceLevel": "",
    "aiselNo": "1",
    "store": "Market Basket",
    "weightType": "1 gal",
    "imageName": "Market Basket.jpg",
    "defaultImage": "Market Basket.jpg",
    "updatedTimestamp": "Jan 23, 2021 8:02:30 PM",
    "createdTimestamp": "Jan 23, 2021 8:02:30 PM",
    "isNewlyAdded": false,
    "isActive": true,
    "isDealsEnabled": false,
    "quantity": 0
  },
  {
    "id": 4681,
    "code": "Roland Escargots Very Large Snails",
    "desc": "Roland Escargots Very Large Snails",
    "shortDesc": "Roland Escargots Very Large Snails",
    "tags": [
      "Other Seafood"
    ],
    "categories": [
      {
        "code": "Meat & Seafood",
        "desc": "Meat & Seafood"
      }
    ],
    "subCategories": [
      {
        "code": "Canned Meat & Seafood",
        "desc": "Canned Meat & Seafood"
      }
    ],
    "brands": [
      {
        "code": "Roland",
        "desc": "Roland"
      }
    ],
    "price": {
      "basePrice": 4.89,
      "discountPrice": 4.89
    },
    "type": {
      "code": "Other Seafood",
      "desc": "Other Seafood"
    },
    "weight": "7.75 oz",
    "UpcCode": "",
    "tax": 0.0,
    "spiceLevel": "",
    "aiselNo": "2",
    "store": "Market Basket",
    "weightType": "7.75 oz",
    "imageName": "5245.jpg",
    "defaultImage": "5245.jpg",
    "updatedTimestamp": "Jan 23, 2021 8:02:30 PM",
    "createdTimestamp": "Jan 23, 2021 8:02:30 PM",
    "isNewlyAdded": false,
    "isActive": true,
    "isDealsEnabled": false,
    "quantity": 0
  },
  {
    "id": 4500,
    "code": "Glen Rock Boneless Smoked Ham",
    "desc": "Glen Rock Boneless Smoked Ham",
    "shortDesc": "Glen Rock Boneless Smoked Ham",
    "tags": [
      "Ham"
    ],
    "categories": [
      {
        "code": "Meat & Seafood",
        "desc": "Meat & Seafood"
      }
    ],
    "subCategories": [
      {
        "code": "Lunch Meat",
        "desc": "Lunch Meat"
      }
    ],
    "brands": [
      {
        "code": "Glen Rock",
        "desc": "Glen Rock"
      }
    ],
    "price": {
      "basePrice": 6.27,
      "discountPrice": 6.27
    },
    "type": {
      "code": "Ham",
      "desc": "Ham"
    },
    "weight": "Approx: 1.70 lb at $3.69/lb",
    "UpcCode": "",
    "tax": 0.0,
    "spiceLevel": "",
    "aiselNo": "22",
    "store": "Market Basket",
    "weightType": "Approx: 1.70 lb at $3.69/lb",
    "imageName": "No Image.jpg",
    "defaultImage": "No Image.jpg",
    "updatedTimestamp": "Jan 23, 2021 8:02:30 PM",
    "createdTimestamp": "Jan 23, 2021 8:02:30 PM",
    "isNewlyAdded": false,
    "isActive": true,
    "isDealsEnabled": false,
    "quantity": 0
  },
  {
    "id": 3492,
    "code": "HerbThyme Farms Fresh Organic Dill",
    "desc": "HerbThyme Farms Fresh Organic Dill",
    "shortDesc": "HerbThyme Farms Fresh Organic Dill",
    "tags": [
      "Dill"
    ],
    "categories": [
      {
        "code": "Fresh Produce",
        "desc": "Fresh Produce"
      }
    ],
    "subCategories": [
      {
        "code": "Fresh Organic Herbs",
        "desc": "Fresh Organic Herbs"
      }
    ],
    "brands": [
      {
        "code": "HerbThyme Farms",
        "desc": "HerbThyme Farms"
      }
    ],
    "price": {
      "basePrice": 2.99,
      "discountPrice": 2.99
    },
    "type": {
      "code": "Dill",
      "desc": "Dill"
    },
    "weight": "0.67 oz",
    "UpcCode": "",
    "tax": 0.0,
    "spiceLevel": "",
    "aiselNo": "20",
    "store": "Market Basket",
    "weightType": "0.67 oz",
    "imageName": "FP42.jpg",
    "defaultImage": "FP42.jpg",
    "updatedTimestamp": "Jan 23, 2021 8:02:30 PM",
    "createdTimestamp": "Jan 23, 2021 8:02:30 PM",
    "isNewlyAdded": false,
    "isActive": true,
    "isDealsEnabled": false,
    "quantity": 0
  },
  {
    "id": 14965,
    "code": "Market Basket Hydrogen Peroxide",
    "desc": "Market Basket Hydrogen Peroxide",
    "shortDesc": "Market Basket Hydrogen Peroxide",
    "tags": [
      "First Aid"
    ],
    "categories": [
      {
        "code": "Personal Care",
        "desc": "Personal Care"
      }
    ],
    "subCategories": [
      {
        "code": "First Aid & Healthcare",
        "desc": "First Aid & Healthcare"
      }
    ],
    "brands": [
      {
        "code": "Market Basket",
        "desc": "Market Basket"
      }
    ],
    "price": {
      "basePrice": 1.48,
      "discountPrice": 1.48
    },
    "type": {
      "code": "First Aid",
      "desc": "First Aid"
    },
    "weight": "32 oz",
    "UpcCode": "",
    "tax": 1.0,
    "spiceLevel": "",
    "aiselNo": "13",
    "store": "Market Basket",
    "weightType": "32 oz",
    "imageName": "Market Basket.jpg",
    "defaultImage": "Market Basket.jpg",
    "updatedTimestamp": "Jan 23, 2021 8:02:30 PM",
    "createdTimestamp": "Jan 23, 2021 8:02:30 PM",
    "isNewlyAdded": false,
    "isActive": true,
    "isDealsEnabled": false,
    "quantity": 0
  },
  {
    "id": 7456,
    "code": "Goya Sliced Pimientos",
    "desc": "Goya Sliced Pimientos",
    "shortDesc": "Goya Sliced Pimientos",
    "tags": [
      "Canned & Jarred Vegetables"
    ],
    "categories": [
      {
        "code": "Cooking Needs",
        "desc": "Cooking Needs"
      }
    ],
    "subCategories": [
      {
        "code": "Canned Food",
        "desc": "Canned Food"
      }
    ],
    "brands": [
      {
        "code": "Goya",
        "desc": "Goya"
      }
    ],
    "price": {
      "basePrice": 1.49,
      "discountPrice": 1.49
    },
    "type": {
      "code": "Canned & Jarred Vegetables",
      "desc": "Canned & Jarred Vegetables"
    },
    "weight": "4 oz",
    "UpcCode": "",
    "tax": 0.0,
    "spiceLevel": "",
    "aiselNo": "9",
    "store": "Market Basket",
    "weightType": "4 oz",
    "imageName": "5059.jpg",
    "defaultImage": "5059.jpg",
    "updatedTimestamp": "Jan 23, 2021 8:02:30 PM",
    "createdTimestamp": "Jan 23, 2021 8:02:30 PM",
    "isNewlyAdded": false,
    "isActive": true,
    "isDealsEnabled": false,
    "quantity": 0
  },
  {
    "id": 5275,
    "code": "Good Health Organic Baked Cheese Fries Hot n Spicy",
    "desc": "Good Health Organic Baked Cheese Fries Hot n Spicy",
    "shortDesc": "Good Health Organic Baked Cheese Fries Hot n Spicy",
    "tags": [
      "Chips & Pretzels"
    ],
    "categories": [
      {
        "code": "Chips, Cookies & Snacks",
        "desc": "Chips, Cookies & Snacks"
      }
    ],
    "subCategories": [
      {
        "code": "Chips & Fruit Snacks",
        "desc": "Chips & Fruit Snacks"
      }
    ],
    "brands": [
      {
        "code": "Good Health",
        "desc": "Good Health"
      }
    ],
    "price": {
      "basePrice": 3.13,
      "discountPrice": 3.13
    },
    "type": {
      "code": "Chips & Pretzels",
      "desc": "Chips & Pretzels"
    },
    "weight": "5.5 oz",
    "UpcCode": "",
    "tax": 0.0,
    "spiceLevel": "",
    "aiselNo": "0",
    "store": "Market Basket",
    "weightType": "5.5 oz",
    "imageName": "No Image.jpg",
    "defaultImage": "No Image.jpg",
    "updatedTimestamp": "Jan 23, 2021 8:02:30 PM",
    "createdTimestamp": "Jan 23, 2021 8:02:30 PM",
    "isNewlyAdded": false,
    "isActive": true,
    "isDealsEnabled": false,
    "quantity": 0
  },
  {
    "id": 15072,
    "code": "Opti-Free Puremoist Multi-Purpose Disinfecting Solution All Day Comfort",
    "desc": "Opti-Free Puremoist Multi-Purpose Disinfecting Solution All Day Comfort",
    "shortDesc": "Opti-Free Puremoist Multi-Purpose Disinfecting Solution All Day Comfort",
    "tags": [
      "Eye & Ear Care"
    ],
    "categories": [
      {
        "code": "Personal Care",
        "desc": "Personal Care"
      }
    ],
    "subCategories": [
      {
        "code": "Personal Needs",
        "desc": "Personal Needs"
      }
    ],
    "brands": [
      {
        "code": "Opti-Free",
        "desc": "Opti-Free"
      }
    ],
    "price": {
      "basePrice": 15.51,
      "discountPrice": 15.51
    },
    "type": {
      "code": "Eye & Ear Care",
      "desc": "Eye & Ear Care"
    },
    "weight": "10 fl oz",
    "UpcCode": "",
    "tax": 1.0,
    "spiceLevel": "",
    "aiselNo": "13",
    "store": "Market Basket",
    "weightType": "10 fl oz",
    "imageName": "6477.jpg",
    "defaultImage": "6477.jpg",
    "updatedTimestamp": "Jan 23, 2021 8:02:30 PM",
    "createdTimestamp": "Jan 23, 2021 8:02:30 PM",
    "isNewlyAdded": false,
    "isActive": true,
    "isDealsEnabled": false,
    "quantity": 0
  },
  {
    "id": 6670,
    "code": "Tropicana PURE PRIMIUM NO PULP LOW ACID 100% REDUCED ACID ORANGE JUICE WITH CALICIUM & VITAMINS A& C",
    "desc": "Tropicana PURE PRIMIUM NO PULP LOW ACID 100% REDUCED ACID ORANGE JUICE WITH CALICIUM & VITAMINS A& C",
    "shortDesc": "Tropicana PURE PRIMIUM NO PULP LOW ACID 100% REDUCED ACID ORANGE JUICE WITH CALICIUM & VITAMINS A& C",
    "tags": [
      "Refrigerated Drinks"
    ],
    "categories": [
      {
        "code": "Beverages & Juices",
        "desc": "Beverages & Juices"
      }
    ],
    "subCategories": [
      {
        "code": "Juices & Refrigerated Drinks",
        "desc": "Juices & Refrigerated Drinks"
      }
    ],
    "brands": [
      {
        "code": "Tropicana ",
        "desc": "Tropicana "
      }
    ],
    "price": {
      "basePrice": 4.61,
      "discountPrice": 4.61
    },
    "type": {
      "code": "Refrigerated Drinks",
      "desc": "Refrigerated Drinks"
    },
    "weight": "52 fl oz",
    "UpcCode": "",
    "tax": 0.0,
    "spiceLevel": "",
    "aiselNo": "1",
    "store": "Market Basket",
    "weightType": "52 fl oz",
    "imageName": "X854.jpg",
    "defaultImage": "X854.jpg",
    "updatedTimestamp": "Jan 23, 2021 8:02:29 PM",
    "createdTimestamp": "Jan 23, 2021 8:02:29 PM",
    "isNewlyAdded": false,
    "isActive": true,
    "isDealsEnabled": false,
    "quantity": 0
  },
  {
    "id": 6228,
    "code": "Adirondack Mandarin Orange Sparkling Water",
    "desc": "Adirondack Mandarin Orange Sparkling Water",
    "shortDesc": "Adirondack Mandarin Orange Sparkling Water",
    "tags": [
      "Sparkling Water"
    ],
    "categories": [
      {
        "code": "Beverages & Juices",
        "desc": "Beverages & Juices"
      }
    ],
    "subCategories": [
      {
        "code": "Water",
        "desc": "Water"
      }
    ],
    "brands": [
      {
        "code": "Adirondack",
        "desc": "Adirondack"
      }
    ],
    "price": {
      "basePrice": 0.63,
      "discountPrice": 0.63
    },
    "type": {
      "code": "Sparkling Water",
      "desc": "Sparkling Water"
    },
    "weight": "1 L",
    "UpcCode": "",
    "tax": 0.0,
    "spiceLevel": "",
    "aiselNo": "11",
    "store": "Market Basket",
    "weightType": "1 L",
    "imageName": "No Image.jpg",
    "defaultImage": "No Image.jpg",
    "updatedTimestamp": "Jan 23, 2021 8:02:30 PM",
    "createdTimestamp": "Jan 23, 2021 8:02:30 PM",
    "isNewlyAdded": false,
    "isActive": true,
    "isDealsEnabled": false,
    "quantity": 0
  },
  {
    "id": 10398,
    "code": "Ducal Refried Beans Red",
    "desc": "Ducal Refried Beans Red",
    "shortDesc": "Ducal Refried Beans Red",
    "tags": [
      "Canned Food"
    ],
    "categories": [
      {
        "code": "Cooking Needs",
        "desc": "Cooking Needs"
      }
    ],
    "subCategories": [
      {
        "code": "Canned Food",
        "desc": "Canned Food"
      }
    ],
    "brands": [
      {
        "code": "Ducal",
        "desc": "Ducal"
      }
    ],
    "price": {
      "basePrice": 3.49,
      "discountPrice": 3.49
    },
    "type": {
      "code": "Canned Food",
      "desc": "Canned Food"
    },
    "weight": "14.1 oz",
    "UpcCode": "",
    "tax": 0.0,
    "spiceLevel": "",
    "aiselNo": "N/A",
    "store": "Market Basket",
    "weightType": "14.1 oz",
    "imageName": "17435.jpg",
    "defaultImage": "17435.jpg",
    "updatedTimestamp": "Jan 23, 2021 8:02:30 PM",
    "createdTimestamp": "Jan 23, 2021 8:02:30 PM",
    "isNewlyAdded": false,
    "isActive": true,
    "isDealsEnabled": false,
    "quantity": 0
  },
  {
    "id": 15058,
    "code": "Suave Aerosol Antiperspirant Deodorant Powder",
    "desc": "Suave Aerosol Antiperspirant Deodorant Powder",
    "shortDesc": "Suave Aerosol Antiperspirant Deodorant Powder",
    "tags": [
      "Deodorants"
    ],
    "categories": [
      {
        "code": "Personal Care",
        "desc": "Personal Care"
      }
    ],
    "subCategories": [
      {
        "code": "Personal Needs",
        "desc": "Personal Needs"
      }
    ],
    "brands": [
      {
        "code": "Suave",
        "desc": "Suave"
      }
    ],
    "price": {
      "basePrice": 4.24,
      "discountPrice": 4.24
    },
    "type": {
      "code": "Deodorants",
      "desc": "Deodorants"
    },
    "weight": "6 oz",
    "UpcCode": "",
    "tax": 1.0,
    "spiceLevel": "",
    "aiselNo": "13",
    "store": "Market Basket",
    "weightType": "6 oz",
    "imageName": "6315.jpg",
    "defaultImage": "6315.jpg",
    "updatedTimestamp": "Jan 23, 2021 8:02:30 PM",
    "createdTimestamp": "Jan 23, 2021 8:02:30 PM",
    "isNewlyAdded": false,
    "isActive": true,
    "isDealsEnabled": false,
    "quantity": 0
  },
  {
    "id": 9987,
    "code": "Brigham's Ice Cream Chocolate",
    "desc": "Brigham's Ice Cream Chocolate",
    "shortDesc": "Brigham's Ice Cream Chocolate",
    "tags": [
      "Ice Cream & Ice"
    ],
    "categories": [
      {
        "code": "Frozen Food",
        "desc": "Frozen Food"
      }
    ],
    "subCategories": [
      {
        "code": "Ice Cream & Ice",
        "desc": "Ice Cream & Ice"
      }
    ],
    "brands": [
      {
        "code": "Brigham's Ice Cream",
        "desc": "Brigham's Ice Cream"
      }
    ],
    "price": {
      "basePrice": 3.69,
      "discountPrice": 3.69
    },
    "type": {
      "code": "Ice Cream & Ice",
      "desc": "Ice Cream & Ice"
    },
    "weight": "1 quart",
    "UpcCode": "",
    "tax": 0.0,
    "spiceLevel": "",
    "aiselNo": "21",
    "store": "Market Basket",
    "weightType": "1 quart",
    "imageName": "16102.jpg",
    "defaultImage": "16102.jpg",
    "updatedTimestamp": "Jan 23, 2021 8:02:30 PM",
    "createdTimestamp": "Jan 23, 2021 8:02:30 PM",
    "isNewlyAdded": false,
    "isActive": true,
    "isDealsEnabled": false,
    "quantity": 0
  },
  {
    "id": 480,
    "code": "Purex Concentrated Detergent + CLOROX 85 loads",
    "desc": "Purex Concentrated Detergent + CLOROX 85 loads",
    "shortDesc": "Purex Concentrated Detergent + CLOROX 85 loads",
    "tags": [
      "Laundry Detergent"
    ],
    "categories": [
      {
        "code": "Laundry & Paper Goods",
        "desc": "Laundry & Paper Goods"
      }
    ],
    "subCategories": [
      {
        "code": "Laundry",
        "desc": "Laundry"
      }
    ],
    "brands": [
      {
        "code": "Purex Liquid Detergents",
        "desc": "Purex Liquid Detergents"
      }
    ],
    "price": {
      "basePrice": 9.99,
      "discountPrice": 9.99
    },
    "type": {
      "code": "Laundry Detergent",
      "desc": "Laundry Detergent"
    },
    "weight": "128 fl oz",
    "UpcCode": "",
    "tax": 1.0,
    "spiceLevel": "",
    "aiselNo": "15",
    "store": "Market Basket",
    "weightType": "128 fl oz",
    "imageName": "No Image.jpg",
    "defaultImage": "No Image.jpg",
    "updatedTimestamp": "Jan 23, 2021 8:02:30 PM",
    "createdTimestamp": "Jan 23, 2021 8:02:30 PM",
    "isNewlyAdded": false,
    "isActive": true,
    "isDealsEnabled": false,
    "quantity": 0
  },
  {
    "id": 10078,
    "code": "Haagen dazs Sweet Cream Coffee Caramel Ice Cream",
    "desc": "Haagen dazs Sweet Cream Coffee Caramel Ice Cream",
    "shortDesc": "Haagen dazs Sweet Cream Coffee Caramel Ice Cream",
    "tags": [
      "Ice Cream & Ice"
    ],
    "categories": [
      {
        "code": "Frozen Food",
        "desc": "Frozen Food"
      }
    ],
    "subCategories": [
      {
        "code": "Ice Cream & Ice",
        "desc": "Ice Cream & Ice"
      }
    ],
    "brands": [
      {
        "code": "Haagen-dazs",
        "desc": "Haagen-dazs"
      }
    ],
    "price": {
      "basePrice": 3.69,
      "discountPrice": 3.69
    },
    "type": {
      "code": "Ice Cream & Ice",
      "desc": "Ice Cream & Ice"
    },
    "weight": "14 fl oz",
    "UpcCode": "",
    "tax": 0.0,
    "spiceLevel": "",
    "aiselNo": "21",
    "store": "Market Basket",
    "weightType": "14 fl oz",
    "imageName": "18037.jpg",
    "defaultImage": "18037.jpg",
    "updatedTimestamp": "Jan 23, 2021 8:02:30 PM",
    "createdTimestamp": "Jan 23, 2021 8:02:30 PM",
    "isNewlyAdded": false,
    "isActive": true,
    "isDealsEnabled": false,
    "quantity": 0
  },
  {
    "id": 14465,
    "code": "Peet's Coffee Italian Roast Dark Roast Ground Coffee",
    "desc": "Peet's Coffee Italian Roast Dark Roast Ground Coffee",
    "shortDesc": "Peet's Coffee Italian Roast Dark Roast Ground Coffee",
    "tags": [
      "Coffee"
    ],
    "categories": [
      {
        "code": "Breakfast & Dairy",
        "desc": "Breakfast & Dairy"
      }
    ],
    "subCategories": [
      {
        "code": "Tea & Coffee",
        "desc": "Tea & Coffee"
      }
    ],
    "brands": [
      {
        "code": "Peet's Coffee",
        "desc": "Peet's Coffee"
      }
    ],
    "price": {
      "basePrice": 10.99,
      "discountPrice": 10.99
    },
    "type": {
      "code": "Coffee",
      "desc": "Coffee"
    },
    "weight": "12 oz",
    "UpcCode": "",
    "tax": 0.0,
    "spiceLevel": "",
    "aiselNo": "8",
    "store": "Market Basket",
    "weightType": "12 oz",
    "imageName": "3328.jpg",
    "defaultImage": "3328.jpg",
    "updatedTimestamp": "Jan 23, 2021 8:02:30 PM",
    "createdTimestamp": "Jan 23, 2021 8:02:30 PM",
    "isNewlyAdded": false,
    "isActive": true,
    "isDealsEnabled": false,
    "quantity": 0
  },
  {
    "id": 3447,
    "code": "Golden Dragon Fruit",
    "desc": "Golden Dragon Fruit",
    "shortDesc": "Golden Dragon Fruit",
    "tags": [
      "Dragon Fruit"
    ],
    "categories": [
      {
        "code": "Fresh Produce",
        "desc": "Fresh Produce"
      }
    ],
    "subCategories": [
      {
        "code": "Fresh Fruits",
        "desc": "Fresh Fruits"
      }
    ],
    "brands": [
      {
        "code": "Market Basket",
        "desc": "Market Basket"
      }
    ],
    "price": {
      "basePrice": 8.79,
      "discountPrice": 8.79
    },
    "type": {
      "code": "Dragon Fruit",
      "desc": "Dragon Fruit"
    },
    "weight": "1 lb",
    "UpcCode": "",
    "tax": 0.0,
    "spiceLevel": "",
    "aiselNo": "20",
    "store": "Market Basket",
    "weightType": "1 lb",
    "imageName": "f25.jpg",
    "defaultImage": "f25.jpg",
    "updatedTimestamp": "Jan 23, 2021 8:02:30 PM",
    "createdTimestamp": "Jan 23, 2021 8:02:30 PM",
    "isNewlyAdded": false,
    "isActive": true,
    "isDealsEnabled": false,
    "quantity": 0
  },
  {
    "id": 5903,
    "code": "Starbucks Frappuccino Brown Butter Caramel",
    "desc": "Starbucks Frappuccino Brown Butter Caramel",
    "shortDesc": "Starbucks Frappuccino Brown Butter Caramel",
    "tags": [
      "Single To-Go Coffee"
    ],
    "categories": [
      {
        "code": "Beverages & Juices",
        "desc": "Beverages & Juices"
      }
    ],
    "subCategories": [
      {
        "code": "Tea, Coffee, Milk & Coconut Water",
        "desc": "Tea, Coffee, Milk & Coconut Water"
      }
    ],
    "brands": [
      {
        "code": "StarBucks",
        "desc": "StarBucks"
      }
    ],
    "price": {
      "basePrice": 3.36,
      "discountPrice": 3.36
    },
    "type": {
      "code": "Single To-Go Coffee",
      "desc": "Single To-Go Coffee"
    },
    "weight": "13.7 fl oz",
    "UpcCode": "",
    "tax": 0.0,
    "spiceLevel": "",
    "aiselNo": "17",
    "store": "Market Basket",
    "weightType": "13.7 fl oz",
    "imageName": "No Image.jpg",
    "defaultImage": "No Image.jpg",
    "updatedTimestamp": "Jan 23, 2021 8:02:30 PM",
    "createdTimestamp": "Jan 23, 2021 8:02:30 PM",
    "isNewlyAdded": false,
    "isActive": true,
    "isDealsEnabled": false,
    "quantity": 0
  },
  {
    "id": 10127,
    "code": "Klondike Ice Cream Bars Vanilla No Sugar Added",
    "desc": "Klondike Ice Cream Bars Vanilla No Sugar Added",
    "shortDesc": "Klondike Ice Cream Bars Vanilla No Sugar Added",
    "tags": [
      "Ice Cream & Ice"
    ],
    "categories": [
      {
        "code": "Frozen Food",
        "desc": "Frozen Food"
      }
    ],
    "subCategories": [
      {
        "code": "Ice Cream & Ice",
        "desc": "Ice Cream & Ice"
      }
    ],
    "brands": [
      {
        "code": "Klondike",
        "desc": "Klondike"
      }
    ],
    "price": {
      "basePrice": 4.09,
      "discountPrice": 4.09
    },
    "type": {
      "code": "Ice Cream & Ice",
      "desc": "Ice Cream & Ice"
    },
    "weight": "6 x 4 fl oz",
    "UpcCode": "",
    "tax": 0.0,
    "spiceLevel": "",
    "aiselNo": "21",
    "store": "Market Basket",
    "weightType": "6 x 4 fl oz",
    "imageName": "16117.jpg",
    "defaultImage": "16117.jpg",
    "updatedTimestamp": "Jan 23, 2021 8:02:30 PM",
    "createdTimestamp": "Jan 23, 2021 8:02:30 PM",
    "isNewlyAdded": false,
    "isActive": true,
    "isDealsEnabled": false,
    "quantity": 0
  },
  {
    "id": 15052,
    "code": "Speed Stick Antiperspirant/Deodorant Power Fresh",
    "desc": "Speed Stick Antiperspirant/Deodorant Power Fresh",
    "shortDesc": "Speed Stick Antiperspirant/Deodorant Power Fresh",
    "tags": [
      "Deodorants"
    ],
    "categories": [
      {
        "code": "Personal Care",
        "desc": "Personal Care"
      }
    ],
    "subCategories": [
      {
        "code": "Personal Needs",
        "desc": "Personal Needs"
      }
    ],
    "brands": [
      {
        "code": "Speed Stick",
        "desc": "Speed Stick"
      }
    ],
    "price": {
      "basePrice": 3.55,
      "discountPrice": 3.55
    },
    "type": {
      "code": "Deodorants",
      "desc": "Deodorants"
    },
    "weight": "3 oz",
    "UpcCode": "",
    "tax": 1.0,
    "spiceLevel": "",
    "aiselNo": "13",
    "store": "Market Basket",
    "weightType": "3 oz",
    "imageName": "6310.jpg",
    "defaultImage": "6310.jpg",
    "updatedTimestamp": "Jan 23, 2021 8:02:30 PM",
    "createdTimestamp": "Jan 23, 2021 8:02:30 PM",
    "isNewlyAdded": false,
    "isActive": true,
    "isDealsEnabled": false,
    "quantity": 0
  },
  {
    "id": 9150,
    "code": "Market Basket Seasoned Curly Fries",
    "desc": "Market Basket Seasoned Curly Fries",
    "shortDesc": "Market Basket Seasoned Curly Fries",
    "tags": [
      "Frozen Appetizers & Sides"
    ],
    "categories": [
      {
        "code": "Frozen Food",
        "desc": "Frozen Food"
      }
    ],
    "subCategories": [
      {
        "code": "Frozen Dinners & Entrees",
        "desc": "Frozen Dinners & Entrees"
      }
    ],
    "brands": [
      {
        "code": "Market Basket",
        "desc": "Market Basket"
      }
    ],
    "price": {
      "basePrice": 1.89,
      "discountPrice": 1.89
    },
    "type": {
      "code": "Frozen Appetizers & Sides",
      "desc": "Frozen Appetizers & Sides"
    },
    "weight": "24 oz",
    "UpcCode": "",
    "tax": 0.0,
    "spiceLevel": "",
    "aiselNo": "18",
    "store": "Market Basket",
    "weightType": "24 oz",
    "imageName": "Market Basket.jpg",
    "defaultImage": "Market Basket.jpg",
    "updatedTimestamp": "Jan 23, 2021 8:02:30 PM",
    "createdTimestamp": "Jan 23, 2021 8:02:30 PM",
    "isNewlyAdded": false,
    "isActive": true,
    "isDealsEnabled": false,
    "quantity": 0
  },
  {
    "id": 10157,
    "code": "Market Basket Chocolate Ice Cream",
    "desc": "Market Basket Chocolate Ice Cream",
    "shortDesc": "Market Basket Chocolate Ice Cream",
    "tags": [
      "Ice Cream & Ice"
    ],
    "categories": [
      {
        "code": "Frozen Food",
        "desc": "Frozen Food"
      }
    ],
    "subCategories": [
      {
        "code": "Ice Cream & Ice",
        "desc": "Ice Cream & Ice"
      }
    ],
    "brands": [
      {
        "code": "Market Basket",
        "desc": "Market Basket"
      }
    ],
    "price": {
      "basePrice": 3.49,
      "discountPrice": 3.49
    },
    "type": {
      "code": "Ice Cream & Ice",
      "desc": "Ice Cream & Ice"
    },
    "weight": "1.5 quart",
    "UpcCode": "",
    "tax": 0.0,
    "spiceLevel": "",
    "aiselNo": "21",
    "store": "Market Basket",
    "weightType": "1.5 quart",
    "imageName": "Market Basket.jpg",
    "defaultImage": "Market Basket.jpg",
    "updatedTimestamp": "Jan 23, 2021 8:02:30 PM",
    "createdTimestamp": "Jan 23, 2021 8:02:30 PM",
    "isNewlyAdded": false,
    "isActive": true,
    "isDealsEnabled": false,
    "quantity": 0
  },
  {
    "id": 8342,
    "code": "Sea Gold Seafood & Crab Dip",
    "desc": "Sea Gold Seafood & Crab Dip",
    "shortDesc": "Sea Gold Seafood & Crab Dip",
    "tags": [
      "Fresh Dips & Tapenades"
    ],
    "categories": [
      {
        "code": "Condiments & Dressings",
        "desc": "Condiments & Dressings"
      }
    ],
    "subCategories": [
      {
        "code": "Fresh Dips & Tapenades",
        "desc": "Fresh Dips & Tapenades"
      }
    ],
    "brands": [
      {
        "code": "Sea Gold",
        "desc": "Sea Gold"
      }
    ],
    "price": {
      "basePrice": 3.69,
      "discountPrice": 3.69
    },
    "type": {
      "code": "Fresh Dips & Tapenades",
      "desc": "Fresh Dips & Tapenades"
    },
    "weight": "7 oz",
    "UpcCode": "",
    "tax": 0.0,
    "spiceLevel": "",
    "aiselNo": "1",
    "store": "Market Basket",
    "weightType": "7 oz",
    "imageName": "17324.jpg",
    "defaultImage": "17324.jpg",
    "updatedTimestamp": "Jan 23, 2021 8:02:30 PM",
    "createdTimestamp": "Jan 23, 2021 8:02:30 PM",
    "isNewlyAdded": false,
    "isActive": true,
    "isDealsEnabled": false,
    "quantity": 0
  },
  {
    "id": 5197,
    "code": "Milton's Craft Bakers Gluten Free Baked Crackers Dire Roasted Vegetables",
    "desc": "Milton's Craft Bakers Gluten Free Baked Crackers Dire Roasted Vegetables",
    "shortDesc": "Milton's Craft Bakers Gluten Free Baked Crackers Dire Roasted Vegetables",
    "tags": [
      "Crackers"
    ],
    "categories": [
      {
        "code": "Chips, Cookies & Snacks",
        "desc": "Chips, Cookies & Snacks"
      }
    ],
    "subCategories": [
      {
        "code": "Cookies & Crackers",
        "desc": "Cookies & Crackers"
      }
    ],
    "brands": [
      {
        "code": "Milton's",
        "desc": "Milton's"
      }
    ],
    "price": {
      "basePrice": 3.91,
      "discountPrice": 3.91
    },
    "type": {
      "code": "Crackers",
      "desc": "Crackers"
    },
    "weight": "4.5 oz",
    "UpcCode": "",
    "tax": 0.0,
    "spiceLevel": "",
    "aiselNo": "6",
    "store": "Market Basket",
    "weightType": "4.5 oz",
    "imageName": "No Image.jpg",
    "defaultImage": "No Image.jpg",
    "updatedTimestamp": "Jan 23, 2021 8:02:30 PM",
    "createdTimestamp": "Jan 23, 2021 8:02:30 PM",
    "isNewlyAdded": false,
    "isActive": true,
    "isDealsEnabled": false,
    "quantity": 0
  },
  {
    "id": 6332,
    "code": "Polar Premium Ginger Ale Cans",
    "desc": "Polar Premium Ginger Ale Cans",
    "shortDesc": "Polar Premium Ginger Ale Cans",
    "tags": [
      "Ginger Ale"
    ],
    "categories": [
      {
        "code": "Beverages & Juices",
        "desc": "Beverages & Juices"
      }
    ],
    "subCategories": [
      {
        "code": "Ginger Ale & Ginger Beer",
        "desc": "Ginger Ale & Ginger Beer"
      }
    ],
    "brands": [
      {
        "code": "Polar",
        "desc": "Polar"
      }
    ],
    "price": {
      "basePrice": 3.74,
      "discountPrice": 3.74
    },
    "type": {
      "code": "Ginger Ale",
      "desc": "Ginger Ale"
    },
    "weight": "6 x 7.5 fl oz",
    "UpcCode": "",
    "tax": 0.0,
    "spiceLevel": "",
    "aiselNo": "11",
    "store": "Market Basket",
    "weightType": "6 x 7.5 fl oz",
    "imageName": "No Image.jpg",
    "defaultImage": "No Image.jpg",
    "updatedTimestamp": "Jan 23, 2021 8:02:29 PM",
    "createdTimestamp": "Jan 23, 2021 8:02:29 PM",
    "isNewlyAdded": false,
    "isActive": true,
    "isDealsEnabled": false,
    "quantity": 0
  },
  {
    "id": 13976,
    "code": "Tortellini Tricolor With Cheese",
    "desc": "Tortellini Tricolor With Cheese",
    "shortDesc": "Tortellini Tricolor With Cheese",
    "tags": [
      "Specialty Cheeses"
    ],
    "categories": [
      {
        "code": "Breakfast & Dairy",
        "desc": "Breakfast & Dairy"
      }
    ],
    "subCategories": [
      {
        "code": "Dairy & Eggs",
        "desc": "Dairy & Eggs"
      }
    ],
    "brands": [
      {
        "code": "Market Basket",
        "desc": "Market Basket"
      }
    ],
    "price": {
      "basePrice": 3.69,
      "discountPrice": 3.69
    },
    "type": {
      "code": "Specialty Cheeses",
      "desc": "Specialty Cheeses"
    },
    "weight": "16 oz",
    "UpcCode": "",
    "tax": 0.0,
    "spiceLevel": "",
    "aiselNo": "1",
    "store": "Market Basket",
    "weightType": "16 oz",
    "imageName": "Market Basket.jpg",
    "defaultImage": "Market Basket.jpg",
    "updatedTimestamp": "Jan 23, 2021 8:02:30 PM",
    "createdTimestamp": "Jan 23, 2021 8:02:30 PM",
    "isNewlyAdded": false,
    "isActive": true,
    "isDealsEnabled": false,
    "quantity": 0
  },
  {
    "id": 148,
    "code": "Easy-Off Oven Cleaner Fume Free Lemon",
    "desc": "Easy-Off Oven Cleaner Fume Free Lemon",
    "shortDesc": "Easy-Off Oven Cleaner Fume Free Lemon",
    "tags": [
      "Other Cleaning Products"
    ],
    "categories": [
      {
        "code": "Kitchen & Cleaning",
        "desc": "Kitchen & Cleaning"
      }
    ],
    "subCategories": [
      {
        "code": "Cleaning Products",
        "desc": "Cleaning Products"
      }
    ],
    "brands": [
      {
        "code": "Easy-Off",
        "desc": "Easy-Off"
      }
    ],
    "price": {
      "basePrice": 4.89,
      "discountPrice": 4.89
    },
    "type": {
      "code": "Other Cleaning Products",
      "desc": "Other Cleaning Products"
    },
    "weight": "14.5 oz",
    "UpcCode": "",
    "tax": 1.0,
    "spiceLevel": "",
    "aiselNo": "15",
    "store": "Market Basket",
    "weightType": "14.5 oz",
    "imageName": "16786.jpg",
    "defaultImage": "16786.jpg",
    "updatedTimestamp": "Jan 23, 2021 8:02:30 PM",
    "createdTimestamp": "Jan 23, 2021 8:02:30 PM",
    "isNewlyAdded": false,
    "isActive": true,
    "isDealsEnabled": false,
    "quantity": 0
  },
  {
    "id": 14643,
    "code": "Twinings of London English Breakfast, 100% Pure Black Tea",
    "desc": "Twinings of London English Breakfast, 100% Pure Black Tea",
    "shortDesc": "Twinings of London English Breakfast, 100% Pure Black Tea",
    "tags": [
      "Tea"
    ],
    "categories": [
      {
        "code": "Breakfast & Dairy",
        "desc": "Breakfast & Dairy"
      }
    ],
    "subCategories": [
      {
        "code": "Tea & Coffee",
        "desc": "Tea & Coffee"
      }
    ],
    "brands": [
      {
        "code": "Twinings",
        "desc": "Twinings"
      }
    ],
    "price": {
      "basePrice": 7.39,
      "discountPrice": 7.39
    },
    "type": {
      "code": "Tea",
      "desc": "Tea"
    },
    "weight": "50 count",
    "UpcCode": "",
    "tax": 0.0,
    "spiceLevel": "",
    "aiselNo": "8",
    "store": "Market Basket",
    "weightType": "50 count",
    "imageName": "3436.jpg",
    "defaultImage": "3436.jpg",
    "updatedTimestamp": "Jan 23, 2021 8:02:30 PM",
    "createdTimestamp": "Jan 23, 2021 8:02:30 PM",
    "isNewlyAdded": false,
    "isActive": true,
    "isDealsEnabled": false,
    "quantity": 0
  },
  {
    "id": 111,
    "code": "Butler Gum Brass Pot/Pan Brush",
    "desc": "Butler Gum Brass Pot/Pan Brush",
    "shortDesc": "Butler Gum Brass Pot/Pan Brush",
    "tags": [
      "Cleaning Brush"
    ],
    "categories": [
      {
        "code": "Kitchen & Cleaning",
        "desc": "Kitchen & Cleaning"
      }
    ],
    "subCategories": [
      {
        "code": "Cleaning Products",
        "desc": "Cleaning Products"
      }
    ],
    "brands": [
      {
        "code": "Butler Gum",
        "desc": "Butler Gum"
      }
    ],
    "price": {
      "basePrice": 2.69,
      "discountPrice": 2.69
    },
    "type": {
      "code": "Cleaning Brush",
      "desc": "Cleaning Brush"
    },
    "weight": "1 count",
    "UpcCode": "",
    "tax": 1.0,
    "spiceLevel": "",
    "aiselNo": "15",
    "store": "Market Basket",
    "weightType": "1 count",
    "imageName": "No Image.jpg",
    "defaultImage": "No Image.jpg",
    "updatedTimestamp": "Jan 23, 2021 8:02:30 PM",
    "createdTimestamp": "Jan 23, 2021 8:02:30 PM",
    "isNewlyAdded": false,
    "isActive": true,
    "isDealsEnabled": false,
    "quantity": 0
  },
  {
    "id": 518,
    "code": "Dynamo Laundry Detergent Quick Dissolve Sheets 30 Flicks",
    "desc": "Dynamo Laundry Detergent Quick Dissolve Sheets 30 Flicks",
    "shortDesc": "Dynamo Laundry Detergent Quick Dissolve Sheets 30 Flicks",
    "tags": [
      "Laundry Detergent"
    ],
    "categories": [
      {
        "code": "Laundry & Paper Goods",
        "desc": "Laundry & Paper Goods"
      }
    ],
    "subCategories": [
      {
        "code": "Laundry",
        "desc": "Laundry"
      }
    ],
    "brands": [
      {
        "code": "Dynamo",
        "desc": "Dynamo"
      }
    ],
    "price": {
      "basePrice": 1.24,
      "discountPrice": 1.24
    },
    "type": {
      "code": "Laundry Detergent",
      "desc": "Laundry Detergent"
    },
    "weight": "20 pack",
    "UpcCode": "",
    "tax": 1.0,
    "spiceLevel": "",
    "aiselNo": "15",
    "store": "Market Basket",
    "weightType": "20 pack",
    "imageName": "No Image.jpg",
    "defaultImage": "No Image.jpg",
    "updatedTimestamp": "Jan 23, 2021 8:02:30 PM",
    "createdTimestamp": "Jan 23, 2021 8:02:30 PM",
    "isNewlyAdded": false,
    "isActive": true,
    "isDealsEnabled": false,
    "quantity": 0
  },
  {
    "id": 7759,
    "code": "Goya Premium Pink Beans",
    "desc": "Goya Premium Pink Beans",
    "shortDesc": "Goya Premium Pink Beans",
    "tags": [
      "Canned Meals & Beans"
    ],
    "categories": [
      {
        "code": "Cooking Needs",
        "desc": "Cooking Needs"
      }
    ],
    "subCategories": [
      {
        "code": "Canned Food",
        "desc": "Canned Food"
      }
    ],
    "brands": [
      {
        "code": "Goya",
        "desc": "Goya"
      }
    ],
    "price": {
      "basePrice": 0.99,
      "discountPrice": 0.99
    },
    "type": {
      "code": "Canned Meals & Beans",
      "desc": "Canned Meals & Beans"
    },
    "weight": "15.5 oz",
    "UpcCode": "",
    "tax": 0.0,
    "spiceLevel": "",
    "aiselNo": "7",
    "store": "Market Basket",
    "weightType": "15.5 oz",
    "imageName": "5098.jpg",
    "defaultImage": "5098.jpg",
    "updatedTimestamp": "Jan 23, 2021 8:02:30 PM",
    "createdTimestamp": "Jan 23, 2021 8:02:30 PM",
    "isNewlyAdded": false,
    "isActive": true,
    "isDealsEnabled": false,
    "quantity": 0
  },
  {
    "id": 4141,
    "code": "Gonsalves Choice Boned Salted Codfish",
    "desc": "Gonsalves Choice Boned Salted Codfish",
    "shortDesc": "Gonsalves Choice Boned Salted Codfish",
    "tags": [
      "Codfish"
    ],
    "categories": [
      {
        "code": "Meat & Seafood",
        "desc": "Meat & Seafood"
      }
    ],
    "subCategories": [
      {
        "code": "Meat & Seafood Counter",
        "desc": "Meat & Seafood Counter"
      }
    ],
    "brands": [
      {
        "code": "Gonsalves",
        "desc": "Gonsalves"
      }
    ],
    "price": {
      "basePrice": 10.99,
      "discountPrice": 10.99
    },
    "type": {
      "code": "Codfish",
      "desc": "Codfish"
    },
    "weight": "Approx: 1.01 lb at $10.9/lb",
    "UpcCode": "",
    "tax": 0.0,
    "spiceLevel": "",
    "aiselNo": "22",
    "store": "Market Basket",
    "weightType": "Approx: 1.01 lb at $10.9/lb",
    "imageName": "No Image.jpg",
    "defaultImage": "No Image.jpg",
    "updatedTimestamp": "Jan 23, 2021 8:02:30 PM",
    "createdTimestamp": "Jan 23, 2021 8:02:30 PM",
    "isNewlyAdded": false,
    "isActive": true,
    "isDealsEnabled": false,
    "quantity": 0
  },
  {
    "id": 3987,
    "code": "Wangderm Banana Leaves",
    "desc": "Wangderm Banana Leaves",
    "shortDesc": "Wangderm Banana Leaves",
    "tags": [
      "Speciality Produce"
    ],
    "categories": [
      {
        "code": "Fresh Produce",
        "desc": "Fresh Produce"
      }
    ],
    "subCategories": [
      {
        "code": "Fresh Vegetables",
        "desc": "Fresh Vegetables"
      }
    ],
    "brands": [
      {
        "code": "Market Basket",
        "desc": "Market Basket"
      }
    ],
    "price": {
      "basePrice": 2.4,
      "discountPrice": 2.4
    },
    "type": {
      "code": "Speciality Produce",
      "desc": "Speciality Produce"
    },
    "weight": "1 lb",
    "UpcCode": "",
    "tax": 0.0,
    "spiceLevel": "",
    "aiselNo": "20",
    "store": "Market Basket",
    "weightType": "1 lb",
    "imageName": "Market Basket.jpg",
    "defaultImage": "Market Basket.jpg",
    "updatedTimestamp": "Jan 23, 2021 8:02:30 PM",
    "createdTimestamp": "Jan 23, 2021 8:02:30 PM",
    "isNewlyAdded": false,
    "isActive": true,
    "isDealsEnabled": false,
    "quantity": 0
  },
  {
    "id": 145,
    "code": "Cameo Aluminum & Stainless Steel Cleaner",
    "desc": "Cameo Aluminum & Stainless Steel Cleaner",
    "shortDesc": "Cameo Aluminum & Stainless Steel Cleaner",
    "tags": [
      "Other Cleaning Products"
    ],
    "categories": [
      {
        "code": "Kitchen & Cleaning",
        "desc": "Kitchen & Cleaning"
      }
    ],
    "subCategories": [
      {
        "code": "Cleaning Products",
        "desc": "Cleaning Products"
      }
    ],
    "brands": [
      {
        "code": "Cameo",
        "desc": "Cameo"
      }
    ],
    "price": {
      "basePrice": 1.99,
      "discountPrice": 1.99
    },
    "type": {
      "code": "Other Cleaning Products",
      "desc": "Other Cleaning Products"
    },
    "weight": "10 oz",
    "UpcCode": "",
    "tax": 1.0,
    "spiceLevel": "",
    "aiselNo": "15",
    "store": "Market Basket",
    "weightType": "10 oz",
    "imageName": "16755.jpg",
    "defaultImage": "16755.jpg",
    "updatedTimestamp": "Jan 23, 2021 8:02:30 PM",
    "createdTimestamp": "Jan 23, 2021 8:02:30 PM",
    "isNewlyAdded": false,
    "isActive": true,
    "isDealsEnabled": false,
    "quantity": 0
  },
  {
    "id": 10024,
    "code": "Edy's/dreyer's Vanilla Ice Cream",
    "desc": "Edy's/dreyer's Vanilla Ice Cream",
    "shortDesc": "Edy's/dreyer's Vanilla Ice Cream",
    "tags": [
      "Ice Cream & Ice"
    ],
    "categories": [
      {
        "code": "Frozen Food",
        "desc": "Frozen Food"
      }
    ],
    "subCategories": [
      {
        "code": "Ice Cream & Ice",
        "desc": "Ice Cream & Ice"
      }
    ],
    "brands": [
      {
        "code": "Edy's/dreyer's",
        "desc": "Edy's/dreyer's"
      }
    ],
    "price": {
      "basePrice": 3.69,
      "discountPrice": 3.69
    },
    "type": {
      "code": "Ice Cream & Ice",
      "desc": "Ice Cream & Ice"
    },
    "weight": "1.5 quart",
    "UpcCode": "",
    "tax": 0.0,
    "spiceLevel": "",
    "aiselNo": "21",
    "store": "Market Basket",
    "weightType": "1.5 quart",
    "imageName": "3031.jpg",
    "defaultImage": "3031.jpg",
    "updatedTimestamp": "Jan 23, 2021 8:02:30 PM",
    "createdTimestamp": "Jan 23, 2021 8:02:30 PM",
    "isNewlyAdded": false,
    "isActive": true,
    "isDealsEnabled": false,
    "quantity": 0
  },
  {
    "id": 14944,
    "code": "Topcare Health Maximum Strength Acid Reducer Famotidine 20 Mg Tablets",
    "desc": "Topcare Health Maximum Strength Acid Reducer Famotidine 20 Mg Tablets",
    "shortDesc": "Topcare Health Maximum Strength Acid Reducer Famotidine 20 Mg Tablets",
    "tags": [
      "Digestion"
    ],
    "categories": [
      {
        "code": "Personal Care",
        "desc": "Personal Care"
      }
    ],
    "subCategories": [
      {
        "code": "First Aid & Healthcare",
        "desc": "First Aid & Healthcare"
      }
    ],
    "brands": [
      {
        "code": "Topcare",
        "desc": "Topcare"
      }
    ],
    "price": {
      "basePrice": 4.82,
      "discountPrice": 4.82
    },
    "type": {
      "code": "Digestion",
      "desc": "Digestion"
    },
    "weight": "25 count",
    "UpcCode": "",
    "tax": 1.0,
    "spiceLevel": "",
    "aiselNo": "13",
    "store": "Market Basket",
    "weightType": "25 count",
    "imageName": "6657.jpg",
    "defaultImage": "6657.jpg",
    "updatedTimestamp": "Jan 23, 2021 8:02:30 PM",
    "createdTimestamp": "Jan 23, 2021 8:02:30 PM",
    "isNewlyAdded": false,
    "isActive": true,
    "isDealsEnabled": false,
    "quantity": 0
  },
  {
    "id": 15268,
    "code": "Market Basket Twin Blade Plus Razors For Men",
    "desc": "Market Basket Twin Blade Plus Razors For Men",
    "shortDesc": "Market Basket Twin Blade Plus Razors For Men",
    "tags": [
      "Shave Needs"
    ],
    "categories": [
      {
        "code": "Personal Care",
        "desc": "Personal Care"
      }
    ],
    "subCategories": [
      {
        "code": "Personal Needs",
        "desc": "Personal Needs"
      }
    ],
    "brands": [
      {
        "code": "Market Basket",
        "desc": "Market Basket"
      }
    ],
    "price": {
      "basePrice": 2.17,
      "discountPrice": 2.17
    },
    "type": {
      "code": "Shave Needs",
      "desc": "Shave Needs"
    },
    "weight": "12 count",
    "UpcCode": "",
    "tax": 1.0,
    "spiceLevel": "",
    "aiselNo": "13",
    "store": "Market Basket",
    "weightType": "12 count",
    "imageName": "Market Basket.jpg",
    "defaultImage": "Market Basket.jpg",
    "updatedTimestamp": "Jan 23, 2021 8:02:30 PM",
    "createdTimestamp": "Jan 23, 2021 8:02:30 PM",
    "isNewlyAdded": false,
    "isActive": true,
    "isDealsEnabled": false,
    "quantity": 0
  },
  {
    "id": 5904,
    "code": "Starbucks Frappuccino Caramel",
    "desc": "Starbucks Frappuccino Caramel",
    "shortDesc": "Starbucks Frappuccino Caramel",
    "tags": [
      "Single To-Go Coffee"
    ],
    "categories": [
      {
        "code": "Beverages & Juices",
        "desc": "Beverages & Juices"
      }
    ],
    "subCategories": [
      {
        "code": "Tea, Coffee, Milk & Coconut Water",
        "desc": "Tea, Coffee, Milk & Coconut Water"
      }
    ],
    "brands": [
      {
        "code": "StarBucks",
        "desc": "StarBucks"
      }
    ],
    "price": {
      "basePrice": 3.36,
      "discountPrice": 3.36
    },
    "type": {
      "code": "Single To-Go Coffee",
      "desc": "Single To-Go Coffee"
    },
    "weight": "13.7 fl oz",
    "UpcCode": "",
    "tax": 0.0,
    "spiceLevel": "",
    "aiselNo": "17",
    "store": "Market Basket",
    "weightType": "13.7 fl oz",
    "imageName": "No Image.jpg",
    "defaultImage": "No Image.jpg",
    "updatedTimestamp": "Jan 23, 2021 8:02:30 PM",
    "createdTimestamp": "Jan 23, 2021 8:02:30 PM",
    "isNewlyAdded": false,
    "isActive": true,
    "isDealsEnabled": false,
    "quantity": 0
  },
  {
    "id": 14648,
    "code": "Twinings of London Loose Tea English Breakfast Tea",
    "desc": "Twinings of London Loose Tea English Breakfast Tea",
    "shortDesc": "Twinings of London Loose Tea English Breakfast Tea",
    "tags": [
      "Tea"
    ],
    "categories": [
      {
        "code": "Breakfast & Dairy",
        "desc": "Breakfast & Dairy"
      }
    ],
    "subCategories": [
      {
        "code": "Tea & Coffee",
        "desc": "Tea & Coffee"
      }
    ],
    "brands": [
      {
        "code": "Twinings",
        "desc": "Twinings"
      }
    ],
    "price": {
      "basePrice": 6.09,
      "discountPrice": 6.09
    },
    "type": {
      "code": "Tea",
      "desc": "Tea"
    },
    "weight": "3.53 oz",
    "UpcCode": "",
    "tax": 0.0,
    "spiceLevel": "",
    "aiselNo": "8",
    "store": "Market Basket",
    "weightType": "3.53 oz",
    "imageName": "3437.jpg",
    "defaultImage": "3437.jpg",
    "updatedTimestamp": "Jan 23, 2021 8:02:30 PM",
    "createdTimestamp": "Jan 23, 2021 8:02:30 PM",
    "isNewlyAdded": false,
    "isActive": true,
    "isDealsEnabled": false,
    "quantity": 0
  },
  {
    "id": 6438,
    "code": "Market Basket Diet Orange Soda",
    "desc": "Market Basket Diet Orange Soda",
    "shortDesc": "Market Basket Diet Orange Soda",
    "tags": [
      "Soft Drinks"
    ],
    "categories": [
      {
        "code": "Beverages & Juices",
        "desc": "Beverages & Juices"
      }
    ],
    "subCategories": [
      {
        "code": "Soft Drinks & Seltzers",
        "desc": "Soft Drinks & Seltzers"
      }
    ],
    "brands": [
      {
        "code": "Market Basket",
        "desc": "Market Basket"
      }
    ],
    "price": {
      "basePrice": 2.24,
      "discountPrice": 2.24
    },
    "type": {
      "code": "Soft Drinks",
      "desc": "Soft Drinks"
    },
    "weight": "6 x 8 fl oz",
    "UpcCode": "",
    "tax": 0.0,
    "spiceLevel": "",
    "aiselNo": "17",
    "store": "Market Basket",
    "weightType": "6 x 8 fl oz",
    "imageName": "Market Basket.jpg",
    "defaultImage": "Market Basket.jpg",
    "updatedTimestamp": "Jan 23, 2021 8:02:30 PM",
    "createdTimestamp": "Jan 23, 2021 8:02:30 PM",
    "isNewlyAdded": false,
    "isActive": true,
    "isDealsEnabled": false,
    "quantity": 0
  },
  {
    "id": 7706,
    "code": "Bush's Best Organic Dark Red Kidney Beans",
    "desc": "Bush's Best Organic Dark Red Kidney Beans",
    "shortDesc": "Bush's Best Organic Dark Red Kidney Beans",
    "tags": [
      "Canned Meals & Beans"
    ],
    "categories": [
      {
        "code": "Cooking Needs",
        "desc": "Cooking Needs"
      }
    ],
    "subCategories": [
      {
        "code": "Canned Food",
        "desc": "Canned Food"
      }
    ],
    "brands": [
      {
        "code": "Bush's Best",
        "desc": "Bush's Best"
      }
    ],
    "price": {
      "basePrice": 1.49,
      "discountPrice": 1.49
    },
    "type": {
      "code": "Canned Meals & Beans",
      "desc": "Canned Meals & Beans"
    },
    "weight": "15 oz",
    "UpcCode": "",
    "tax": 0.0,
    "spiceLevel": "",
    "aiselNo": "2",
    "store": "Market Basket",
    "weightType": "15 oz",
    "imageName": "5142.jpg",
    "defaultImage": "5142.jpg",
    "updatedTimestamp": "Jan 23, 2021 8:02:30 PM",
    "createdTimestamp": "Jan 23, 2021 8:02:30 PM",
    "isNewlyAdded": false,
    "isActive": true,
    "isDealsEnabled": false,
    "quantity": 0
  },
  {
    "id": 3886,
    "code": "Hokto King Trumpet Mushrooms",
    "desc": "Hokto King Trumpet Mushrooms",
    "shortDesc": "Hokto King Trumpet Mushrooms",
    "tags": [
      "Mushroom"
    ],
    "categories": [
      {
        "code": "Fresh Produce",
        "desc": "Fresh Produce"
      }
    ],
    "subCategories": [
      {
        "code": "Fresh Vegetables",
        "desc": "Fresh Vegetables"
      }
    ],
    "brands": [
      {
        "code": "Hokto",
        "desc": "Hokto"
      }
    ],
    "price": {
      "basePrice": 5.62,
      "discountPrice": 5.62
    },
    "type": {
      "code": "Mushroom",
      "desc": "Mushroom"
    },
    "weight": "9.5 oz",
    "UpcCode": "",
    "tax": 0.0,
    "spiceLevel": "",
    "aiselNo": "20",
    "store": "Market Basket",
    "weightType": "9.5 oz",
    "imageName": "14421.jpg",
    "defaultImage": "14421.jpg",
    "updatedTimestamp": "Jan 23, 2021 8:02:30 PM",
    "createdTimestamp": "Jan 23, 2021 8:02:30 PM",
    "isNewlyAdded": false,
    "isActive": true,
    "isDealsEnabled": false,
    "quantity": 0
  },
  {
    "id": 4661,
    "code": "Goya Chicken Vienna Sausages In Chicken Broth",
    "desc": "Goya Chicken Vienna Sausages In Chicken Broth",
    "shortDesc": "Goya Chicken Vienna Sausages In Chicken Broth",
    "tags": [
      "Canned Chicken"
    ],
    "categories": [
      {
        "code": "Meat & Seafood",
        "desc": "Meat & Seafood"
      }
    ],
    "subCategories": [
      {
        "code": "Canned Meat & Seafood",
        "desc": "Canned Meat & Seafood"
      }
    ],
    "brands": [
      {
        "code": "Goya",
        "desc": "Goya"
      }
    ],
    "price": {
      "basePrice": 1.09,
      "discountPrice": 1.09
    },
    "type": {
      "code": "Canned Chicken",
      "desc": "Canned Chicken"
    },
    "weight": "4.6 oz",
    "UpcCode": "",
    "tax": 0.0,
    "spiceLevel": "",
    "aiselNo": "2",
    "store": "Market Basket",
    "weightType": "4.6 oz",
    "imageName": "5222.jpg",
    "defaultImage": "5222.jpg",
    "updatedTimestamp": "Jan 23, 2021 8:02:30 PM",
    "createdTimestamp": "Jan 23, 2021 8:02:30 PM",
    "isNewlyAdded": false,
    "isActive": true,
    "isDealsEnabled": false,
    "quantity": 0
  },
  {
    "id": 3470,
    "code": "Fresh Pomegranate",
    "desc": "Fresh Pomegranate",
    "shortDesc": "Fresh Pomegranate",
    "tags": [
      "Pomegranate"
    ],
    "categories": [
      {
        "code": "Fresh Produce",
        "desc": "Fresh Produce"
      }
    ],
    "subCategories": [
      {
        "code": "Fresh Fruits",
        "desc": "Fresh Fruits"
      }
    ],
    "brands": [
      {
        "code": "Market Basket",
        "desc": "Market Basket"
      }
    ],
    "price": {
      "basePrice": 4.39,
      "discountPrice": 4.39
    },
    "type": {
      "code": "Pomegranate",
      "desc": "Pomegranate"
    },
    "weight": "1 count",
    "UpcCode": "",
    "tax": 0.0,
    "spiceLevel": "",
    "aiselNo": "20",
    "store": "Market Basket",
    "weightType": "1 count",
    "imageName": "f55.jpg",
    "defaultImage": "f55.jpg",
    "updatedTimestamp": "Jan 23, 2021 8:02:30 PM",
    "createdTimestamp": "Jan 23, 2021 8:02:30 PM",
    "isNewlyAdded": false,
    "isActive": true,
    "isDealsEnabled": false,
    "quantity": 0
  },
  {
    "id": 15015,
    "code": "Axe Body Spray For Men Kilo",
    "desc": "Axe Body Spray For Men Kilo",
    "shortDesc": "Axe Body Spray For Men Kilo",
    "tags": [
      "Deodorants"
    ],
    "categories": [
      {
        "code": "Personal Care",
        "desc": "Personal Care"
      }
    ],
    "subCategories": [
      {
        "code": "Personal Needs",
        "desc": "Personal Needs"
      }
    ],
    "brands": [
      {
        "code": "Axe",
        "desc": "Axe"
      }
    ],
    "price": {
      "basePrice": 7.0,
      "discountPrice": 7.0
    },
    "type": {
      "code": "Deodorants",
      "desc": "Deodorants"
    },
    "weight": "4 oz",
    "UpcCode": "",
    "tax": 1.0,
    "spiceLevel": "",
    "aiselNo": "13",
    "store": "Market Basket",
    "weightType": "4 oz",
    "imageName": "6293.jpg",
    "defaultImage": "6293.jpg",
    "updatedTimestamp": "Jan 23, 2021 8:02:30 PM",
    "createdTimestamp": "Jan 23, 2021 8:02:30 PM",
    "isNewlyAdded": false,
    "isActive": true,
    "isDealsEnabled": false,
    "quantity": 0
  },
  {
    "id": 3502,
    "code": "Organic Single Wrap Eggplant",
    "desc": "Organic Single Wrap Eggplant",
    "shortDesc": "Organic Single Wrap Eggplant",
    "tags": [
      "Eggplant"
    ],
    "categories": [
      {
        "code": "Fresh Produce",
        "desc": "Fresh Produce"
      }
    ],
    "subCategories": [
      {
        "code": "Fresh Organic Vegetables",
        "desc": "Fresh Organic Vegetables"
      }
    ],
    "brands": [
      {
        "code": "Market Basket",
        "desc": "Market Basket"
      }
    ],
    "price": {
      "basePrice": 4.39,
      "discountPrice": 4.39
    },
    "type": {
      "code": "Eggplant",
      "desc": "Eggplant"
    },
    "weight": "1 count",
    "UpcCode": "",
    "tax": 0.0,
    "spiceLevel": "",
    "aiselNo": "20",
    "store": "Market Basket",
    "weightType": "1 count",
    "imageName": "f112.jpg",
    "defaultImage": "f112.jpg",
    "updatedTimestamp": "Jan 23, 2021 8:02:30 PM",
    "createdTimestamp": "Jan 23, 2021 8:02:30 PM",
    "isNewlyAdded": false,
    "isActive": true,
    "isDealsEnabled": false,
    "quantity": 0
  },
  {
    "id": 5756,
    "code": "Larabar Original Fruit & Nut Food Bar Lemon Bar",
    "desc": "Larabar Original Fruit & Nut Food Bar Lemon Bar",
    "shortDesc": "Larabar Original Fruit & Nut Food Bar Lemon Bar",
    "tags": [
      "Protien Bars"
    ],
    "categories": [
      {
        "code": "Breakfast & Dairy",
        "desc": "Breakfast & Dairy"
      }
    ],
    "subCategories": [
      {
        "code": "Bars & Pastries",
        "desc": "Bars & Pastries"
      }
    ],
    "brands": [
      {
        "code": "Larabar",
        "desc": "Larabar"
      }
    ],
    "price": {
      "basePrice": 1.25,
      "discountPrice": 1.25
    },
    "type": {
      "code": "Protien Bars",
      "desc": "Protien Bars"
    },
    "weight": "1.8 oz",
    "UpcCode": "",
    "tax": 0.0,
    "spiceLevel": "",
    "aiselNo": "3",
    "store": "Market Basket",
    "weightType": "1.8 oz",
    "imageName": "1316.jpg",
    "defaultImage": "1316.jpg",
    "updatedTimestamp": "Jan 23, 2021 8:02:30 PM",
    "createdTimestamp": "Jan 23, 2021 8:02:30 PM",
    "isNewlyAdded": false,
    "isActive": true,
    "isDealsEnabled": false,
    "quantity": 0
  },
  {
    "id": 385,
    "code": "Toothpick Holder",
    "desc": "Toothpick Holder",
    "shortDesc": "Toothpick Holder",
    "tags": [
      "Utensils & Kitchen Supplies"
    ],
    "categories": [
      {
        "code": "Kitchen & Cleaning",
        "desc": "Kitchen & Cleaning"
      }
    ],
    "subCategories": [
      {
        "code": "Food Storage & Kitchen Supplies",
        "desc": "Food Storage & Kitchen Supplies"
      }
    ],
    "brands": [
      {
        "code": "Store Brand",
        "desc": "Store Brand"
      }
    ],
    "price": {
      "basePrice": 1.29,
      "discountPrice": 1.29
    },
    "type": {
      "code": "Utensils & Kitchen Supplies",
      "desc": "Utensils & Kitchen Supplies"
    },
    "weight": "1 count",
    "UpcCode": "",
    "tax": 1.0,
    "spiceLevel": "",
    "aiselNo": "12",
    "store": "Market Basket",
    "weightType": "1 count",
    "imageName": "Market Basket.jpg",
    "defaultImage": "Market Basket.jpg",
    "updatedTimestamp": "Jan 23, 2021 8:02:30 PM",
    "createdTimestamp": "Jan 23, 2021 8:02:30 PM",
    "isNewlyAdded": false,
    "isActive": true,
    "isDealsEnabled": false,
    "quantity": 0
  },
  {
    "id": 6918,
    "code": "Sugar In The Raw Turbinado Cane Sugar",
    "desc": "Sugar In The Raw Turbinado Cane Sugar",
    "shortDesc": "Sugar In The Raw Turbinado Cane Sugar",
    "tags": [
      "Baking Ingredients"
    ],
    "categories": [
      {
        "code": "Cooking Needs",
        "desc": "Cooking Needs"
      }
    ],
    "subCategories": [
      {
        "code": "Baking & Cooking",
        "desc": "Baking & Cooking"
      }
    ],
    "brands": [
      {
        "code": "Sugar In The Raw",
        "desc": "Sugar In The Raw"
      }
    ],
    "price": {
      "basePrice": 4.89,
      "discountPrice": 4.89
    },
    "type": {
      "code": "Baking Ingredients",
      "desc": "Baking Ingredients"
    },
    "weight": "100 count",
    "UpcCode": "",
    "tax": 0.0,
    "spiceLevel": "",
    "aiselNo": "8",
    "store": "Market Basket",
    "weightType": "100 count",
    "imageName": "15744.jpg",
    "defaultImage": "15744.jpg",
    "updatedTimestamp": "Jan 23, 2021 8:02:30 PM",
    "createdTimestamp": "Jan 23, 2021 8:02:30 PM",
    "isNewlyAdded": false,
    "isActive": true,
    "isDealsEnabled": false,
    "quantity": 0
  },
  {
    "id": 7295,
    "code": "McCormick GourmetÃ¢âÂ¢ Organic Marjoram Leaves",
    "desc": "McCormick GourmetÃ¢âÂ¢ Organic Marjoram Leaves",
    "shortDesc": "McCormick GourmetÃ¢âÂ¢ Organic Marjoram Leaves",
    "tags": [
      "Spices & Seasonings"
    ],
    "categories": [
      {
        "code": "Cooking Needs",
        "desc": "Cooking Needs"
      }
    ],
    "subCategories": [
      {
        "code": "Spices & Seasonings",
        "desc": "Spices & Seasonings"
      }
    ],
    "brands": [
      {
        "code": "McCormick",
        "desc": "McCormick"
      }
    ],
    "price": {
      "basePrice": 4.89,
      "discountPrice": 4.89
    },
    "type": {
      "code": "Spices & Seasonings",
      "desc": "Spices & Seasonings"
    },
    "weight": "0.37 oz",
    "UpcCode": "",
    "tax": 0.0,
    "spiceLevel": "",
    "aiselNo": "9",
    "store": "Market Basket",
    "weightType": "0.37 oz",
    "imageName": "2206.jpg",
    "defaultImage": "2206.jpg",
    "updatedTimestamp": "Jan 23, 2021 8:02:30 PM",
    "createdTimestamp": "Jan 23, 2021 8:02:30 PM",
    "isNewlyAdded": false,
    "isActive": true,
    "isDealsEnabled": false,
    "quantity": 0
  },
  {
    "id": 14650,
    "code": "Yogi DeTox Caffeine Free Herbal Tea",
    "desc": "Yogi DeTox Caffeine Free Herbal Tea",
    "shortDesc": "Yogi DeTox Caffeine Free Herbal Tea",
    "tags": [
      "Tea"
    ],
    "categories": [
      {
        "code": "Breakfast & Dairy",
        "desc": "Breakfast & Dairy"
      }
    ],
    "subCategories": [
      {
        "code": "Tea & Coffee",
        "desc": "Tea & Coffee"
      }
    ],
    "brands": [
      {
        "code": "Yogi",
        "desc": "Yogi"
      }
    ],
    "price": {
      "basePrice": 4.89,
      "discountPrice": 4.89
    },
    "type": {
      "code": "Tea",
      "desc": "Tea"
    },
    "weight": "16 count",
    "UpcCode": "",
    "tax": 0.0,
    "spiceLevel": "",
    "aiselNo": "8",
    "store": "Market Basket",
    "weightType": "16 count",
    "imageName": "3506.jpg",
    "defaultImage": "3506.jpg",
    "updatedTimestamp": "Jan 23, 2021 8:02:30 PM",
    "createdTimestamp": "Jan 23, 2021 8:02:30 PM",
    "isNewlyAdded": false,
    "isActive": true,
    "isDealsEnabled": false,
    "quantity": 0
  },
  {
    "id": 14548,
    "code": "Celestial Seasonings Decaf Green Tea with White Tea",
    "desc": "Celestial Seasonings Decaf Green Tea with White Tea",
    "shortDesc": "Celestial Seasonings Decaf Green Tea with White Tea",
    "tags": [
      "Tea"
    ],
    "categories": [
      {
        "code": "Breakfast & Dairy",
        "desc": "Breakfast & Dairy"
      }
    ],
    "subCategories": [
      {
        "code": "Tea & Coffee",
        "desc": "Tea & Coffee"
      }
    ],
    "brands": [
      {
        "code": "Celestial Seasonings",
        "desc": "Celestial Seasonings"
      }
    ],
    "price": {
      "basePrice": 1.89,
      "discountPrice": 1.89
    },
    "type": {
      "code": "Tea",
      "desc": "Tea"
    },
    "weight": "20 count",
    "UpcCode": "",
    "tax": 0.0,
    "spiceLevel": "",
    "aiselNo": "8",
    "store": "Market Basket",
    "weightType": "20 count",
    "imageName": "3473.jpg",
    "defaultImage": "3473.jpg",
    "updatedTimestamp": "Jan 23, 2021 8:02:30 PM",
    "createdTimestamp": "Jan 23, 2021 8:02:30 PM",
    "isNewlyAdded": false,
    "isActive": true,
    "isDealsEnabled": false,
    "quantity": 0
  },
  {
    "id": 377,
    "code": "J Hook Cheesecloth 100% Cotton",
    "desc": "J Hook Cheesecloth 100% Cotton",
    "shortDesc": "J Hook Cheesecloth 100% Cotton",
    "tags": [
      "Utensils & Kitchen Supplies"
    ],
    "categories": [
      {
        "code": "Kitchen & Cleaning",
        "desc": "Kitchen & Cleaning"
      }
    ],
    "subCategories": [
      {
        "code": "Food Storage & Kitchen Supplies",
        "desc": "Food Storage & Kitchen Supplies"
      }
    ],
    "brands": [
      {
        "code": "J Hook",
        "desc": "J Hook"
      }
    ],
    "price": {
      "basePrice": 4.69,
      "discountPrice": 4.69
    },
    "type": {
      "code": "Utensils & Kitchen Supplies",
      "desc": "Utensils & Kitchen Supplies"
    },
    "weight": "1 count",
    "UpcCode": "",
    "tax": 1.0,
    "spiceLevel": "",
    "aiselNo": "12",
    "store": "Market Basket",
    "weightType": "1 count",
    "imageName": "No Image.jpg",
    "defaultImage": "No Image.jpg",
    "updatedTimestamp": "Jan 23, 2021 8:02:30 PM",
    "createdTimestamp": "Jan 23, 2021 8:02:30 PM",
    "isNewlyAdded": false,
    "isActive": true,
    "isDealsEnabled": false,
    "quantity": 0
  },
  {
    "id": 7320,
    "code": "McCormick Ground Sage",
    "desc": "McCormick Ground Sage",
    "shortDesc": "McCormick Ground Sage",
    "tags": [
      "Spices & Seasonings"
    ],
    "categories": [
      {
        "code": "Cooking Needs",
        "desc": "Cooking Needs"
      }
    ],
    "subCategories": [
      {
        "code": "Spices & Seasonings",
        "desc": "Spices & Seasonings"
      }
    ],
    "brands": [
      {
        "code": "McCormick",
        "desc": "McCormick"
      }
    ],
    "price": {
      "basePrice": 4.89,
      "discountPrice": 4.89
    },
    "type": {
      "code": "Spices & Seasonings",
      "desc": "Spices & Seasonings"
    },
    "weight": "0.6 oz container",
    "UpcCode": "",
    "tax": 0.0,
    "spiceLevel": "",
    "aiselNo": "9",
    "store": "Market Basket",
    "weightType": "0.6 oz container",
    "imageName": "2166.jpg",
    "defaultImage": "2166.jpg",
    "updatedTimestamp": "Jan 23, 2021 8:02:30 PM",
    "createdTimestamp": "Jan 23, 2021 8:02:30 PM",
    "isNewlyAdded": false,
    "isActive": true,
    "isDealsEnabled": false,
    "quantity": 0
  },
  {
    "id": 4067,
    "code": "Ground Beef Chub 80/20",
    "desc": "Ground Beef Chub 80/20",
    "shortDesc": "Ground Beef Chub 80/20",
    "tags": [
      "Beef"
    ],
    "categories": [
      {
        "code": "Meat & Seafood",
        "desc": "Meat & Seafood"
      }
    ],
    "subCategories": [
      {
        "code": "Meat & Seafood Counter",
        "desc": "Meat & Seafood Counter"
      }
    ],
    "brands": [
      {
        "code": "Market Basket",
        "desc": "Market Basket"
      }
    ],
    "price": {
      "basePrice": 13.49,
      "discountPrice": 13.49
    },
    "type": {
      "code": "Beef",
      "desc": "Beef"
    },
    "weight": "3 lb",
    "UpcCode": "",
    "tax": 0.0,
    "spiceLevel": "",
    "aiselNo": "22",
    "store": "Market Basket",
    "weightType": "3 lb",
    "imageName": "Market Basket.jpg",
    "defaultImage": "Market Basket.jpg",
    "updatedTimestamp": "Jan 23, 2021 8:02:30 PM",
    "createdTimestamp": "Jan 23, 2021 8:02:30 PM",
    "isNewlyAdded": false,
    "isActive": true,
    "isDealsEnabled": false,
    "quantity": 0
  },
  {
    "id": 4292,
    "code": "Acme Smoked Fish Smoked Whitefish Salad",
    "desc": "Acme Smoked Fish Smoked Whitefish Salad",
    "shortDesc": "Acme Smoked Fish Smoked Whitefish Salad",
    "tags": [
      "Whitefish"
    ],
    "categories": [
      {
        "code": "Meat & Seafood",
        "desc": "Meat & Seafood"
      }
    ],
    "subCategories": [
      {
        "code": "Packaged Meat & Seafood",
        "desc": "Packaged Meat & Seafood"
      }
    ],
    "brands": [
      {
        "code": "Acme",
        "desc": "Acme"
      }
    ],
    "price": {
      "basePrice": 4.89,
      "discountPrice": 4.89
    },
    "type": {
      "code": "Whitefish",
      "desc": "Whitefish"
    },
    "weight": "7 oz",
    "UpcCode": "",
    "tax": 0.0,
    "spiceLevel": "",
    "aiselNo": "22",
    "store": "Market Basket",
    "weightType": "7 oz",
    "imageName": "4133.jpg",
    "defaultImage": "4133.jpg",
    "updatedTimestamp": "Jan 23, 2021 8:02:30 PM",
    "createdTimestamp": "Jan 23, 2021 8:02:30 PM",
    "isNewlyAdded": false,
    "isActive": true,
    "isDealsEnabled": false,
    "quantity": 0
  },
  {
    "id": 8009,
    "code": "Heinz Savory Beef Fat Free Gravy",
    "desc": "Heinz Savory Beef Fat Free Gravy",
    "shortDesc": "Heinz Savory Beef Fat Free Gravy",
    "tags": [
      "Soup, Broth & Bouillon"
    ],
    "categories": [
      {
        "code": "Cooking Needs",
        "desc": "Cooking Needs"
      }
    ],
    "subCategories": [
      {
        "code": "Canned Food",
        "desc": "Canned Food"
      }
    ],
    "brands": [
      {
        "code": "Heinz",
        "desc": "Heinz"
      }
    ],
    "price": {
      "basePrice": 2.19,
      "discountPrice": 2.19
    },
    "type": {
      "code": "Soup, Broth & Bouillon",
      "desc": "Soup, Broth & Bouillon"
    },
    "weight": "12 oz",
    "UpcCode": "",
    "tax": 0.0,
    "spiceLevel": "",
    "aiselNo": "2",
    "store": "Market Basket",
    "weightType": "12 oz",
    "imageName": "17238.jpg",
    "defaultImage": "17238.jpg",
    "updatedTimestamp": "Jan 23, 2021 8:02:30 PM",
    "createdTimestamp": "Jan 23, 2021 8:02:30 PM",
    "isNewlyAdded": false,
    "isActive": true,
    "isDealsEnabled": false,
    "quantity": 0
  },
  {
    "id": 489,
    "code": "Purex 4 in 1 Pacs Mountain Breeze 58 pack Laundry Detergent",
    "desc": "Purex 4 in 1 Pacs Mountain Breeze 58 pack Laundry Detergent",
    "shortDesc": "Purex 4 in 1 Pacs Mountain Breeze 58 pack Laundry Detergent",
    "tags": [
      "Laundry Detergent"
    ],
    "categories": [
      {
        "code": "Laundry & Paper Goods",
        "desc": "Laundry & Paper Goods"
      }
    ],
    "subCategories": [
      {
        "code": "Laundry",
        "desc": "Laundry"
      }
    ],
    "brands": [
      {
        "code": "Purex",
        "desc": "Purex"
      }
    ],
    "price": {
      "basePrice": 9.99,
      "discountPrice": 9.99
    },
    "type": {
      "code": "Laundry Detergent",
      "desc": "Laundry Detergent"
    },
    "weight": "58 pack",
    "UpcCode": "",
    "tax": 1.0,
    "spiceLevel": "",
    "aiselNo": "15",
    "store": "Market Basket",
    "weightType": "58 pack",
    "imageName": "No Image.jpg",
    "defaultImage": "No Image.jpg",
    "updatedTimestamp": "Jan 23, 2021 8:02:30 PM",
    "createdTimestamp": "Jan 23, 2021 8:02:30 PM",
    "isNewlyAdded": false,
    "isActive": true,
    "isDealsEnabled": false,
    "quantity": 0
  },
  {
    "id": 5391,
    "code": "Kame Rice Crackers Seaweed",
    "desc": "Kame Rice Crackers Seaweed",
    "shortDesc": "Kame Rice Crackers Seaweed",
    "tags": [
      "Crackers"
    ],
    "categories": [
      {
        "code": "Chips, Cookies & Snacks",
        "desc": "Chips, Cookies & Snacks"
      }
    ],
    "subCategories": [
      {
        "code": "Cookies & Crackers",
        "desc": "Cookies & Crackers"
      }
    ],
    "brands": [
      {
        "code": "Kame",
        "desc": "Kame"
      }
    ],
    "price": {
      "basePrice": 4.67,
      "discountPrice": 4.67
    },
    "type": {
      "code": "Crackers",
      "desc": "Crackers"
    },
    "weight": "3.5 oz",
    "UpcCode": "",
    "tax": 0.0,
    "spiceLevel": "",
    "aiselNo": "6",
    "store": "Market Basket",
    "weightType": "3.5 oz",
    "imageName": "No Image.jpg",
    "defaultImage": "No Image.jpg",
    "updatedTimestamp": "Jan 23, 2021 8:02:30 PM",
    "createdTimestamp": "Jan 23, 2021 8:02:30 PM",
    "isNewlyAdded": false,
    "isActive": true,
    "isDealsEnabled": false,
    "quantity": 0
  },
  {
    "id": 14399,
    "code": "International Delight Caramel Macchiato Iced Coffee",
    "desc": "International Delight Caramel Macchiato Iced Coffee",
    "shortDesc": "International Delight Caramel Macchiato Iced Coffee",
    "tags": [
      "Tea & Coffee"
    ],
    "categories": [
      {
        "code": "Beverages & Juices",
        "desc": "Beverages & Juices"
      }
    ],
    "subCategories": [
      {
        "code": "Tea, Coffee, Milk & Coconut Water",
        "desc": "Tea, Coffee, Milk & Coconut Water"
      }
    ],
    "brands": [
      {
        "code": "International Delight",
        "desc": "International Delight"
      }
    ],
    "price": {
      "basePrice": 4.61,
      "discountPrice": 4.61
    },
    "type": {
      "code": "Tea & Coffee",
      "desc": "Tea & Coffee"
    },
    "weight": "64 fl oz",
    "UpcCode": "",
    "tax": 0.0,
    "spiceLevel": "",
    "aiselNo": "1",
    "store": "Market Basket",
    "weightType": "64 fl oz",
    "imageName": "X365.jpg",
    "defaultImage": "X365.jpg",
    "updatedTimestamp": "Jan 23, 2021 8:02:29 PM",
    "createdTimestamp": "Jan 23, 2021 8:02:29 PM",
    "isNewlyAdded": false,
    "isActive": true,
    "isDealsEnabled": false,
    "quantity": 0
  },
  {
    "id": 7514,
    "code": "Market Basket Mushroom Stems And Pieces",
    "desc": "Market Basket Mushroom Stems And Pieces",
    "shortDesc": "Market Basket Mushroom Stems And Pieces",
    "tags": [
      "Canned & Jarred Vegetables"
    ],
    "categories": [
      {
        "code": "Cooking Needs",
        "desc": "Cooking Needs"
      }
    ],
    "subCategories": [
      {
        "code": "Canned Food",
        "desc": "Canned Food"
      }
    ],
    "brands": [
      {
        "code": "Market Basket",
        "desc": "Market Basket"
      }
    ],
    "price": {
      "basePrice": 1.69,
      "discountPrice": 1.69
    },
    "type": {
      "code": "Canned & Jarred Vegetables",
      "desc": "Canned & Jarred Vegetables"
    },
    "weight": "4 oz",
    "UpcCode": "",
    "tax": 0.0,
    "spiceLevel": "",
    "aiselNo": "9",
    "store": "Market Basket",
    "weightType": "4 oz",
    "imageName": "Market Basket.jpg",
    "defaultImage": "Market Basket.jpg",
    "updatedTimestamp": "Jan 23, 2021 8:02:30 PM",
    "createdTimestamp": "Jan 23, 2021 8:02:30 PM",
    "isNewlyAdded": false,
    "isActive": true,
    "isDealsEnabled": false,
    "quantity": 0
  },
  {
    "id": 10018,
    "code": "Edy's/dreyer's SLOW CHURNED No Sugar Added Neapolitan Light Ice Cream",
    "desc": "Edy's/dreyer's SLOW CHURNED No Sugar Added Neapolitan Light Ice Cream",
    "shortDesc": "Edy's/dreyer's SLOW CHURNED No Sugar Added Neapolitan Light Ice Cream",
    "tags": [
      "Ice Cream & Ice"
    ],
    "categories": [
      {
        "code": "Frozen Food",
        "desc": "Frozen Food"
      }
    ],
    "subCategories": [
      {
        "code": "Ice Cream & Ice",
        "desc": "Ice Cream & Ice"
      }
    ],
    "brands": [
      {
        "code": "Edy's/dreyer's",
        "desc": "Edy's/dreyer's"
      }
    ],
    "price": {
      "basePrice": 3.69,
      "discountPrice": 3.69
    },
    "type": {
      "code": "Ice Cream & Ice",
      "desc": "Ice Cream & Ice"
    },
    "weight": "1.5 quart",
    "UpcCode": "",
    "tax": 0.0,
    "spiceLevel": "",
    "aiselNo": "21",
    "store": "Market Basket",
    "weightType": "1.5 quart",
    "imageName": "3013.jpg",
    "defaultImage": "3013.jpg",
    "updatedTimestamp": "Jan 23, 2021 8:02:30 PM",
    "createdTimestamp": "Jan 23, 2021 8:02:30 PM",
    "isNewlyAdded": false,
    "isActive": true,
    "isDealsEnabled": false,
    "quantity": 0
  },
  {
    "id": 4005,
    "code": "Calabaza Squash",
    "desc": "Calabaza Squash",
    "shortDesc": "Calabaza Squash",
    "tags": [
      "Squash"
    ],
    "categories": [
      {
        "code": "Fresh Produce",
        "desc": "Fresh Produce"
      }
    ],
    "subCategories": [
      {
        "code": "Fresh Vegetables",
        "desc": "Fresh Vegetables"
      }
    ],
    "brands": [
      {
        "code": "Market Basket",
        "desc": "Market Basket"
      }
    ],
    "price": {
      "basePrice": 2.86,
      "discountPrice": 2.86
    },
    "type": {
      "code": "Squash",
      "desc": "Squash"
    },
    "weight": "1 lb",
    "UpcCode": "",
    "tax": 0.0,
    "spiceLevel": "",
    "aiselNo": "20",
    "store": "Market Basket",
    "weightType": "1 lb",
    "imageName": "FP101.jpg",
    "defaultImage": "FP101.jpg",
    "updatedTimestamp": "Jan 23, 2021 8:02:30 PM",
    "createdTimestamp": "Jan 23, 2021 8:02:30 PM",
    "isNewlyAdded": false,
    "isActive": true,
    "isDealsEnabled": false,
    "quantity": 0
  },
  {
    "id": 3939,
    "code": "Oakes Farms Mini Sweet Pepper Medley",
    "desc": "Oakes Farms Mini Sweet Pepper Medley",
    "shortDesc": "Oakes Farms Mini Sweet Pepper Medley",
    "tags": [
      "Pepper"
    ],
    "categories": [
      {
        "code": "Fresh Produce",
        "desc": "Fresh Produce"
      }
    ],
    "subCategories": [
      {
        "code": "Fresh Vegetables",
        "desc": "Fresh Vegetables"
      }
    ],
    "brands": [
      {
        "code": "Oakes Farms",
        "desc": "Oakes Farms"
      }
    ],
    "price": {
      "basePrice": 5.62,
      "discountPrice": 5.62
    },
    "type": {
      "code": "Pepper",
      "desc": "Pepper"
    },
    "weight": "1 lb",
    "UpcCode": "",
    "tax": 0.0,
    "spiceLevel": "",
    "aiselNo": "20",
    "store": "Market Basket",
    "weightType": "1 lb",
    "imageName": "FP117.jpg",
    "defaultImage": "FP117.jpg",
    "updatedTimestamp": "Jan 23, 2021 8:02:30 PM",
    "createdTimestamp": "Jan 23, 2021 8:02:30 PM",
    "isNewlyAdded": false,
    "isActive": true,
    "isDealsEnabled": false,
    "quantity": 0
  },
  {
    "id": 6902,
    "code": "P.a.n. 100% White Corn Instant Dough Pre Cooked White Maize Meal",
    "desc": "P.a.n. 100% White Corn Instant Dough Pre Cooked White Maize Meal",
    "shortDesc": "P.a.n. 100% White Corn Instant Dough Pre Cooked White Maize Meal",
    "tags": [
      "Baking Ingredients"
    ],
    "categories": [
      {
        "code": "Cooking Needs",
        "desc": "Cooking Needs"
      }
    ],
    "subCategories": [
      {
        "code": "Baking & Cooking",
        "desc": "Baking & Cooking"
      }
    ],
    "brands": [
      {
        "code": "PAN",
        "desc": "PAN"
      }
    ],
    "price": {
      "basePrice": 2.99,
      "discountPrice": 2.99
    },
    "type": {
      "code": "Baking Ingredients",
      "desc": "Baking Ingredients"
    },
    "weight": "35.27 oz",
    "UpcCode": "",
    "tax": 0.0,
    "spiceLevel": "",
    "aiselNo": "8",
    "store": "Market Basket",
    "weightType": "35.27 oz",
    "imageName": "15720.jpg",
    "defaultImage": "15720.jpg",
    "updatedTimestamp": "Jan 23, 2021 8:02:30 PM",
    "createdTimestamp": "Jan 23, 2021 8:02:30 PM",
    "isNewlyAdded": false,
    "isActive": true,
    "isDealsEnabled": false,
    "quantity": 0
  },
  {
    "id": 8717,
    "code": "Calavo Single Serve Guacamole Mild 6 CT",
    "desc": "Calavo Single Serve Guacamole Mild 6 CT",
    "shortDesc": "Calavo Single Serve Guacamole Mild 6 CT",
    "tags": [
      "Preserved Dips & Salsa"
    ],
    "categories": [
      {
        "code": "Condiments & Dressings",
        "desc": "Condiments & Dressings"
      }
    ],
    "subCategories": [
      {
        "code": "Preserved Dips & Spreads",
        "desc": "Preserved Dips & Spreads"
      }
    ],
    "brands": [
      {
        "code": "Calavo",
        "desc": "Calavo"
      }
    ],
    "price": {
      "basePrice": 3.69,
      "discountPrice": 3.69
    },
    "type": {
      "code": "Preserved Dips & Salsa",
      "desc": "Preserved Dips & Salsa"
    },
    "weight": "2 oz",
    "UpcCode": "",
    "tax": 0.0,
    "spiceLevel": "",
    "aiselNo": "1",
    "store": "Market Basket",
    "weightType": "2 oz",
    "imageName": "2006.jpg",
    "defaultImage": "2006.jpg",
    "updatedTimestamp": "Jan 23, 2021 8:02:30 PM",
    "createdTimestamp": "Jan 23, 2021 8:02:30 PM",
    "isNewlyAdded": false,
    "isActive": true,
    "isDealsEnabled": false,
    "quantity": 0
  },
  {
    "id": 14633,
    "code": "Twinings of London 100% Pure Black Tea K Cup Pods English Breakfast",
    "desc": "Twinings of London 100% Pure Black Tea K Cup Pods English Breakfast",
    "shortDesc": "Twinings of London 100% Pure Black Tea K Cup Pods English Breakfast",
    "tags": [
      "Tea"
    ],
    "categories": [
      {
        "code": "Breakfast & Dairy",
        "desc": "Breakfast & Dairy"
      }
    ],
    "subCategories": [
      {
        "code": "Tea & Coffee",
        "desc": "Tea & Coffee"
      }
    ],
    "brands": [
      {
        "code": "Twinings",
        "desc": "Twinings"
      }
    ],
    "price": {
      "basePrice": 8.59,
      "discountPrice": 8.59
    },
    "type": {
      "code": "Tea",
      "desc": "Tea"
    },
    "weight": "12 count",
    "UpcCode": "",
    "tax": 0.0,
    "spiceLevel": "",
    "aiselNo": "8",
    "store": "Market Basket",
    "weightType": "12 count",
    "imageName": "3447.jpg",
    "defaultImage": "3447.jpg",
    "updatedTimestamp": "Jan 23, 2021 8:02:30 PM",
    "createdTimestamp": "Jan 23, 2021 8:02:30 PM",
    "isNewlyAdded": false,
    "isActive": true,
    "isDealsEnabled": false,
    "quantity": 0
  },
  {
    "id": 397,
    "code": "Tide Original Scent Liquid Plus Bleach Alternative Original Scent Liquid Laundry Detergent Plus Bleach Alternative",
    "desc": "Tide Original Scent Liquid Plus Bleach Alternative Original Scent Liquid Laundry Detergent Plus Bleach Alternative",
    "shortDesc": "Tide Original Scent Liquid Plus Bleach Alternative Original Scent Liquid Laundry Detergent Plus Bleach Alternative",
    "tags": [
      "Laundry Detergent"
    ],
    "categories": [
      {
        "code": "Laundry & Paper Goods",
        "desc": "Laundry & Paper Goods"
      }
    ],
    "subCategories": [
      {
        "code": "Laundry",
        "desc": "Laundry"
      }
    ],
    "brands": [
      {
        "code": "Tide",
        "desc": "Tide"
      }
    ],
    "price": {
      "basePrice": 22.49,
      "discountPrice": 22.49
    },
    "type": {
      "code": "Laundry Detergent",
      "desc": "Laundry Detergent"
    },
    "weight": "138 oz",
    "UpcCode": "",
    "tax": 1.0,
    "spiceLevel": "",
    "aiselNo": "15",
    "store": "Market Basket",
    "weightType": "138 oz",
    "imageName": "4527.jpg",
    "defaultImage": "4527.jpg",
    "updatedTimestamp": "Jan 23, 2021 8:02:30 PM",
    "createdTimestamp": "Jan 23, 2021 8:02:30 PM",
    "isNewlyAdded": false,
    "isActive": true,
    "isDealsEnabled": false,
    "quantity": 0
  },
  {
    "id": 5915,
    "code": "Starbucks Iced Espresso Vanilla Latte",
    "desc": "Starbucks Iced Espresso Vanilla Latte",
    "shortDesc": "Starbucks Iced Espresso Vanilla Latte",
    "tags": [
      "Single To-Go Coffee"
    ],
    "categories": [
      {
        "code": "Beverages & Juices",
        "desc": "Beverages & Juices"
      }
    ],
    "subCategories": [
      {
        "code": "Tea, Coffee, Milk & Coconut Water",
        "desc": "Tea, Coffee, Milk & Coconut Water"
      }
    ],
    "brands": [
      {
        "code": "StarBucks",
        "desc": "StarBucks"
      }
    ],
    "price": {
      "basePrice": 3.36,
      "discountPrice": 3.36
    },
    "type": {
      "code": "Single To-Go Coffee",
      "desc": "Single To-Go Coffee"
    },
    "weight": "14 fl oz",
    "UpcCode": "",
    "tax": 0.0,
    "spiceLevel": "",
    "aiselNo": "17",
    "store": "Market Basket",
    "weightType": "14 fl oz",
    "imageName": "No Image.jpg",
    "defaultImage": "No Image.jpg",
    "updatedTimestamp": "Jan 23, 2021 8:02:30 PM",
    "createdTimestamp": "Jan 23, 2021 8:02:30 PM",
    "isNewlyAdded": false,
    "isActive": true,
    "isDealsEnabled": false,
    "quantity": 0
  },
  {
    "id": 15199,
    "code": "Efferdent Anti-Bacterial Denture Cleaner",
    "desc": "Efferdent Anti-Bacterial Denture Cleaner",
    "shortDesc": "Efferdent Anti-Bacterial Denture Cleaner",
    "tags": [
      "Oral Hygiene"
    ],
    "categories": [
      {
        "code": "Personal Care",
        "desc": "Personal Care"
      }
    ],
    "subCategories": [
      {
        "code": "Personal Needs",
        "desc": "Personal Needs"
      }
    ],
    "brands": [
      {
        "code": "Efferdent",
        "desc": "Efferdent"
      }
    ],
    "price": {
      "basePrice": 4.93,
      "discountPrice": 4.93
    },
    "type": {
      "code": "Oral Hygiene",
      "desc": "Oral Hygiene"
    },
    "weight": "44 count",
    "UpcCode": "",
    "tax": 1.0,
    "spiceLevel": "",
    "aiselNo": "13",
    "store": "Market Basket",
    "weightType": "44 count",
    "imageName": "17781.jpg",
    "defaultImage": "17781.jpg",
    "updatedTimestamp": "Jan 23, 2021 8:02:30 PM",
    "createdTimestamp": "Jan 23, 2021 8:02:30 PM",
    "isNewlyAdded": false,
    "isActive": true,
    "isDealsEnabled": false,
    "quantity": 0
  },
  {
    "id": 13478,
    "code": "Hood Reduced Fat Chocolate Dairy Beverage",
    "desc": "Hood Reduced Fat Chocolate Dairy Beverage",
    "shortDesc": "Hood Reduced Fat Chocolate Dairy Beverage",
    "tags": [
      "Milk"
    ],
    "categories": [
      {
        "code": "Breakfast & Dairy",
        "desc": "Breakfast & Dairy"
      }
    ],
    "subCategories": [
      {
        "code": "Dairy & Eggs",
        "desc": "Dairy & Eggs"
      }
    ],
    "brands": [
      {
        "code": "Hood",
        "desc": "Hood"
      }
    ],
    "price": {
      "basePrice": 3.69,
      "discountPrice": 3.69
    },
    "type": {
      "code": "Milk",
      "desc": "Milk"
    },
    "weight": "0.5 gal",
    "UpcCode": "",
    "tax": 0.0,
    "spiceLevel": "",
    "aiselNo": "1",
    "store": "Market Basket",
    "weightType": "0.5 gal",
    "imageName": "502.jpg",
    "defaultImage": "502.jpg",
    "updatedTimestamp": "Jan 23, 2021 8:02:30 PM",
    "createdTimestamp": "Jan 23, 2021 8:02:30 PM",
    "isNewlyAdded": false,
    "isActive": true,
    "isDealsEnabled": false,
    "quantity": 0
  },
  {
    "id": 4697,
    "code": "StarKistÃÂ® StarKist Solid White Albacore Tuna In Water",
    "desc": "StarKistÃÂ® StarKist Solid White Albacore Tuna In Water",
    "shortDesc": "StarKistÃÂ® StarKist Solid White Albacore Tuna In Water",
    "tags": [
      "Canned Tuna"
    ],
    "categories": [
      {
        "code": "Meat & Seafood",
        "desc": "Meat & Seafood"
      }
    ],
    "subCategories": [
      {
        "code": "Canned Meat & Seafood",
        "desc": "Canned Meat & Seafood"
      }
    ],
    "brands": [
      {
        "code": "StarKistÃÂ®",
        "desc": "StarKistÃÂ®"
      }
    ],
    "price": {
      "basePrice": 4.69,
      "discountPrice": 4.69
    },
    "type": {
      "code": "Canned Tuna",
      "desc": "Canned Tuna"
    },
    "weight": "3 oz",
    "UpcCode": "",
    "tax": 0.0,
    "spiceLevel": "",
    "aiselNo": "2",
    "store": "Market Basket",
    "weightType": "3 oz",
    "imageName": "5212.jpg",
    "defaultImage": "5212.jpg",
    "updatedTimestamp": "Jan 23, 2021 8:02:30 PM",
    "createdTimestamp": "Jan 23, 2021 8:02:30 PM",
    "isNewlyAdded": false,
    "isActive": true,
    "isDealsEnabled": false,
    "quantity": 0
  },
  {
    "id": 14990,
    "code": "Bayer Genuine Asprin Pain Reliever/Fever Reducer Coated Tablets",
    "desc": "Bayer Genuine Asprin Pain Reliever/Fever Reducer Coated Tablets",
    "shortDesc": "Bayer Genuine Asprin Pain Reliever/Fever Reducer Coated Tablets",
    "tags": [
      "Muscles, Joints & Pain Relief"
    ],
    "categories": [
      {
        "code": "Personal Care",
        "desc": "Personal Care"
      }
    ],
    "subCategories": [
      {
        "code": "First Aid & Healthcare",
        "desc": "First Aid & Healthcare"
      }
    ],
    "brands": [
      {
        "code": "Bayer",
        "desc": "Bayer"
      }
    ],
    "price": {
      "basePrice": 9.88,
      "discountPrice": 9.88
    },
    "type": {
      "code": "Muscles, Joints & Pain Relief",
      "desc": "Muscles, Joints & Pain Relief"
    },
    "weight": "100 count",
    "UpcCode": "",
    "tax": 1.0,
    "spiceLevel": "",
    "aiselNo": "13",
    "store": "Market Basket",
    "weightType": "100 count",
    "imageName": "6633.jpg",
    "defaultImage": "6633.jpg",
    "updatedTimestamp": "Jan 23, 2021 8:02:30 PM",
    "createdTimestamp": "Jan 23, 2021 8:02:30 PM",
    "isNewlyAdded": false,
    "isActive": true,
    "isDealsEnabled": false,
    "quantity": 0
  },
  {
    "id": 4316,
    "code": "Market Basket Country Style Top Pork Spare Ribs",
    "desc": "Market Basket Country Style Top Pork Spare Ribs",
    "shortDesc": "Market Basket Country Style Top Pork Spare Ribs",
    "tags": [
      "Pork"
    ],
    "categories": [
      {
        "code": "Meat & Seafood",
        "desc": "Meat & Seafood"
      }
    ],
    "subCategories": [
      {
        "code": "Meat & Seafood Counter",
        "desc": "Meat & Seafood Counter"
      }
    ],
    "brands": [
      {
        "code": "Market Basket",
        "desc": "Market Basket"
      }
    ],
    "price": {
      "basePrice": 1.59,
      "discountPrice": 1.59
    },
    "type": {
      "code": "Pork",
      "desc": "Pork"
    },
    "weight": "1 lb",
    "UpcCode": "",
    "tax": 0.0,
    "spiceLevel": "",
    "aiselNo": "22",
    "store": "Market Basket",
    "weightType": "1 lb",
    "imageName": "Market Basket.jpg",
    "defaultImage": "Market Basket.jpg",
    "updatedTimestamp": "Jan 23, 2021 8:02:30 PM",
    "createdTimestamp": "Jan 23, 2021 8:02:30 PM",
    "isNewlyAdded": false,
    "isActive": true,
    "isDealsEnabled": false,
    "quantity": 0
  },
  {
    "id": 5042,
    "code": "Dare Maple Creme Cookies",
    "desc": "Dare Maple Creme Cookies",
    "shortDesc": "Dare Maple Creme Cookies",
    "tags": [
      "Cookies & Cakes"
    ],
    "categories": [
      {
        "code": "Chips, Cookies & Snacks",
        "desc": "Chips, Cookies & Snacks"
      }
    ],
    "subCategories": [
      {
        "code": "Cookies & Crackers",
        "desc": "Cookies & Crackers"
      }
    ],
    "brands": [
      {
        "code": "Dare",
        "desc": "Dare"
      }
    ],
    "price": {
      "basePrice": 3.91,
      "discountPrice": 3.91
    },
    "type": {
      "code": "Cookies & Cakes",
      "desc": "Cookies & Cakes"
    },
    "weight": "10.6 oz",
    "UpcCode": "",
    "tax": 0.0,
    "spiceLevel": "",
    "aiselNo": "6",
    "store": "Market Basket",
    "weightType": "10.6 oz",
    "imageName": "No Image.jpg",
    "defaultImage": "No Image.jpg",
    "updatedTimestamp": "Jan 23, 2021 8:02:30 PM",
    "createdTimestamp": "Jan 23, 2021 8:02:30 PM",
    "isNewlyAdded": false,
    "isActive": true,
    "isDealsEnabled": false,
    "quantity": 0
  },
  {
    "id": 13772,
    "code": "Market Basket Swiss Cheese Block",
    "desc": "Market Basket Swiss Cheese Block",
    "shortDesc": "Market Basket Swiss Cheese Block",
    "tags": [
      "Packaged Cheese"
    ],
    "categories": [
      {
        "code": "Breakfast & Dairy",
        "desc": "Breakfast & Dairy"
      }
    ],
    "subCategories": [
      {
        "code": "Dairy & Eggs",
        "desc": "Dairy & Eggs"
      }
    ],
    "brands": [
      {
        "code": "Market Basket",
        "desc": "Market Basket"
      }
    ],
    "price": {
      "basePrice": 2.49,
      "discountPrice": 2.49
    },
    "type": {
      "code": "Packaged Cheese",
      "desc": "Packaged Cheese"
    },
    "weight": "8 oz",
    "UpcCode": "",
    "tax": 0.0,
    "spiceLevel": "",
    "aiselNo": "1",
    "store": "Market Basket",
    "weightType": "8 oz",
    "imageName": "Market Basket.jpg",
    "defaultImage": "Market Basket.jpg",
    "updatedTimestamp": "Jan 23, 2021 8:02:30 PM",
    "createdTimestamp": "Jan 23, 2021 8:02:30 PM",
    "isNewlyAdded": false,
    "isActive": true,
    "isDealsEnabled": false,
    "quantity": 0
  },
  {
    "id": 15341,
    "code": "Nature Made Multivitamin For Her 50+ Tablets with No Iron",
    "desc": "Nature Made Multivitamin For Her 50+ Tablets with No Iron",
    "shortDesc": "Nature Made Multivitamin For Her 50+ Tablets with No Iron",
    "tags": [
      "Vitamins & Supplements"
    ],
    "categories": [
      {
        "code": "Personal Care",
        "desc": "Personal Care"
      }
    ],
    "subCategories": [
      {
        "code": "Vitamins & Proteins",
        "desc": "Vitamins & Proteins"
      }
    ],
    "brands": [
      {
        "code": "Nature Made",
        "desc": "Nature Made"
      }
    ],
    "price": {
      "basePrice": 12.64,
      "discountPrice": 12.64
    },
    "type": {
      "code": "Vitamins & Supplements",
      "desc": "Vitamins & Supplements"
    },
    "weight": "90 count",
    "UpcCode": "",
    "tax": 1.0,
    "spiceLevel": "",
    "aiselNo": "13",
    "store": "Market Basket",
    "weightType": "90 count",
    "imageName": "18181.jpg",
    "defaultImage": "18181.jpg",
    "updatedTimestamp": "Jan 23, 2021 8:02:30 PM",
    "createdTimestamp": "Jan 23, 2021 8:02:30 PM",
    "isNewlyAdded": false,
    "isActive": true,
    "isDealsEnabled": false,
    "quantity": 0
  },
  {
    "id": 9986,
    "code": "Breyers Ice Cream Vanilla Chocolate Strawberry",
    "desc": "Breyers Ice Cream Vanilla Chocolate Strawberry",
    "shortDesc": "Breyers Ice Cream Vanilla Chocolate Strawberry",
    "tags": [
      "Ice Cream & Ice"
    ],
    "categories": [
      {
        "code": "Frozen Food",
        "desc": "Frozen Food"
      }
    ],
    "subCategories": [
      {
        "code": "Ice Cream & Ice",
        "desc": "Ice Cream & Ice"
      }
    ],
    "brands": [
      {
        "code": "Breyer's",
        "desc": "Breyer's"
      }
    ],
    "price": {
      "basePrice": 4.79,
      "discountPrice": 4.79
    },
    "type": {
      "code": "Ice Cream & Ice",
      "desc": "Ice Cream & Ice"
    },
    "weight": "48 oz",
    "UpcCode": "",
    "tax": 0.0,
    "spiceLevel": "",
    "aiselNo": "21",
    "store": "Market Basket",
    "weightType": "48 oz",
    "imageName": "18020.jpg",
    "defaultImage": "18020.jpg",
    "updatedTimestamp": "Jan 23, 2021 8:02:30 PM",
    "createdTimestamp": "Jan 23, 2021 8:02:30 PM",
    "isNewlyAdded": false,
    "isActive": true,
    "isDealsEnabled": false,
    "quantity": 0
  },
  {
    "id": 9784,
    "code": "Birds Eye Steamfresh Super Sweet Corn",
    "desc": "Birds Eye Steamfresh Super Sweet Corn",
    "shortDesc": "Birds Eye Steamfresh Super Sweet Corn",
    "tags": [
      "Frozen Produce"
    ],
    "categories": [
      {
        "code": "Frozen Food",
        "desc": "Frozen Food"
      }
    ],
    "subCategories": [
      {
        "code": "Frozen Produce",
        "desc": "Frozen Produce"
      }
    ],
    "brands": [
      {
        "code": "Birds Eye",
        "desc": "Birds Eye"
      }
    ],
    "price": {
      "basePrice": 2.49,
      "discountPrice": 2.49
    },
    "type": {
      "code": "Frozen Produce",
      "desc": "Frozen Produce"
    },
    "weight": "19 oz",
    "UpcCode": "",
    "tax": 0.0,
    "spiceLevel": "",
    "aiselNo": "19",
    "store": "Market Basket",
    "weightType": "19 oz",
    "imageName": "2473.jpg",
    "defaultImage": "2473.jpg",
    "updatedTimestamp": "Jan 23, 2021 8:02:30 PM",
    "createdTimestamp": "Jan 23, 2021 8:02:30 PM",
    "isNewlyAdded": false,
    "isActive": true,
    "isDealsEnabled": false,
    "quantity": 0
  },
  {
    "id": 14947,
    "code": "Tums Antacid Ultra Strength 1000 Chewable Tablets Tropical Fruit",
    "desc": "Tums Antacid Ultra Strength 1000 Chewable Tablets Tropical Fruit",
    "shortDesc": "Tums Antacid Ultra Strength 1000 Chewable Tablets Tropical Fruit",
    "tags": [
      "Digestion"
    ],
    "categories": [
      {
        "code": "Personal Care",
        "desc": "Personal Care"
      }
    ],
    "subCategories": [
      {
        "code": "First Aid & Healthcare",
        "desc": "First Aid & Healthcare"
      }
    ],
    "brands": [
      {
        "code": "Tums",
        "desc": "Tums"
      }
    ],
    "price": {
      "basePrice": 7.0,
      "discountPrice": 7.0
    },
    "type": {
      "code": "Digestion",
      "desc": "Digestion"
    },
    "weight": "72 count",
    "UpcCode": "",
    "tax": 1.0,
    "spiceLevel": "",
    "aiselNo": "13",
    "store": "Market Basket",
    "weightType": "72 count",
    "imageName": "6647.jpg",
    "defaultImage": "6647.jpg",
    "updatedTimestamp": "Jan 23, 2021 8:02:30 PM",
    "createdTimestamp": "Jan 23, 2021 8:02:30 PM",
    "isNewlyAdded": false,
    "isActive": true,
    "isDealsEnabled": false,
    "quantity": 0
  },
  {
    "id": 5355,
    "code": "Austin Pepper Jack Sandwich Crackers",
    "desc": "Austin Pepper Jack Sandwich Crackers",
    "shortDesc": "Austin Pepper Jack Sandwich Crackers",
    "tags": [
      "Crackers"
    ],
    "categories": [
      {
        "code": "Chips, Cookies & Snacks",
        "desc": "Chips, Cookies & Snacks"
      }
    ],
    "subCategories": [
      {
        "code": "Cookies & Crackers",
        "desc": "Cookies & Crackers"
      }
    ],
    "brands": [
      {
        "code": "Austin",
        "desc": "Austin"
      }
    ],
    "price": {
      "basePrice": 2.34,
      "discountPrice": 2.34
    },
    "type": {
      "code": "Crackers",
      "desc": "Crackers"
    },
    "weight": "11 oz",
    "UpcCode": "",
    "tax": 0.0,
    "spiceLevel": "",
    "aiselNo": "6",
    "store": "Market Basket",
    "weightType": "11 oz",
    "imageName": "No Image.jpg",
    "defaultImage": "No Image.jpg",
    "updatedTimestamp": "Jan 23, 2021 8:02:30 PM",
    "createdTimestamp": "Jan 23, 2021 8:02:30 PM",
    "isNewlyAdded": false,
    "isActive": true,
    "isDealsEnabled": false,
    "quantity": 0
  },
  {
    "id": 10437,
    "code": "Monterey Woodear Dried Mushrooms",
    "desc": "Monterey Woodear Dried Mushrooms",
    "shortDesc": "Monterey Woodear Dried Mushrooms",
    "tags": [
      "Grains, Rice & Dried Goods"
    ],
    "categories": [
      {
        "code": "Cooking Needs",
        "desc": "Cooking Needs"
      }
    ],
    "subCategories": [
      {
        "code": "Rice & Grains",
        "desc": "Rice & Grains"
      }
    ],
    "brands": [
      {
        "code": "Monterey",
        "desc": "Monterey"
      }
    ],
    "price": {
      "basePrice": 4.09,
      "discountPrice": 4.09
    },
    "type": {
      "code": "Grains, Rice & Dried Goods",
      "desc": "Grains, Rice & Dried Goods"
    },
    "weight": "1 oz",
    "UpcCode": "",
    "tax": 0.0,
    "spiceLevel": "",
    "aiselNo": "N/A",
    "store": "Market Basket",
    "weightType": "1 oz",
    "imageName": "No Image.jpg",
    "defaultImage": "No Image.jpg",
    "updatedTimestamp": "Jan 23, 2021 8:02:30 PM",
    "createdTimestamp": "Jan 23, 2021 8:02:30 PM",
    "isNewlyAdded": false,
    "isActive": true,
    "isDealsEnabled": false,
    "quantity": 0
  },
  {
    "id": 6196,
    "code": "7 Up Diet Lemon Lime",
    "desc": "7 Up Diet Lemon Lime",
    "shortDesc": "7 Up Diet Lemon Lime",
    "tags": [
      "Soft Drinks"
    ],
    "categories": [
      {
        "code": "Beverages & Juices",
        "desc": "Beverages & Juices"
      }
    ],
    "subCategories": [
      {
        "code": "Soft Drinks & Seltzers",
        "desc": "Soft Drinks & Seltzers"
      }
    ],
    "brands": [
      {
        "code": "7 up",
        "desc": "7 up"
      }
    ],
    "price": {
      "basePrice": 2.11,
      "discountPrice": 2.11
    },
    "type": {
      "code": "Soft Drinks",
      "desc": "Soft Drinks"
    },
    "weight": "2 L",
    "UpcCode": "",
    "tax": 0.0,
    "spiceLevel": "",
    "aiselNo": "17",
    "store": "Market Basket",
    "weightType": "2 L",
    "imageName": "No Image.jpg",
    "defaultImage": "No Image.jpg",
    "updatedTimestamp": "Jan 23, 2021 8:02:30 PM",
    "createdTimestamp": "Jan 23, 2021 8:02:30 PM",
    "isNewlyAdded": false,
    "isActive": true,
    "isDealsEnabled": false,
    "quantity": 0
  },
  {
    "id": 14354,
    "code": "Dunkin' Donuts Dark Roast Ground Coffee Dunkin' Dark",
    "desc": "Dunkin' Donuts Dark Roast Ground Coffee Dunkin' Dark",
    "shortDesc": "Dunkin' Donuts Dark Roast Ground Coffee Dunkin' Dark",
    "tags": [
      "Coffee"
    ],
    "categories": [
      {
        "code": "Breakfast & Dairy",
        "desc": "Breakfast & Dairy"
      }
    ],
    "subCategories": [
      {
        "code": "Tea & Coffee",
        "desc": "Tea & Coffee"
      }
    ],
    "brands": [
      {
        "code": "Dunkin' Donuts",
        "desc": "Dunkin' Donuts"
      }
    ],
    "price": {
      "basePrice": 8.59,
      "discountPrice": 8.59
    },
    "type": {
      "code": "Coffee",
      "desc": "Coffee"
    },
    "weight": "11 oz",
    "UpcCode": "",
    "tax": 0.0,
    "spiceLevel": "",
    "aiselNo": "8",
    "store": "Market Basket",
    "weightType": "11 oz",
    "imageName": "3376.jpg",
    "defaultImage": "3376.jpg",
    "updatedTimestamp": "Jan 23, 2021 8:02:30 PM",
    "createdTimestamp": "Jan 23, 2021 8:02:30 PM",
    "isNewlyAdded": false,
    "isActive": true,
    "isDealsEnabled": false,
    "quantity": 0
  },
  {
    "id": 13739,
    "code": "Market Basket Imported Feta Cheese Chunks",
    "desc": "Market Basket Imported Feta Cheese Chunks",
    "shortDesc": "Market Basket Imported Feta Cheese Chunks",
    "tags": [
      "Packaged Cheese"
    ],
    "categories": [
      {
        "code": "Breakfast & Dairy",
        "desc": "Breakfast & Dairy"
      }
    ],
    "subCategories": [
      {
        "code": "Dairy & Eggs",
        "desc": "Dairy & Eggs"
      }
    ],
    "brands": [
      {
        "code": "Market Basket",
        "desc": "Market Basket"
      }
    ],
    "price": {
      "basePrice": 5.15,
      "discountPrice": 5.15
    },
    "type": {
      "code": "Packaged Cheese",
      "desc": "Packaged Cheese"
    },
    "weight": "Approx: 0.59 lb",
    "UpcCode": "",
    "tax": 0.0,
    "spiceLevel": "",
    "aiselNo": "1",
    "store": "Market Basket",
    "weightType": "Approx: 0.59 lb",
    "imageName": "120.jpg",
    "defaultImage": "120.jpg",
    "updatedTimestamp": "Jan 23, 2021 8:02:30 PM",
    "createdTimestamp": "Jan 23, 2021 8:02:30 PM",
    "isNewlyAdded": false,
    "isActive": true,
    "isDealsEnabled": false,
    "quantity": 0
  },
  {
    "id": 4870,
    "code": "Lay's Potato Chips Lightly Salted Party Size",
    "desc": "Lay's Potato Chips Lightly Salted Party Size",
    "shortDesc": "Lay's Potato Chips Lightly Salted Party Size",
    "tags": [
      "Chips & Pretzels"
    ],
    "categories": [
      {
        "code": "Chips, Cookies & Snacks",
        "desc": "Chips, Cookies & Snacks"
      }
    ],
    "subCategories": [
      {
        "code": "Chips & Fruit Snacks",
        "desc": "Chips & Fruit Snacks"
      }
    ],
    "brands": [
      {
        "code": "Lay's",
        "desc": "Lay's"
      }
    ],
    "price": {
      "basePrice": 5.47,
      "discountPrice": 5.47
    },
    "type": {
      "code": "Chips & Pretzels",
      "desc": "Chips & Pretzels"
    },
    "weight": "12.5 oz",
    "UpcCode": "",
    "tax": 0.0,
    "spiceLevel": "",
    "aiselNo": "0",
    "store": "Market Basket",
    "weightType": "12.5 oz",
    "imageName": "881.jpg",
    "defaultImage": "881.jpg",
    "updatedTimestamp": "Jan 23, 2021 8:02:30 PM",
    "createdTimestamp": "Jan 23, 2021 8:02:30 PM",
    "isNewlyAdded": false,
    "isActive": true,
    "isDealsEnabled": false,
    "quantity": 0
  },
  {
    "id": 14632,
    "code": "Twinings of London 100% Pure Black Tea Ceylon Orange Pekoe",
    "desc": "Twinings of London 100% Pure Black Tea Ceylon Orange Pekoe",
    "shortDesc": "Twinings of London 100% Pure Black Tea Ceylon Orange Pekoe",
    "tags": [
      "Tea"
    ],
    "categories": [
      {
        "code": "Breakfast & Dairy",
        "desc": "Breakfast & Dairy"
      }
    ],
    "subCategories": [
      {
        "code": "Tea & Coffee",
        "desc": "Tea & Coffee"
      }
    ],
    "brands": [
      {
        "code": "Twinings",
        "desc": "Twinings"
      }
    ],
    "price": {
      "basePrice": 3.69,
      "discountPrice": 3.69
    },
    "type": {
      "code": "Tea",
      "desc": "Tea"
    },
    "weight": "20 count",
    "UpcCode": "",
    "tax": 0.0,
    "spiceLevel": "",
    "aiselNo": "8",
    "store": "Market Basket",
    "weightType": "20 count",
    "imageName": "3439.jpg",
    "defaultImage": "3439.jpg",
    "updatedTimestamp": "Jan 23, 2021 8:02:30 PM",
    "createdTimestamp": "Jan 23, 2021 8:02:30 PM",
    "isNewlyAdded": false,
    "isActive": true,
    "isDealsEnabled": false,
    "quantity": 0
  },
  {
    "id": 15206,
    "code": "GUM Crayola Pip-Squeaks Ultrasoft Toothbrush",
    "desc": "GUM Crayola Pip-Squeaks Ultrasoft Toothbrush",
    "shortDesc": "GUM Crayola Pip-Squeaks Ultrasoft Toothbrush",
    "tags": [
      "Oral Hygiene"
    ],
    "categories": [
      {
        "code": "Personal Care",
        "desc": "Personal Care"
      }
    ],
    "subCategories": [
      {
        "code": "Personal Needs",
        "desc": "Personal Needs"
      }
    ],
    "brands": [
      {
        "code": "Gum",
        "desc": "Gum"
      }
    ],
    "price": {
      "basePrice": 2.86,
      "discountPrice": 2.86
    },
    "type": {
      "code": "Oral Hygiene",
      "desc": "Oral Hygiene"
    },
    "weight": "2 count",
    "UpcCode": "",
    "tax": 1.0,
    "spiceLevel": "",
    "aiselNo": "13",
    "store": "Market Basket",
    "weightType": "2 count",
    "imageName": "6448.jpg",
    "defaultImage": "6448.jpg",
    "updatedTimestamp": "Jan 23, 2021 8:02:30 PM",
    "createdTimestamp": "Jan 23, 2021 8:02:30 PM",
    "isNewlyAdded": false,
    "isActive": true,
    "isDealsEnabled": false,
    "quantity": 0
  },
  {
    "id": 4253,
    "code": "Buena Ventura Ventura Salted Alaska Pollock Fillets Boned/Skinless",
    "desc": "Buena Ventura Ventura Salted Alaska Pollock Fillets Boned/Skinless",
    "shortDesc": "Buena Ventura Ventura Salted Alaska Pollock Fillets Boned/Skinless",
    "tags": [
      "Pollock"
    ],
    "categories": [
      {
        "code": "Meat & Seafood",
        "desc": "Meat & Seafood"
      }
    ],
    "subCategories": [
      {
        "code": "Packaged Meat & Seafood",
        "desc": "Packaged Meat & Seafood"
      }
    ],
    "brands": [
      {
        "code": "Buena Ventura",
        "desc": "Buena Ventura"
      }
    ],
    "price": {
      "basePrice": 4.89,
      "discountPrice": 4.89
    },
    "type": {
      "code": "Pollock",
      "desc": "Pollock"
    },
    "weight": "16 oz",
    "UpcCode": "",
    "tax": 0.0,
    "spiceLevel": "",
    "aiselNo": "22",
    "store": "Market Basket",
    "weightType": "16 oz",
    "imageName": "16716.jpg",
    "defaultImage": "16716.jpg",
    "updatedTimestamp": "Jan 23, 2021 8:02:30 PM",
    "createdTimestamp": "Jan 23, 2021 8:02:30 PM",
    "isNewlyAdded": false,
    "isActive": true,
    "isDealsEnabled": false,
    "quantity": 0
  },
  {
    "id": 7210,
    "code": "David's Kosher Salt",
    "desc": "David's Kosher Salt",
    "shortDesc": "David's Kosher Salt",
    "tags": [
      "Spices & Seasonings"
    ],
    "categories": [
      {
        "code": "Cooking Needs",
        "desc": "Cooking Needs"
      }
    ],
    "subCategories": [
      {
        "code": "Spices & Seasonings",
        "desc": "Spices & Seasonings"
      }
    ],
    "brands": [
      {
        "code": "David's",
        "desc": "David's"
      }
    ],
    "price": {
      "basePrice": 3.09,
      "discountPrice": 3.09
    },
    "type": {
      "code": "Spices & Seasonings",
      "desc": "Spices & Seasonings"
    },
    "weight": "16 oz",
    "UpcCode": "",
    "tax": 0.0,
    "spiceLevel": "",
    "aiselNo": "9",
    "store": "Market Basket",
    "weightType": "16 oz",
    "imageName": "15662.jpg",
    "defaultImage": "15662.jpg",
    "updatedTimestamp": "Jan 23, 2021 8:02:30 PM",
    "createdTimestamp": "Jan 23, 2021 8:02:30 PM",
    "isNewlyAdded": false,
    "isActive": true,
    "isDealsEnabled": false,
    "quantity": 0
  },
  {
    "id": 6308,
    "code": "Poland Spring Sparkling Water, Ruby Red Grapefruit",
    "desc": "Poland Spring Sparkling Water, Ruby Red Grapefruit",
    "shortDesc": "Poland Spring Sparkling Water, Ruby Red Grapefruit",
    "tags": [
      "Sparkling Water"
    ],
    "categories": [
      {
        "code": "Beverages & Juices",
        "desc": "Beverages & Juices"
      }
    ],
    "subCategories": [
      {
        "code": "Water",
        "desc": "Water"
      }
    ],
    "brands": [
      {
        "code": "Poland Spring",
        "desc": "Poland Spring"
      }
    ],
    "price": {
      "basePrice": 3.74,
      "discountPrice": 3.74
    },
    "type": {
      "code": "Sparkling Water",
      "desc": "Sparkling Water"
    },
    "weight": "8 x 16.9 fl oz",
    "UpcCode": "",
    "tax": 0.0,
    "spiceLevel": "",
    "aiselNo": "11",
    "store": "Market Basket",
    "weightType": "8 x 16.9 fl oz",
    "imageName": "No Image.jpg",
    "defaultImage": "No Image.jpg",
    "updatedTimestamp": "Jan 23, 2021 8:02:30 PM",
    "createdTimestamp": "Jan 23, 2021 8:02:30 PM",
    "isNewlyAdded": false,
    "isActive": true,
    "isDealsEnabled": false,
    "quantity": 0
  },
  {
    "id": 14666,
    "code": "Eucerin Soothing Repair Lotion Original Healing",
    "desc": "Eucerin Soothing Repair Lotion Original Healing",
    "shortDesc": "Eucerin Soothing Repair Lotion Original Healing",
    "tags": [
      "Body Lotion"
    ],
    "categories": [
      {
        "code": "Personal Care",
        "desc": "Personal Care"
      }
    ],
    "subCategories": [
      {
        "code": "Body Wash, Soap & Hair Care",
        "desc": "Body Wash, Soap & Hair Care"
      }
    ],
    "brands": [
      {
        "code": "Eucerin",
        "desc": "Eucerin"
      }
    ],
    "price": {
      "basePrice": 15.51,
      "discountPrice": 15.51
    },
    "type": {
      "code": "Body Lotion",
      "desc": "Body Lotion"
    },
    "weight": "16.9 fl oz",
    "UpcCode": "",
    "tax": 1.0,
    "spiceLevel": "",
    "aiselNo": "13",
    "store": "Market Basket",
    "weightType": "16.9 fl oz",
    "imageName": "6371.jpg",
    "defaultImage": "6371.jpg",
    "updatedTimestamp": "Jan 23, 2021 8:02:30 PM",
    "createdTimestamp": "Jan 23, 2021 8:02:30 PM",
    "isNewlyAdded": false,
    "isActive": true,
    "isDealsEnabled": false,
    "quantity": 0
  },
  {
    "id": 6871,
    "code": "Libby's Easy Pumpkin Pie Mix Pumpkin Pie Mix",
    "desc": "Libby's Easy Pumpkin Pie Mix Pumpkin Pie Mix",
    "shortDesc": "Libby's Easy Pumpkin Pie Mix Pumpkin Pie Mix",
    "tags": [
      "Baking Ingredients"
    ],
    "categories": [
      {
        "code": "Cooking Needs",
        "desc": "Cooking Needs"
      }
    ],
    "subCategories": [
      {
        "code": "Baking & Cooking",
        "desc": "Baking & Cooking"
      }
    ],
    "brands": [
      {
        "code": "Libby's",
        "desc": "Libby's"
      }
    ],
    "price": {
      "basePrice": 3.69,
      "discountPrice": 3.69
    },
    "type": {
      "code": "Baking Ingredients",
      "desc": "Baking Ingredients"
    },
    "weight": "30 oz",
    "UpcCode": "",
    "tax": 0.0,
    "spiceLevel": "",
    "aiselNo": "8",
    "store": "Market Basket",
    "weightType": "30 oz",
    "imageName": "15707.jpg",
    "defaultImage": "15707.jpg",
    "updatedTimestamp": "Jan 23, 2021 8:02:30 PM",
    "createdTimestamp": "Jan 23, 2021 8:02:30 PM",
    "isNewlyAdded": false,
    "isActive": true,
    "isDealsEnabled": false,
    "quantity": 0
  },
  {
    "id": 7932,
    "code": "Campbell's Chunky Sirloin Burger with Country Vegetables Soup Microwavable Bowl",
    "desc": "Campbell's Chunky Sirloin Burger with Country Vegetables Soup Microwavable Bowl",
    "shortDesc": "Campbell's Chunky Sirloin Burger with Country Vegetables Soup Microwavable Bowl",
    "tags": [
      "Soup, Broth & Bouillon"
    ],
    "categories": [
      {
        "code": "Cooking Needs",
        "desc": "Cooking Needs"
      }
    ],
    "subCategories": [
      {
        "code": "Canned Food",
        "desc": "Canned Food"
      }
    ],
    "brands": [
      {
        "code": "Campbell's",
        "desc": "Campbell's"
      }
    ],
    "price": {
      "basePrice": 3.09,
      "discountPrice": 3.09
    },
    "type": {
      "code": "Soup, Broth & Bouillon",
      "desc": "Soup, Broth & Bouillon"
    },
    "weight": "15.25 oz",
    "UpcCode": "",
    "tax": 0.0,
    "spiceLevel": "",
    "aiselNo": "2",
    "store": "Market Basket",
    "weightType": "15.25 oz",
    "imageName": "5351.jpg",
    "defaultImage": "5351.jpg",
    "updatedTimestamp": "Jan 23, 2021 8:02:30 PM",
    "createdTimestamp": "Jan 23, 2021 8:02:30 PM",
    "isNewlyAdded": false,
    "isActive": true,
    "isDealsEnabled": false,
    "quantity": 0
  },
  {
    "id": 3699,
    "code": "Spice World Squeeze Ginger",
    "desc": "Spice World Squeeze Ginger",
    "shortDesc": "Spice World Squeeze Ginger",
    "tags": [
      "Other Special fruits"
    ],
    "categories": [
      {
        "code": "Fresh Produce",
        "desc": "Fresh Produce"
      }
    ],
    "subCategories": [
      {
        "code": "Fresh Fruits",
        "desc": "Fresh Fruits"
      }
    ],
    "brands": [
      {
        "code": "Spice World",
        "desc": "Spice World"
      }
    ],
    "price": {
      "basePrice": 4.93,
      "discountPrice": 4.93
    },
    "type": {
      "code": "Other Special fruits",
      "desc": "Other Special fruits"
    },
    "weight": "10 oz",
    "UpcCode": "",
    "tax": 0.0,
    "spiceLevel": "",
    "aiselNo": "20",
    "store": "Market Basket",
    "weightType": "10 oz",
    "imageName": "14267.jpg",
    "defaultImage": "14267.jpg",
    "updatedTimestamp": "Jan 23, 2021 8:02:30 PM",
    "createdTimestamp": "Jan 23, 2021 8:02:30 PM",
    "isNewlyAdded": false,
    "isActive": true,
    "isDealsEnabled": false,
    "quantity": 0
  },
  {
    "id": 5404,
    "code": "Back to Nature Organic Rosemary & Olive Oil Stoneground Wheat Cracker",
    "desc": "Back to Nature Organic Rosemary & Olive Oil Stoneground Wheat Cracker",
    "shortDesc": "Back to Nature Organic Rosemary & Olive Oil Stoneground Wheat Cracker",
    "tags": [
      "Crackers"
    ],
    "categories": [
      {
        "code": "Chips, Cookies & Snacks",
        "desc": "Chips, Cookies & Snacks"
      }
    ],
    "subCategories": [
      {
        "code": "Cookies & Crackers",
        "desc": "Cookies & Crackers"
      }
    ],
    "brands": [
      {
        "code": "Back to Nature",
        "desc": "Back to Nature"
      }
    ],
    "price": {
      "basePrice": 6.23,
      "discountPrice": 6.23
    },
    "type": {
      "code": "Crackers",
      "desc": "Crackers"
    },
    "weight": "6 oz",
    "UpcCode": "",
    "tax": 0.0,
    "spiceLevel": "",
    "aiselNo": "6",
    "store": "Market Basket",
    "weightType": "6 oz",
    "imageName": "No Image.jpg",
    "defaultImage": "No Image.jpg",
    "updatedTimestamp": "Jan 23, 2021 8:02:30 PM",
    "createdTimestamp": "Jan 23, 2021 8:02:30 PM",
    "isNewlyAdded": false,
    "isActive": true,
    "isDealsEnabled": false,
    "quantity": 0
  },
  {
    "id": 4796,
    "code": "Market Basket Sea Scallops",
    "desc": "Market Basket Sea Scallops",
    "shortDesc": "Market Basket Sea Scallops",
    "tags": [
      "Frozen Fish (All)"
    ],
    "categories": [
      {
        "code": "Meat & Seafood",
        "desc": "Meat & Seafood"
      }
    ],
    "subCategories": [
      {
        "code": "Frozen Meat & Seafood",
        "desc": "Frozen Meat & Seafood"
      }
    ],
    "brands": [
      {
        "code": "Market Basket",
        "desc": "Market Basket"
      }
    ],
    "price": {
      "basePrice": 15.89,
      "discountPrice": 15.89
    },
    "type": {
      "code": "Frozen Fish (All)",
      "desc": "Frozen Fish (All)"
    },
    "weight": "12 oz",
    "UpcCode": "",
    "tax": 0.0,
    "spiceLevel": "",
    "aiselNo": "18",
    "store": "Market Basket",
    "weightType": "12 oz",
    "imageName": "Market Basket.jpg",
    "defaultImage": "Market Basket.jpg",
    "updatedTimestamp": "Jan 23, 2021 8:02:30 PM",
    "createdTimestamp": "Jan 23, 2021 8:02:30 PM",
    "isNewlyAdded": false,
    "isActive": true,
    "isDealsEnabled": false,
    "quantity": 0
  },
  {
    "id": 13835,
    "code": "KozyShack Chocolate Kozy Shack Simply Well Chocolate Pudding",
    "desc": "KozyShack Chocolate Kozy Shack Simply Well Chocolate Pudding",
    "shortDesc": "KozyShack Chocolate Kozy Shack Simply Well Chocolate Pudding",
    "tags": [
      "Refrigerated Pudding & Desserts"
    ],
    "categories": [
      {
        "code": "Breakfast & Dairy",
        "desc": "Breakfast & Dairy"
      }
    ],
    "subCategories": [
      {
        "code": "Dairy & Eggs",
        "desc": "Dairy & Eggs"
      }
    ],
    "brands": [
      {
        "code": "KozyShack",
        "desc": "KozyShack"
      }
    ],
    "price": {
      "basePrice": 3.09,
      "discountPrice": 3.09
    },
    "type": {
      "code": "Refrigerated Pudding & Desserts",
      "desc": "Refrigerated Pudding & Desserts"
    },
    "weight": "4 oz",
    "UpcCode": "",
    "tax": 0.0,
    "spiceLevel": "",
    "aiselNo": "19",
    "store": "Market Basket",
    "weightType": "4 oz",
    "imageName": "824.jpg",
    "defaultImage": "824.jpg",
    "updatedTimestamp": "Jan 23, 2021 8:02:30 PM",
    "createdTimestamp": "Jan 23, 2021 8:02:30 PM",
    "isNewlyAdded": false,
    "isActive": true,
    "isDealsEnabled": false,
    "quantity": 0
  },
  {
    "id": 5989,
    "code": "Master of Mixes Loaded Bloody Mary Mixer",
    "desc": "Master of Mixes Loaded Bloody Mary Mixer",
    "shortDesc": "Master of Mixes Loaded Bloody Mary Mixer",
    "tags": [
      "Cocoa & Drink Mixes"
    ],
    "categories": [
      {
        "code": "Beverages & Juices",
        "desc": "Beverages & Juices"
      }
    ],
    "subCategories": [
      {
        "code": "Cocoa & Drink Mixes",
        "desc": "Cocoa & Drink Mixes"
      }
    ],
    "brands": [
      {
        "code": "Master of Mixes",
        "desc": "Master of Mixes"
      }
    ],
    "price": {
      "basePrice": 7.49,
      "discountPrice": 7.49
    },
    "type": {
      "code": "Cocoa & Drink Mixes",
      "desc": "Cocoa & Drink Mixes"
    },
    "weight": "1.75 L",
    "UpcCode": "",
    "tax": 0.0,
    "spiceLevel": "",
    "aiselNo": "17",
    "store": "Market Basket",
    "weightType": "1.75 L",
    "imageName": "No Image.jpg",
    "defaultImage": "No Image.jpg",
    "updatedTimestamp": "Jan 23, 2021 8:02:29 PM",
    "createdTimestamp": "Jan 23, 2021 8:02:29 PM",
    "isNewlyAdded": false,
    "isActive": true,
    "isDealsEnabled": false,
    "quantity": 0
  },
  {
    "id": 13498,
    "code": "Market Basket Half & Half Creamer",
    "desc": "Market Basket Half & Half Creamer",
    "shortDesc": "Market Basket Half & Half Creamer",
    "tags": [
      "Milk"
    ],
    "categories": [
      {
        "code": "Breakfast & Dairy",
        "desc": "Breakfast & Dairy"
      }
    ],
    "subCategories": [
      {
        "code": "Dairy & Eggs",
        "desc": "Dairy & Eggs"
      }
    ],
    "brands": [
      {
        "code": "Market Basket",
        "desc": "Market Basket"
      }
    ],
    "price": {
      "basePrice": 4.29,
      "discountPrice": 4.29
    },
    "type": {
      "code": "Milk",
      "desc": "Milk"
    },
    "weight": "0.5 gal",
    "UpcCode": "",
    "tax": 0.0,
    "spiceLevel": "",
    "aiselNo": "1",
    "store": "Market Basket",
    "weightType": "0.5 gal",
    "imageName": "Market Basket.jpg",
    "defaultImage": "Market Basket.jpg",
    "updatedTimestamp": "Jan 23, 2021 8:02:30 PM",
    "createdTimestamp": "Jan 23, 2021 8:02:30 PM",
    "isNewlyAdded": false,
    "isActive": true,
    "isDealsEnabled": false,
    "quantity": 0
  },
  {
    "id": 14713,
    "code": "Zest Indulgence Cocoa Butter & Shea Ultra-Moisturizing Creamy Body Wash",
    "desc": "Zest Indulgence Cocoa Butter & Shea Ultra-Moisturizing Creamy Body Wash",
    "shortDesc": "Zest Indulgence Cocoa Butter & Shea Ultra-Moisturizing Creamy Body Wash",
    "tags": [
      "Body Wash"
    ],
    "categories": [
      {
        "code": "Personal Care",
        "desc": "Personal Care"
      }
    ],
    "subCategories": [
      {
        "code": "Body Wash, Soap & Hair Care",
        "desc": "Body Wash, Soap & Hair Care"
      }
    ],
    "brands": [
      {
        "code": "Zest",
        "desc": "Zest"
      }
    ],
    "price": {
      "basePrice": 4.01,
      "discountPrice": 4.01
    },
    "type": {
      "code": "Body Wash",
      "desc": "Body Wash"
    },
    "weight": "16.5 fl oz",
    "UpcCode": "",
    "tax": 1.0,
    "spiceLevel": "",
    "aiselNo": "13",
    "store": "Market Basket",
    "weightType": "16.5 fl oz",
    "imageName": "17753.jpg",
    "defaultImage": "17753.jpg",
    "updatedTimestamp": "Jan 23, 2021 8:02:30 PM",
    "createdTimestamp": "Jan 23, 2021 8:02:30 PM",
    "isNewlyAdded": false,
    "isActive": true,
    "isDealsEnabled": false,
    "quantity": 0
  },
  {
    "id": 192,
    "code": "Weiman Lemon Oil Furniture Polish With UVX-15 Sunscreen",
    "desc": "Weiman Lemon Oil Furniture Polish With UVX-15 Sunscreen",
    "shortDesc": "Weiman Lemon Oil Furniture Polish With UVX-15 Sunscreen",
    "tags": [
      "Other Cleaning Products"
    ],
    "categories": [
      {
        "code": "Kitchen & Cleaning",
        "desc": "Kitchen & Cleaning"
      }
    ],
    "subCategories": [
      {
        "code": "Cleaning Products",
        "desc": "Cleaning Products"
      }
    ],
    "brands": [
      {
        "code": "Weiman",
        "desc": "Weiman"
      }
    ],
    "price": {
      "basePrice": 5.49,
      "discountPrice": 5.49
    },
    "type": {
      "code": "Other Cleaning Products",
      "desc": "Other Cleaning Products"
    },
    "weight": "16 fl oz",
    "UpcCode": "",
    "tax": 1.0,
    "spiceLevel": "",
    "aiselNo": "15",
    "store": "Market Basket",
    "weightType": "16 fl oz",
    "imageName": "4316.jpg",
    "defaultImage": "4316.jpg",
    "updatedTimestamp": "Jan 23, 2021 8:02:30 PM",
    "createdTimestamp": "Jan 23, 2021 8:02:30 PM",
    "isNewlyAdded": false,
    "isActive": true,
    "isDealsEnabled": false,
    "quantity": 0
  },
  {
    "id": 14981,
    "code": "Advil Ibuprofen",
    "desc": "Advil Ibuprofen",
    "shortDesc": "Advil Ibuprofen",
    "tags": [
      "Muscles, Joints & Pain Relief"
    ],
    "categories": [
      {
        "code": "Personal Care",
        "desc": "Personal Care"
      }
    ],
    "subCategories": [
      {
        "code": "First Aid & Healthcare",
        "desc": "First Aid & Healthcare"
      }
    ],
    "brands": [
      {
        "code": "Advil",
        "desc": "Advil"
      }
    ],
    "price": {
      "basePrice": 5.05,
      "discountPrice": 5.05
    },
    "type": {
      "code": "Muscles, Joints & Pain Relief",
      "desc": "Muscles, Joints & Pain Relief"
    },
    "weight": "24 count",
    "UpcCode": "",
    "tax": 1.0,
    "spiceLevel": "",
    "aiselNo": "13",
    "store": "Market Basket",
    "weightType": "24 count",
    "imageName": "6631.jpg",
    "defaultImage": "6631.jpg",
    "updatedTimestamp": "Jan 23, 2021 8:02:30 PM",
    "createdTimestamp": "Jan 23, 2021 8:02:30 PM",
    "isNewlyAdded": false,
    "isActive": true,
    "isDealsEnabled": false,
    "quantity": 0
  },
  {
    "id": 4367,
    "code": "Market Basket Frozen Talipia",
    "desc": "Market Basket Frozen Talipia",
    "shortDesc": "Market Basket Frozen Talipia",
    "tags": [
      "Tilapia"
    ],
    "categories": [
      {
        "code": "Meat & Seafood",
        "desc": "Meat & Seafood"
      }
    ],
    "subCategories": [
      {
        "code": "Meat & Seafood Counter",
        "desc": "Meat & Seafood Counter"
      }
    ],
    "brands": [
      {
        "code": "Market Basket",
        "desc": "Market Basket"
      }
    ],
    "price": {
      "basePrice": 14.59,
      "discountPrice": 14.59
    },
    "type": {
      "code": "Tilapia",
      "desc": "Tilapia"
    },
    "weight": "1 lb",
    "UpcCode": "",
    "tax": 0.0,
    "spiceLevel": "",
    "aiselNo": "22",
    "store": "Market Basket",
    "weightType": "1 lb",
    "imageName": "4070.jpg",
    "defaultImage": "4070.jpg",
    "updatedTimestamp": "Jan 23, 2021 8:02:30 PM",
    "createdTimestamp": "Jan 23, 2021 8:02:30 PM",
    "isNewlyAdded": false,
    "isActive": true,
    "isDealsEnabled": false,
    "quantity": 0
  },
  {
    "id": 4265,
    "code": "Acme Smoked Fish Smoked Nova Salmon Brooklyn Classic",
    "desc": "Acme Smoked Fish Smoked Nova Salmon Brooklyn Classic",
    "shortDesc": "Acme Smoked Fish Smoked Nova Salmon Brooklyn Classic",
    "tags": [
      "Salmon"
    ],
    "categories": [
      {
        "code": "Meat & Seafood",
        "desc": "Meat & Seafood"
      }
    ],
    "subCategories": [
      {
        "code": "Packaged Meat & Seafood",
        "desc": "Packaged Meat & Seafood"
      }
    ],
    "brands": [
      {
        "code": "Acme",
        "desc": "Acme"
      }
    ],
    "price": {
      "basePrice": 18.29,
      "discountPrice": 18.29
    },
    "type": {
      "code": "Salmon",
      "desc": "Salmon"
    },
    "weight": "12 oz",
    "UpcCode": "",
    "tax": 0.0,
    "spiceLevel": "",
    "aiselNo": "22",
    "store": "Market Basket",
    "weightType": "12 oz",
    "imageName": "4132.jpg",
    "defaultImage": "4132.jpg",
    "updatedTimestamp": "Jan 23, 2021 8:02:30 PM",
    "createdTimestamp": "Jan 23, 2021 8:02:30 PM",
    "isNewlyAdded": false,
    "isActive": true,
    "isDealsEnabled": false,
    "quantity": 0
  },
  {
    "id": 15116,
    "code": "Olay Gentle Clean Foaming Face Cleanser, 7.0 oz",
    "desc": "Olay Gentle Clean Foaming Face Cleanser, 7.0 oz",
    "shortDesc": "Olay Gentle Clean Foaming Face Cleanser, 7.0 oz",
    "tags": [
      "Facial Care"
    ],
    "categories": [
      {
        "code": "Personal Care",
        "desc": "Personal Care"
      }
    ],
    "subCategories": [
      {
        "code": "Personal Needs",
        "desc": "Personal Needs"
      }
    ],
    "brands": [
      {
        "code": "Olay",
        "desc": "Olay"
      }
    ],
    "price": {
      "basePrice": 6.66,
      "discountPrice": 6.66
    },
    "type": {
      "code": "Facial Care",
      "desc": "Facial Care"
    },
    "weight": "7 fl oz",
    "UpcCode": "",
    "tax": 1.0,
    "spiceLevel": "",
    "aiselNo": "13",
    "store": "Market Basket",
    "weightType": "7 fl oz",
    "imageName": "6254.jpg",
    "defaultImage": "6254.jpg",
    "updatedTimestamp": "Jan 23, 2021 8:02:30 PM",
    "createdTimestamp": "Jan 23, 2021 8:02:30 PM",
    "isNewlyAdded": false,
    "isActive": true,
    "isDealsEnabled": false,
    "quantity": 0
  },
  {
    "id": 7801,
    "code": "Old El Paso Green Chiles Refried Beans",
    "desc": "Old El Paso Green Chiles Refried Beans",
    "shortDesc": "Old El Paso Green Chiles Refried Beans",
    "tags": [
      "Canned Meals & Beans"
    ],
    "categories": [
      {
        "code": "Cooking Needs",
        "desc": "Cooking Needs"
      }
    ],
    "subCategories": [
      {
        "code": "Canned Food",
        "desc": "Canned Food"
      }
    ],
    "brands": [
      {
        "code": "Old El Paso",
        "desc": "Old El Paso"
      }
    ],
    "price": {
      "basePrice": 1.59,
      "discountPrice": 1.59
    },
    "type": {
      "code": "Canned Meals & Beans",
      "desc": "Canned Meals & Beans"
    },
    "weight": "16 oz",
    "UpcCode": "",
    "tax": 0.0,
    "spiceLevel": "",
    "aiselNo": "2",
    "store": "Market Basket",
    "weightType": "16 oz",
    "imageName": "17140.jpg",
    "defaultImage": "17140.jpg",
    "updatedTimestamp": "Jan 23, 2021 8:02:30 PM",
    "createdTimestamp": "Jan 23, 2021 8:02:30 PM",
    "isNewlyAdded": false,
    "isActive": true,
    "isDealsEnabled": false,
    "quantity": 0
  },
  {
    "id": 6314,
    "code": "Poland Spring Sparkling Water, Lemon Lime",
    "desc": "Poland Spring Sparkling Water, Lemon Lime",
    "shortDesc": "Poland Spring Sparkling Water, Lemon Lime",
    "tags": [
      "Sparkling Water"
    ],
    "categories": [
      {
        "code": "Beverages & Juices",
        "desc": "Beverages & Juices"
      }
    ],
    "subCategories": [
      {
        "code": "Water",
        "desc": "Water"
      }
    ],
    "brands": [
      {
        "code": "Poland Spring",
        "desc": "Poland Spring"
      }
    ],
    "price": {
      "basePrice": 3.74,
      "discountPrice": 3.74
    },
    "type": {
      "code": "Sparkling Water",
      "desc": "Sparkling Water"
    },
    "weight": "8 x 12 fl oz",
    "UpcCode": "",
    "tax": 0.0,
    "spiceLevel": "",
    "aiselNo": "11",
    "store": "Market Basket",
    "weightType": "8 x 12 fl oz",
    "imageName": "No Image.jpg",
    "defaultImage": "No Image.jpg",
    "updatedTimestamp": "Jan 23, 2021 8:02:30 PM",
    "createdTimestamp": "Jan 23, 2021 8:02:30 PM",
    "isNewlyAdded": false,
    "isActive": true,
    "isDealsEnabled": false,
    "quantity": 0
  },
  {
    "id": 14486,
    "code": "STRABUCKS ICED COFFEE DARK ROASTED ROAST bold & robust",
    "desc": "STRABUCKS ICED COFFEE DARK ROASTED ROAST bold & robust",
    "shortDesc": "STRABUCKS ICED COFFEE DARK ROASTED ROAST bold & robust",
    "tags": [
      "Refrigerated Drinks"
    ],
    "categories": [
      {
        "code": "Beverages & Juices",
        "desc": "Beverages & Juices"
      }
    ],
    "subCategories": [
      {
        "code": "Juices & Refrigerated Drinks",
        "desc": "Juices & Refrigerated Drinks"
      }
    ],
    "brands": [
      {
        "code": "StarBucks",
        "desc": "StarBucks"
      }
    ],
    "price": {
      "basePrice": 5.49,
      "discountPrice": 5.49
    },
    "type": {
      "code": "Refrigerated Drinks",
      "desc": "Refrigerated Drinks"
    },
    "weight": "48 fl oz",
    "UpcCode": "",
    "tax": 0.0,
    "spiceLevel": "",
    "aiselNo": "1",
    "store": "Market Basket",
    "weightType": "48 fl oz",
    "imageName": "X815.jpg",
    "defaultImage": "X815.jpg",
    "updatedTimestamp": "Jan 23, 2021 8:02:29 PM",
    "createdTimestamp": "Jan 23, 2021 8:02:29 PM",
    "isNewlyAdded": false,
    "isActive": true,
    "isDealsEnabled": false,
    "quantity": 0
  },
  {
    "id": 5979,
    "code": "Master of Mixes Triple Sec",
    "desc": "Master of Mixes Triple Sec",
    "shortDesc": "Master of Mixes Triple Sec",
    "tags": [
      "Cocoa & Drink Mixes"
    ],
    "categories": [
      {
        "code": "Beverages & Juices",
        "desc": "Beverages & Juices"
      }
    ],
    "subCategories": [
      {
        "code": "Cocoa & Drink Mixes",
        "desc": "Cocoa & Drink Mixes"
      }
    ],
    "brands": [
      {
        "code": "Master of Mixes",
        "desc": "Master of Mixes"
      }
    ],
    "price": {
      "basePrice": 3.74,
      "discountPrice": 3.74
    },
    "type": {
      "code": "Cocoa & Drink Mixes",
      "desc": "Cocoa & Drink Mixes"
    },
    "weight": "375 ml",
    "UpcCode": "",
    "tax": 0.0,
    "spiceLevel": "",
    "aiselNo": "17",
    "store": "Market Basket",
    "weightType": "375 ml",
    "imageName": "No Image.jpg",
    "defaultImage": "No Image.jpg",
    "updatedTimestamp": "Jan 23, 2021 8:02:29 PM",
    "createdTimestamp": "Jan 23, 2021 8:02:29 PM",
    "isNewlyAdded": false,
    "isActive": true,
    "isDealsEnabled": false,
    "quantity": 0
  },
  {
    "id": 7878,
    "code": "Roland White Crab Meat",
    "desc": "Roland White Crab Meat",
    "shortDesc": "Roland White Crab Meat",
    "tags": [
      "Canned Meat & Seafood"
    ],
    "categories": [
      {
        "code": "Cooking Needs",
        "desc": "Cooking Needs"
      }
    ],
    "subCategories": [
      {
        "code": "Canned Food",
        "desc": "Canned Food"
      }
    ],
    "brands": [
      {
        "code": "Roland",
        "desc": "Roland"
      }
    ],
    "price": {
      "basePrice": 4.89,
      "discountPrice": 4.89
    },
    "type": {
      "code": "Canned Meat & Seafood",
      "desc": "Canned Meat & Seafood"
    },
    "weight": "6 oz",
    "UpcCode": "",
    "tax": 0.0,
    "spiceLevel": "",
    "aiselNo": "2",
    "store": "Market Basket",
    "weightType": "6 oz",
    "imageName": "5246.jpg",
    "defaultImage": "5246.jpg",
    "updatedTimestamp": "Jan 23, 2021 8:02:30 PM",
    "createdTimestamp": "Jan 23, 2021 8:02:30 PM",
    "isNewlyAdded": false,
    "isActive": true,
    "isDealsEnabled": false,
    "quantity": 0
  },
  {
    "id": 10145,
    "code": "Magnum Ice Cream Bars Double Chocolate",
    "desc": "Magnum Ice Cream Bars Double Chocolate",
    "shortDesc": "Magnum Ice Cream Bars Double Chocolate",
    "tags": [
      "Ice Cream & Ice"
    ],
    "categories": [
      {
        "code": "Frozen Food",
        "desc": "Frozen Food"
      }
    ],
    "subCategories": [
      {
        "code": "Ice Cream & Ice",
        "desc": "Ice Cream & Ice"
      }
    ],
    "brands": [
      {
        "code": "Magnum",
        "desc": "Magnum"
      }
    ],
    "price": {
      "basePrice": 4.29,
      "discountPrice": 4.29
    },
    "type": {
      "code": "Ice Cream & Ice",
      "desc": "Ice Cream & Ice"
    },
    "weight": "3 count",
    "UpcCode": "",
    "tax": 0.0,
    "spiceLevel": "",
    "aiselNo": "21",
    "store": "Market Basket",
    "weightType": "3 count",
    "imageName": "18011.jpg",
    "defaultImage": "18011.jpg",
    "updatedTimestamp": "Jan 23, 2021 8:02:30 PM",
    "createdTimestamp": "Jan 23, 2021 8:02:30 PM",
    "isNewlyAdded": false,
    "isActive": true,
    "isDealsEnabled": false,
    "quantity": 0
  },
  {
    "id": 6203,
    "code": "7 Up Cherry Box of Cans",
    "desc": "7 Up Cherry Box of Cans",
    "shortDesc": "7 Up Cherry Box of Cans",
    "tags": [
      "Soft Drinks"
    ],
    "categories": [
      {
        "code": "Beverages & Juices",
        "desc": "Beverages & Juices"
      }
    ],
    "subCategories": [
      {
        "code": "Soft Drinks & Seltzers",
        "desc": "Soft Drinks & Seltzers"
      }
    ],
    "brands": [
      {
        "code": "7 up",
        "desc": "7 up"
      }
    ],
    "price": {
      "basePrice": 6.86,
      "discountPrice": 6.86
    },
    "type": {
      "code": "Soft Drinks",
      "desc": "Soft Drinks"
    },
    "weight": "12 x 12 fl oz",
    "UpcCode": "",
    "tax": 0.0,
    "spiceLevel": "",
    "aiselNo": "17",
    "store": "Market Basket",
    "weightType": "12 x 12 fl oz",
    "imageName": "No Image.jpg",
    "defaultImage": "No Image.jpg",
    "updatedTimestamp": "Jan 23, 2021 8:02:30 PM",
    "createdTimestamp": "Jan 23, 2021 8:02:30 PM",
    "isNewlyAdded": false,
    "isActive": true,
    "isDealsEnabled": false,
    "quantity": 0
  },
  {
    "id": 14554,
    "code": "Celestial Seasonings Raspberry Zinger Caffeine Free Herbal Tea",
    "desc": "Celestial Seasonings Raspberry Zinger Caffeine Free Herbal Tea",
    "shortDesc": "Celestial Seasonings Raspberry Zinger Caffeine Free Herbal Tea",
    "tags": [
      "Tea"
    ],
    "categories": [
      {
        "code": "Breakfast & Dairy",
        "desc": "Breakfast & Dairy"
      }
    ],
    "subCategories": [
      {
        "code": "Tea & Coffee",
        "desc": "Tea & Coffee"
      }
    ],
    "brands": [
      {
        "code": "Celestial Seasonings",
        "desc": "Celestial Seasonings"
      }
    ],
    "price": {
      "basePrice": 2.49,
      "discountPrice": 2.49
    },
    "type": {
      "code": "Tea",
      "desc": "Tea"
    },
    "weight": "20 count",
    "UpcCode": "",
    "tax": 0.0,
    "spiceLevel": "",
    "aiselNo": "8",
    "store": "Market Basket",
    "weightType": "20 count",
    "imageName": "3469.jpg",
    "defaultImage": "3469.jpg",
    "updatedTimestamp": "Jan 23, 2021 8:02:30 PM",
    "createdTimestamp": "Jan 23, 2021 8:02:30 PM",
    "isNewlyAdded": false,
    "isActive": true,
    "isDealsEnabled": false,
    "quantity": 0
  },
  {
    "id": 3845,
    "code": "Monterey Mushrooms Whole Organic White Mushrooms",
    "desc": "Monterey Mushrooms Whole Organic White Mushrooms",
    "shortDesc": "Monterey Mushrooms Whole Organic White Mushrooms",
    "tags": [
      "White Mushroom"
    ],
    "categories": [
      {
        "code": "Fresh Produce",
        "desc": "Fresh Produce"
      }
    ],
    "subCategories": [
      {
        "code": "Fresh Organic Vegetables",
        "desc": "Fresh Organic Vegetables"
      }
    ],
    "brands": [
      {
        "code": "Monterey",
        "desc": "Monterey"
      }
    ],
    "price": {
      "basePrice": 3.78,
      "discountPrice": 3.78
    },
    "type": {
      "code": "White Mushroom",
      "desc": "White Mushroom"
    },
    "weight": "8 oz container",
    "UpcCode": "",
    "tax": 0.0,
    "spiceLevel": "",
    "aiselNo": "20",
    "store": "Market Basket",
    "weightType": "8 oz container",
    "imageName": "44.jpg",
    "defaultImage": "44.jpg",
    "updatedTimestamp": "Jan 23, 2021 8:02:30 PM",
    "createdTimestamp": "Jan 23, 2021 8:02:30 PM",
    "isNewlyAdded": false,
    "isActive": true,
    "isDealsEnabled": false,
    "quantity": 0
  },
  {
    "id": 3986,
    "code": "Turnip",
    "desc": "Turnip",
    "shortDesc": "Turnip",
    "tags": [
      "Speciality Produce"
    ],
    "categories": [
      {
        "code": "Fresh Produce",
        "desc": "Fresh Produce"
      }
    ],
    "subCategories": [
      {
        "code": "Fresh Vegetables",
        "desc": "Fresh Vegetables"
      }
    ],
    "brands": [
      {
        "code": "Market Basket",
        "desc": "Market Basket"
      }
    ],
    "price": {
      "basePrice": 0.99,
      "discountPrice": 0.99
    },
    "type": {
      "code": "Speciality Produce",
      "desc": "Speciality Produce"
    },
    "weight": "1 count",
    "UpcCode": "",
    "tax": 0.0,
    "spiceLevel": "",
    "aiselNo": "20",
    "store": "Market Basket",
    "weightType": "1 count",
    "imageName": "14404.jpg",
    "defaultImage": "14404.jpg",
    "updatedTimestamp": "Jan 23, 2021 8:02:30 PM",
    "createdTimestamp": "Jan 23, 2021 8:02:30 PM",
    "isNewlyAdded": false,
    "isActive": true,
    "isDealsEnabled": false,
    "quantity": 0
  },
  {
    "id": 6610,
    "code": "Minute Maid Pure Squeezed Light Calcium & Vitamin D Low Pulp Orange Juice",
    "desc": "Minute Maid Pure Squeezed Light Calcium & Vitamin D Low Pulp Orange Juice",
    "shortDesc": "Minute Maid Pure Squeezed Light Calcium & Vitamin D Low Pulp Orange Juice",
    "tags": [
      "Refrigerated Drinks"
    ],
    "categories": [
      {
        "code": "Beverages & Juices",
        "desc": "Beverages & Juices"
      }
    ],
    "subCategories": [
      {
        "code": "Juices & Refrigerated Drinks",
        "desc": "Juices & Refrigerated Drinks"
      }
    ],
    "brands": [
      {
        "code": "Minute Maid",
        "desc": "Minute Maid"
      }
    ],
    "price": {
      "basePrice": 4.79,
      "discountPrice": 4.79
    },
    "type": {
      "code": "Refrigerated Drinks",
      "desc": "Refrigerated Drinks"
    },
    "weight": "59 oz",
    "UpcCode": "",
    "tax": 0.0,
    "spiceLevel": "",
    "aiselNo": "1",
    "store": "Market Basket",
    "weightType": "59 oz",
    "imageName": "16542.jpg",
    "defaultImage": "16542.jpg",
    "updatedTimestamp": "Jan 23, 2021 8:02:30 PM",
    "createdTimestamp": "Jan 23, 2021 8:02:30 PM",
    "isNewlyAdded": false,
    "isActive": true,
    "isDealsEnabled": false,
    "quantity": 0
  },
  {
    "id": 7454,
    "code": "Goya Sliced Beets",
    "desc": "Goya Sliced Beets",
    "shortDesc": "Goya Sliced Beets",
    "tags": [
      "Canned & Jarred Vegetables"
    ],
    "categories": [
      {
        "code": "Cooking Needs",
        "desc": "Cooking Needs"
      }
    ],
    "subCategories": [
      {
        "code": "Canned Food",
        "desc": "Canned Food"
      }
    ],
    "brands": [
      {
        "code": "Goya",
        "desc": "Goya"
      }
    ],
    "price": {
      "basePrice": 1.29,
      "discountPrice": 1.29
    },
    "type": {
      "code": "Canned & Jarred Vegetables",
      "desc": "Canned & Jarred Vegetables"
    },
    "weight": "15 oz",
    "UpcCode": "",
    "tax": 0.0,
    "spiceLevel": "",
    "aiselNo": "9",
    "store": "Market Basket",
    "weightType": "15 oz",
    "imageName": "5043.jpg",
    "defaultImage": "5043.jpg",
    "updatedTimestamp": "Jan 23, 2021 8:02:30 PM",
    "createdTimestamp": "Jan 23, 2021 8:02:30 PM",
    "isNewlyAdded": false,
    "isActive": true,
    "isDealsEnabled": false,
    "quantity": 0
  },
  {
    "id": 6321,
    "code": "Polar Seltzer Minotaur Mayhem",
    "desc": "Polar Seltzer Minotaur Mayhem",
    "shortDesc": "Polar Seltzer Minotaur Mayhem",
    "tags": [
      "Seltzer"
    ],
    "categories": [
      {
        "code": "Beverages & Juices",
        "desc": "Beverages & Juices"
      }
    ],
    "subCategories": [
      {
        "code": "Soft Drinks & Seltzers",
        "desc": "Soft Drinks & Seltzers"
      }
    ],
    "brands": [
      {
        "code": "Polar",
        "desc": "Polar"
      }
    ],
    "price": {
      "basePrice": 3.74,
      "discountPrice": 3.74
    },
    "type": {
      "code": "Seltzer",
      "desc": "Seltzer"
    },
    "weight": "6 x 8 fl oz",
    "UpcCode": "",
    "tax": 0.0,
    "spiceLevel": "",
    "aiselNo": "11",
    "store": "Market Basket",
    "weightType": "6 x 8 fl oz",
    "imageName": "No Image.jpg",
    "defaultImage": "No Image.jpg",
    "updatedTimestamp": "Jan 23, 2021 8:02:30 PM",
    "createdTimestamp": "Jan 23, 2021 8:02:30 PM",
    "isNewlyAdded": false,
    "isActive": true,
    "isDealsEnabled": false,
    "quantity": 0
  },
  {
    "id": 10203,
    "code": "Popsicle Ice Pops Marvel Avengers",
    "desc": "Popsicle Ice Pops Marvel Avengers",
    "shortDesc": "Popsicle Ice Pops Marvel Avengers",
    "tags": [
      "Ice Cream & Ice"
    ],
    "categories": [
      {
        "code": "Frozen Food",
        "desc": "Frozen Food"
      }
    ],
    "subCategories": [
      {
        "code": "Ice Cream & Ice",
        "desc": "Ice Cream & Ice"
      }
    ],
    "brands": [
      {
        "code": "Popsicle",
        "desc": "Popsicle"
      }
    ],
    "price": {
      "basePrice": 4.39,
      "discountPrice": 4.39
    },
    "type": {
      "code": "Ice Cream & Ice",
      "desc": "Ice Cream & Ice"
    },
    "weight": "18 count",
    "UpcCode": "",
    "tax": 0.0,
    "spiceLevel": "",
    "aiselNo": "21",
    "store": "Market Basket",
    "weightType": "18 count",
    "imageName": "3152.jpg",
    "defaultImage": "3152.jpg",
    "updatedTimestamp": "Jan 23, 2021 8:02:30 PM",
    "createdTimestamp": "Jan 23, 2021 8:02:30 PM",
    "isNewlyAdded": false,
    "isActive": true,
    "isDealsEnabled": false,
    "quantity": 0
  },
  {
    "id": 4417,
    "code": "Busseto Foods Perfect For Pizza, Pastas And Omelets!",
    "desc": "Busseto Foods Perfect For Pizza, Pastas And Omelets!",
    "shortDesc": "Busseto Foods Perfect For Pizza, Pastas And Omelets!",
    "tags": [
      "Hot Dogs"
    ],
    "categories": [
      {
        "code": "Meat & Seafood",
        "desc": "Meat & Seafood"
      }
    ],
    "subCategories": [
      {
        "code": "Hot Dogs, Bacon & Sausage",
        "desc": "Hot Dogs, Bacon & Sausage"
      }
    ],
    "brands": [
      {
        "code": "Busseto Foods",
        "desc": "Busseto Foods"
      }
    ],
    "price": {
      "basePrice": 3.69,
      "discountPrice": 3.69
    },
    "type": {
      "code": "Hot Dogs",
      "desc": "Hot Dogs"
    },
    "weight": "5 oz",
    "UpcCode": "",
    "tax": 0.0,
    "spiceLevel": "",
    "aiselNo": "1",
    "store": "Market Basket",
    "weightType": "5 oz",
    "imageName": "No Image.jpg",
    "defaultImage": "No Image.jpg",
    "updatedTimestamp": "Jan 23, 2021 8:02:30 PM",
    "createdTimestamp": "Jan 23, 2021 8:02:30 PM",
    "isNewlyAdded": false,
    "isActive": true,
    "isDealsEnabled": false,
    "quantity": 0
  },
  {
    "id": 6478,
    "code": "River Queen Salted Premium Mixed Nuts",
    "desc": "River Queen Salted Premium Mixed Nuts",
    "shortDesc": "River Queen Salted Premium Mixed Nuts",
    "tags": [
      "Nuts, Seeds & Dried Fruit"
    ],
    "categories": [
      {
        "code": "Chips, Cookies & Snacks",
        "desc": "Chips, Cookies & Snacks"
      }
    ],
    "subCategories": [
      {
        "code": "Nuts, Seeds & Dried Fruit",
        "desc": "Nuts, Seeds & Dried Fruit"
      }
    ],
    "brands": [
      {
        "code": "River Queen",
        "desc": "River Queen"
      }
    ],
    "price": {
      "basePrice": 6.24,
      "discountPrice": 6.24
    },
    "type": {
      "code": "Nuts, Seeds & Dried Fruit",
      "desc": "Nuts, Seeds & Dried Fruit"
    },
    "weight": "13 oz",
    "UpcCode": "",
    "tax": 0.0,
    "spiceLevel": "",
    "aiselNo": "6",
    "store": "Market Basket",
    "weightType": "13 oz",
    "imageName": "No Image.jpg",
    "defaultImage": "No Image.jpg",
    "updatedTimestamp": "Jan 23, 2021 8:02:30 PM",
    "createdTimestamp": "Jan 23, 2021 8:02:30 PM",
    "isNewlyAdded": false,
    "isActive": true,
    "isDealsEnabled": false,
    "quantity": 0
  },
  {
    "id": 6458,
    "code": "Epic Beef Bar",
    "desc": "Epic Beef Bar",
    "shortDesc": "Epic Beef Bar",
    "tags": [
      "Jerky"
    ],
    "categories": [
      {
        "code": "Chips, Cookies & Snacks",
        "desc": "Chips, Cookies & Snacks"
      }
    ],
    "subCategories": [
      {
        "code": "Jerkies",
        "desc": "Jerkies"
      }
    ],
    "brands": [
      {
        "code": "Epic",
        "desc": "Epic"
      }
    ],
    "price": {
      "basePrice": 3.11,
      "discountPrice": 3.11
    },
    "type": {
      "code": "Jerky",
      "desc": "Jerky"
    },
    "weight": "1.5 oz",
    "UpcCode": "",
    "tax": 0.0,
    "spiceLevel": "",
    "aiselNo": "6",
    "store": "Market Basket",
    "weightType": "1.5 oz",
    "imageName": "No Image.jpg",
    "defaultImage": "No Image.jpg",
    "updatedTimestamp": "Jan 23, 2021 8:02:30 PM",
    "createdTimestamp": "Jan 23, 2021 8:02:30 PM",
    "isNewlyAdded": false,
    "isActive": true,
    "isDealsEnabled": false,
    "quantity": 0
  },
  {
    "id": 4781,
    "code": "Market Basket 26 30 Per Pound Shell On Extra Large Shrimp",
    "desc": "Market Basket 26 30 Per Pound Shell On Extra Large Shrimp",
    "shortDesc": "Market Basket 26 30 Per Pound Shell On Extra Large Shrimp",
    "tags": [
      "Frozen Shrimp"
    ],
    "categories": [
      {
        "code": "Meat & Seafood",
        "desc": "Meat & Seafood"
      }
    ],
    "subCategories": [
      {
        "code": "Frozen Meat & Seafood",
        "desc": "Frozen Meat & Seafood"
      }
    ],
    "brands": [
      {
        "code": "Market Basket",
        "desc": "Market Basket"
      }
    ],
    "price": {
      "basePrice": 24.39,
      "discountPrice": 24.39
    },
    "type": {
      "code": "Frozen Shrimp",
      "desc": "Frozen Shrimp"
    },
    "weight": "16 oz",
    "UpcCode": "",
    "tax": 0.0,
    "spiceLevel": "",
    "aiselNo": "18",
    "store": "Market Basket",
    "weightType": "16 oz",
    "imageName": "Market Basket.jpg",
    "defaultImage": "Market Basket.jpg",
    "updatedTimestamp": "Jan 23, 2021 8:02:30 PM",
    "createdTimestamp": "Jan 23, 2021 8:02:30 PM",
    "isNewlyAdded": false,
    "isActive": true,
    "isDealsEnabled": false,
    "quantity": 0
  },
  {
    "id": 14976,
    "code": "Advil Ibuprofen",
    "desc": "Advil Ibuprofen",
    "shortDesc": "Advil Ibuprofen",
    "tags": [
      "Muscles, Joints & Pain Relief"
    ],
    "categories": [
      {
        "code": "Personal Care",
        "desc": "Personal Care"
      }
    ],
    "subCategories": [
      {
        "code": "First Aid & Healthcare",
        "desc": "First Aid & Healthcare"
      }
    ],
    "brands": [
      {
        "code": "Advil",
        "desc": "Advil"
      }
    ],
    "price": {
      "basePrice": 11.26,
      "discountPrice": 11.26
    },
    "type": {
      "code": "Muscles, Joints & Pain Relief",
      "desc": "Muscles, Joints & Pain Relief"
    },
    "weight": "40 count",
    "UpcCode": "",
    "tax": 1.0,
    "spiceLevel": "",
    "aiselNo": "13",
    "store": "Market Basket",
    "weightType": "40 count",
    "imageName": "6621.jpg",
    "defaultImage": "6621.jpg",
    "updatedTimestamp": "Jan 23, 2021 8:02:30 PM",
    "createdTimestamp": "Jan 23, 2021 8:02:30 PM",
    "isNewlyAdded": false,
    "isActive": true,
    "isDealsEnabled": false,
    "quantity": 0
  },
  {
    "id": 9362,
    "code": "Pepperidge Farm Frozen Rich Golden Layer Cake",
    "desc": "Pepperidge Farm Frozen Rich Golden Layer Cake",
    "shortDesc": "Pepperidge Farm Frozen Rich Golden Layer Cake",
    "tags": [
      "Frozen Dessert"
    ],
    "categories": [
      {
        "code": "Frozen Food",
        "desc": "Frozen Food"
      }
    ],
    "subCategories": [
      {
        "code": "Frozen Dessert",
        "desc": "Frozen Dessert"
      }
    ],
    "brands": [
      {
        "code": "Pepperidge Farm",
        "desc": "Pepperidge Farm"
      }
    ],
    "price": {
      "basePrice": 3.69,
      "discountPrice": 3.69
    },
    "type": {
      "code": "Frozen Dessert",
      "desc": "Frozen Dessert"
    },
    "weight": "19.6 oz",
    "UpcCode": "",
    "tax": 0.0,
    "spiceLevel": "",
    "aiselNo": "19",
    "store": "Market Basket",
    "weightType": "19.6 oz",
    "imageName": "2959.jpg",
    "defaultImage": "2959.jpg",
    "updatedTimestamp": "Jan 23, 2021 8:02:30 PM",
    "createdTimestamp": "Jan 23, 2021 8:02:30 PM",
    "isNewlyAdded": false,
    "isActive": true,
    "isDealsEnabled": false,
    "quantity": 0
  },
  {
    "id": 3866,
    "code": "Jackfruit",
    "desc": "Jackfruit",
    "shortDesc": "Jackfruit",
    "tags": [
      "Jackfruit"
    ],
    "categories": [
      {
        "code": "Fresh Produce",
        "desc": "Fresh Produce"
      }
    ],
    "subCategories": [
      {
        "code": "Fresh Vegetables",
        "desc": "Fresh Vegetables"
      }
    ],
    "brands": [
      {
        "code": "Market Basket",
        "desc": "Market Basket"
      }
    ],
    "price": {
      "basePrice": 3.29,
      "discountPrice": 3.29
    },
    "type": {
      "code": "Jackfruit",
      "desc": "Jackfruit"
    },
    "weight": "1 lb",
    "UpcCode": "",
    "tax": 0.0,
    "spiceLevel": "",
    "aiselNo": "20",
    "store": "Market Basket",
    "weightType": "1 lb",
    "imageName": "f207.jpg",
    "defaultImage": "f207.jpg",
    "updatedTimestamp": "Jan 23, 2021 8:02:30 PM",
    "createdTimestamp": "Jan 23, 2021 8:02:30 PM",
    "isNewlyAdded": false,
    "isActive": true,
    "isDealsEnabled": false,
    "quantity": 0
  },
  {
    "id": 13963,
    "code": "Market Basket Shaved Parmesan Cheese",
    "desc": "Market Basket Shaved Parmesan Cheese",
    "shortDesc": "Market Basket Shaved Parmesan Cheese",
    "tags": [
      "Specialty Cheeses"
    ],
    "categories": [
      {
        "code": "Breakfast & Dairy",
        "desc": "Breakfast & Dairy"
      }
    ],
    "subCategories": [
      {
        "code": "Dairy & Eggs",
        "desc": "Dairy & Eggs"
      }
    ],
    "brands": [
      {
        "code": "Market Basket",
        "desc": "Market Basket"
      }
    ],
    "price": {
      "basePrice": 6.09,
      "discountPrice": 6.09
    },
    "type": {
      "code": "Specialty Cheeses",
      "desc": "Specialty Cheeses"
    },
    "weight": "12 oz",
    "UpcCode": "",
    "tax": 0.0,
    "spiceLevel": "",
    "aiselNo": "1",
    "store": "Market Basket",
    "weightType": "12 oz",
    "imageName": "Market Basket.jpg",
    "defaultImage": "Market Basket.jpg",
    "updatedTimestamp": "Jan 23, 2021 8:02:30 PM",
    "createdTimestamp": "Jan 23, 2021 8:02:30 PM",
    "isNewlyAdded": false,
    "isActive": true,
    "isDealsEnabled": false,
    "quantity": 0
  },
  {
    "id": 6985,
    "code": "Jell O Sugar Free Fat Free Cheesecake Instant Reduced Calorie Pudding & Pie Filling Mix",
    "desc": "Jell O Sugar Free Fat Free Cheesecake Instant Reduced Calorie Pudding & Pie Filling Mix",
    "shortDesc": "Jell O Sugar Free Fat Free Cheesecake Instant Reduced Calorie Pudding & Pie Filling Mix",
    "tags": [
      "Doughs, Gelatins & Bake Mixes"
    ],
    "categories": [
      {
        "code": "Cooking Needs",
        "desc": "Cooking Needs"
      }
    ],
    "subCategories": [
      {
        "code": "Baking & Cooking",
        "desc": "Baking & Cooking"
      }
    ],
    "brands": [
      {
        "code": "Jell-O",
        "desc": "Jell-O"
      }
    ],
    "price": {
      "basePrice": 1.09,
      "discountPrice": 1.09
    },
    "type": {
      "code": "Doughs, Gelatins & Bake Mixes",
      "desc": "Doughs, Gelatins & Bake Mixes"
    },
    "weight": "1 oz",
    "UpcCode": "",
    "tax": 0.0,
    "spiceLevel": "",
    "aiselNo": "8",
    "store": "Market Basket",
    "weightType": "1 oz",
    "imageName": "2064.jpg",
    "defaultImage": "2064.jpg",
    "updatedTimestamp": "Jan 23, 2021 8:02:30 PM",
    "createdTimestamp": "Jan 23, 2021 8:02:30 PM",
    "isNewlyAdded": false,
    "isActive": true,
    "isDealsEnabled": false,
    "quantity": 0
  },
  {
    "id": 10445,
    "code": "RiceSelect Royal Blend with Red Quinoa Rice",
    "desc": "RiceSelect Royal Blend with Red Quinoa Rice",
    "shortDesc": "RiceSelect Royal Blend with Red Quinoa Rice",
    "tags": [
      "Grains, Rice & Dried Goods"
    ],
    "categories": [
      {
        "code": "Cooking Needs",
        "desc": "Cooking Needs"
      }
    ],
    "subCategories": [
      {
        "code": "Rice & Grains",
        "desc": "Rice & Grains"
      }
    ],
    "brands": [
      {
        "code": "Royal",
        "desc": "Royal"
      }
    ],
    "price": {
      "basePrice": 9.19,
      "discountPrice": 9.19
    },
    "type": {
      "code": "Grains, Rice & Dried Goods",
      "desc": "Grains, Rice & Dried Goods"
    },
    "weight": "28 oz",
    "UpcCode": "",
    "tax": 0.0,
    "spiceLevel": "",
    "aiselNo": "4",
    "store": "Market Basket",
    "weightType": "28 oz",
    "imageName": "5865.jpg",
    "defaultImage": "5865.jpg",
    "updatedTimestamp": "Jan 23, 2021 8:02:30 PM",
    "createdTimestamp": "Jan 23, 2021 8:02:30 PM",
    "isNewlyAdded": false,
    "isActive": true,
    "isDealsEnabled": false,
    "quantity": 0
  },
  {
    "id": 5135,
    "code": "Pepperidge Farm Verona Apricot Raspberry",
    "desc": "Pepperidge Farm Verona Apricot Raspberry",
    "shortDesc": "Pepperidge Farm Verona Apricot Raspberry",
    "tags": [
      "Cookies & Cakes"
    ],
    "categories": [
      {
        "code": "Chips, Cookies & Snacks",
        "desc": "Chips, Cookies & Snacks"
      }
    ],
    "subCategories": [
      {
        "code": "Cookies & Crackers",
        "desc": "Cookies & Crackers"
      }
    ],
    "brands": [
      {
        "code": "Pepperidge Farm",
        "desc": "Pepperidge Farm"
      }
    ],
    "price": {
      "basePrice": 4.69,
      "discountPrice": 4.69
    },
    "type": {
      "code": "Cookies & Cakes",
      "desc": "Cookies & Cakes"
    },
    "weight": "6.75 oz",
    "UpcCode": "",
    "tax": 0.0,
    "spiceLevel": "",
    "aiselNo": "6",
    "store": "Market Basket",
    "weightType": "6.75 oz",
    "imageName": "No Image.jpg",
    "defaultImage": "No Image.jpg",
    "updatedTimestamp": "Jan 23, 2021 8:02:30 PM",
    "createdTimestamp": "Jan 23, 2021 8:02:30 PM",
    "isNewlyAdded": false,
    "isActive": true,
    "isDealsEnabled": false,
    "quantity": 0
  },
  {
    "id": 4100,
    "code": "Market Basket Ground Veal",
    "desc": "Market Basket Ground Veal",
    "shortDesc": "Market Basket Ground Veal",
    "tags": [
      "Beef"
    ],
    "categories": [
      {
        "code": "Meat & Seafood",
        "desc": "Meat & Seafood"
      }
    ],
    "subCategories": [
      {
        "code": "Meat & Seafood Counter",
        "desc": "Meat & Seafood Counter"
      }
    ],
    "brands": [
      {
        "code": "Market Basket",
        "desc": "Market Basket"
      }
    ],
    "price": {
      "basePrice": 9.0,
      "discountPrice": 9.0
    },
    "type": {
      "code": "Beef",
      "desc": "Beef"
    },
    "weight": "Approx: 1.06 lb at $8.49/lb",
    "UpcCode": "",
    "tax": 0.0,
    "spiceLevel": "",
    "aiselNo": "22",
    "store": "Market Basket",
    "weightType": "Approx: 1.06 lb at $8.49/lb",
    "imageName": "Market Basket.jpg",
    "defaultImage": "Market Basket.jpg",
    "updatedTimestamp": "Jan 23, 2021 8:02:30 PM",
    "createdTimestamp": "Jan 23, 2021 8:02:30 PM",
    "isNewlyAdded": false,
    "isActive": true,
    "isDealsEnabled": false,
    "quantity": 0
  },
  {
    "id": 3946,
    "code": "Terrific Trio Mini Potatoes",
    "desc": "Terrific Trio Mini Potatoes",
    "shortDesc": "Terrific Trio Mini Potatoes",
    "tags": [
      "Potato"
    ],
    "categories": [
      {
        "code": "Fresh Produce",
        "desc": "Fresh Produce"
      }
    ],
    "subCategories": [
      {
        "code": "Fresh Vegetables",
        "desc": "Fresh Vegetables"
      }
    ],
    "brands": [
      {
        "code": "Little Potato Company",
        "desc": "Little Potato Company"
      }
    ],
    "price": {
      "basePrice": 6.04,
      "discountPrice": 6.04
    },
    "type": {
      "code": "Potato",
      "desc": "Potato"
    },
    "weight": "1.5 lb",
    "UpcCode": "",
    "tax": 0.0,
    "spiceLevel": "",
    "aiselNo": "20",
    "store": "Market Basket",
    "weightType": "1.5 lb",
    "imageName": "No Image.jpg",
    "defaultImage": "No Image.jpg",
    "updatedTimestamp": "Jan 23, 2021 8:02:30 PM",
    "createdTimestamp": "Jan 23, 2021 8:02:30 PM",
    "isNewlyAdded": false,
    "isActive": true,
    "isDealsEnabled": false,
    "quantity": 0
  },
  {
    "id": 6656,
    "code": "Sambazon Energy Superfood Juice Blend Acai Berry + Yerba Mate + Guarana",
    "desc": "Sambazon Energy Superfood Juice Blend Acai Berry + Yerba Mate + Guarana",
    "shortDesc": "Sambazon Energy Superfood Juice Blend Acai Berry + Yerba Mate + Guarana",
    "tags": [
      "Refrigerated Drinks"
    ],
    "categories": [
      {
        "code": "Beverages & Juices",
        "desc": "Beverages & Juices"
      }
    ],
    "subCategories": [
      {
        "code": "Juices & Refrigerated Drinks",
        "desc": "Juices & Refrigerated Drinks"
      }
    ],
    "brands": [
      {
        "code": "Sambazon",
        "desc": "Sambazon"
      }
    ],
    "price": {
      "basePrice": 7.39,
      "discountPrice": 7.39
    },
    "type": {
      "code": "Refrigerated Drinks",
      "desc": "Refrigerated Drinks"
    },
    "weight": "33.8 fl oz",
    "UpcCode": "",
    "tax": 0.0,
    "spiceLevel": "",
    "aiselNo": "1",
    "store": "Market Basket",
    "weightType": "33.8 fl oz",
    "imageName": "16514.jpg",
    "defaultImage": "16514.jpg",
    "updatedTimestamp": "Jan 23, 2021 8:02:30 PM",
    "createdTimestamp": "Jan 23, 2021 8:02:30 PM",
    "isNewlyAdded": false,
    "isActive": true,
    "isDealsEnabled": false,
    "quantity": 0
  },
  {
    "id": 14919,
    "code": "U by Kotex - Super Premium Super ABS Premium Tampons Sleek",
    "desc": "U by Kotex - Super Premium Super ABS Premium Tampons Sleek",
    "shortDesc": "U by Kotex - Super Premium Super ABS Premium Tampons Sleek",
    "tags": [
      "Tampon"
    ],
    "categories": [
      {
        "code": "Personal Care",
        "desc": "Personal Care"
      }
    ],
    "subCategories": [
      {
        "code": "Feminine Care",
        "desc": "Feminine Care"
      }
    ],
    "brands": [
      {
        "code": "U by Kotex",
        "desc": "U by Kotex"
      }
    ],
    "price": {
      "basePrice": 6.2,
      "discountPrice": 6.2
    },
    "type": {
      "code": "Tampon",
      "desc": "Tampon"
    },
    "weight": "18 count",
    "UpcCode": "",
    "tax": 1.0,
    "spiceLevel": "",
    "aiselNo": "13",
    "store": "Market Basket",
    "weightType": "18 count",
    "imageName": "6518.jpg",
    "defaultImage": "6518.jpg",
    "updatedTimestamp": "Jan 23, 2021 8:02:30 PM",
    "createdTimestamp": "Jan 23, 2021 8:02:30 PM",
    "isNewlyAdded": false,
    "isActive": true,
    "isDealsEnabled": false,
    "quantity": 0
  },
  {
    "id": 5374,
    "code": "Kinnikinnick Kinnitoos Vanilla Sandwich Creme Cookies",
    "desc": "Kinnikinnick Kinnitoos Vanilla Sandwich Creme Cookies",
    "shortDesc": "Kinnikinnick Kinnitoos Vanilla Sandwich Creme Cookies",
    "tags": [
      "Cookies & Cakes"
    ],
    "categories": [
      {
        "code": "Chips, Cookies & Snacks",
        "desc": "Chips, Cookies & Snacks"
      }
    ],
    "subCategories": [
      {
        "code": "Cookies & Crackers",
        "desc": "Cookies & Crackers"
      }
    ],
    "brands": [
      {
        "code": "Kinnikinnick",
        "desc": "Kinnikinnick"
      }
    ],
    "price": {
      "basePrice": 6.23,
      "discountPrice": 6.23
    },
    "type": {
      "code": "Cookies & Cakes",
      "desc": "Cookies & Cakes"
    },
    "weight": "8 oz",
    "UpcCode": "",
    "tax": 0.0,
    "spiceLevel": "",
    "aiselNo": "6",
    "store": "Market Basket",
    "weightType": "8 oz",
    "imageName": "No Image.jpg",
    "defaultImage": "No Image.jpg",
    "updatedTimestamp": "Jan 23, 2021 8:02:30 PM",
    "createdTimestamp": "Jan 23, 2021 8:02:30 PM",
    "isNewlyAdded": false,
    "isActive": true,
    "isDealsEnabled": false,
    "quantity": 0
  },
  {
    "id": 9774,
    "code": "Birds Eye Steamfresh Chef's Favorites Lightly Sauced Broccoli, Cauliflower, Carrots with Cheese Sauce",
    "desc": "Birds Eye Steamfresh Chef's Favorites Lightly Sauced Broccoli, Cauliflower, Carrots with Cheese Sauce",
    "shortDesc": "Birds Eye Steamfresh Chef's Favorites Lightly Sauced Broccoli, Cauliflower, Carrots with Cheese Sauce",
    "tags": [
      "Frozen Produce"
    ],
    "categories": [
      {
        "code": "Frozen Food",
        "desc": "Frozen Food"
      }
    ],
    "subCategories": [
      {
        "code": "Frozen Produce",
        "desc": "Frozen Produce"
      }
    ],
    "brands": [
      {
        "code": "Birds Eye",
        "desc": "Birds Eye"
      }
    ],
    "price": {
      "basePrice": 2.09,
      "discountPrice": 2.09
    },
    "type": {
      "code": "Frozen Produce",
      "desc": "Frozen Produce"
    },
    "weight": "12 oz",
    "UpcCode": "",
    "tax": 0.0,
    "spiceLevel": "",
    "aiselNo": "19",
    "store": "Market Basket",
    "weightType": "12 oz",
    "imageName": "2433.jpg",
    "defaultImage": "2433.jpg",
    "updatedTimestamp": "Jan 23, 2021 8:02:30 PM",
    "createdTimestamp": "Jan 23, 2021 8:02:30 PM",
    "isNewlyAdded": false,
    "isActive": true,
    "isDealsEnabled": false,
    "quantity": 0
  },
  {
    "id": 8080,
    "code": "Nongshim Bowl Noodle Soup Spicy Chicken",
    "desc": "Nongshim Bowl Noodle Soup Spicy Chicken",
    "shortDesc": "Nongshim Bowl Noodle Soup Spicy Chicken",
    "tags": [
      "Soup, Broth & Bouillon"
    ],
    "categories": [
      {
        "code": "Cooking Needs",
        "desc": "Cooking Needs"
      }
    ],
    "subCategories": [
      {
        "code": "Canned Food",
        "desc": "Canned Food"
      }
    ],
    "brands": [
      {
        "code": "Nongshim",
        "desc": "Nongshim"
      }
    ],
    "price": {
      "basePrice": 1.29,
      "discountPrice": 1.29
    },
    "type": {
      "code": "Soup, Broth & Bouillon",
      "desc": "Soup, Broth & Bouillon"
    },
    "weight": "3.03 oz",
    "UpcCode": "",
    "tax": 0.0,
    "spiceLevel": "",
    "aiselNo": "2",
    "store": "Market Basket",
    "weightType": "3.03 oz",
    "imageName": "17190.jpg",
    "defaultImage": "17190.jpg",
    "updatedTimestamp": "Jan 23, 2021 8:02:30 PM",
    "createdTimestamp": "Jan 23, 2021 8:02:30 PM",
    "isNewlyAdded": false,
    "isActive": true,
    "isDealsEnabled": false,
    "quantity": 0
  },
  {
    "id": 6897,
    "code": "Onofrio's Harvest Medley",
    "desc": "Onofrio's Harvest Medley",
    "shortDesc": "Onofrio's Harvest Medley",
    "tags": [
      "Baking Ingredients"
    ],
    "categories": [
      {
        "code": "Cooking Needs",
        "desc": "Cooking Needs"
      }
    ],
    "subCategories": [
      {
        "code": "Baking & Cooking",
        "desc": "Baking & Cooking"
      }
    ],
    "brands": [
      {
        "code": "Onofrio's",
        "desc": "Onofrio's"
      }
    ],
    "price": {
      "basePrice": 4.89,
      "discountPrice": 4.89
    },
    "type": {
      "code": "Baking Ingredients",
      "desc": "Baking Ingredients"
    },
    "weight": "16 oz",
    "UpcCode": "",
    "tax": 0.0,
    "spiceLevel": "",
    "aiselNo": "8",
    "store": "Market Basket",
    "weightType": "16 oz",
    "imageName": "No Image.jpg",
    "defaultImage": "No Image.jpg",
    "updatedTimestamp": "Jan 23, 2021 8:02:30 PM",
    "createdTimestamp": "Jan 23, 2021 8:02:30 PM",
    "isNewlyAdded": false,
    "isActive": true,
    "isDealsEnabled": false,
    "quantity": 0
  },
  {
    "id": 6046,
    "code": "Kool Aid Orange",
    "desc": "Kool Aid Orange",
    "shortDesc": "Kool Aid Orange",
    "tags": [
      "Juice & Nectars"
    ],
    "categories": [
      {
        "code": "Beverages & Juices",
        "desc": "Beverages & Juices"
      }
    ],
    "subCategories": [
      {
        "code": "Juices & Refrigerated Drinks",
        "desc": "Juices & Refrigerated Drinks"
      }
    ],
    "brands": [
      {
        "code": "Kool-Aid",
        "desc": "Kool-Aid"
      }
    ],
    "price": {
      "basePrice": 3.36,
      "discountPrice": 3.36
    },
    "type": {
      "code": "Juice & Nectars",
      "desc": "Juice & Nectars"
    },
    "weight": "19 oz",
    "UpcCode": "",
    "tax": 0.0,
    "spiceLevel": "",
    "aiselNo": "17",
    "store": "Market Basket",
    "weightType": "19 oz",
    "imageName": "No Image.jpg",
    "defaultImage": "No Image.jpg",
    "updatedTimestamp": "Jan 23, 2021 8:02:29 PM",
    "createdTimestamp": "Jan 23, 2021 8:02:29 PM",
    "isNewlyAdded": false,
    "isActive": true,
    "isDealsEnabled": false,
    "quantity": 0
  },
  {
    "id": 7461,
    "code": "Green Giant SteamCrisp Niblets Whole Kernel Sweet Corn",
    "desc": "Green Giant SteamCrisp Niblets Whole Kernel Sweet Corn",
    "shortDesc": "Green Giant SteamCrisp Niblets Whole Kernel Sweet Corn",
    "tags": [
      "Canned & Jarred Vegetables"
    ],
    "categories": [
      {
        "code": "Cooking Needs",
        "desc": "Cooking Needs"
      }
    ],
    "subCategories": [
      {
        "code": "Canned Food",
        "desc": "Canned Food"
      }
    ],
    "brands": [
      {
        "code": "Green Giant",
        "desc": "Green Giant"
      }
    ],
    "price": {
      "basePrice": 1.09,
      "discountPrice": 1.09
    },
    "type": {
      "code": "Canned & Jarred Vegetables",
      "desc": "Canned & Jarred Vegetables"
    },
    "weight": "11 oz",
    "UpcCode": "",
    "tax": 0.0,
    "spiceLevel": "",
    "aiselNo": "9",
    "store": "Market Basket",
    "weightType": "11 oz",
    "imageName": "5087.jpg",
    "defaultImage": "5087.jpg",
    "updatedTimestamp": "Jan 23, 2021 8:02:30 PM",
    "createdTimestamp": "Jan 23, 2021 8:02:30 PM",
    "isNewlyAdded": false,
    "isActive": true,
    "isDealsEnabled": false,
    "quantity": 0
  },
  {
    "id": 6377,
    "code": "Polar Original Sparkling Water",
    "desc": "Polar Original Sparkling Water",
    "shortDesc": "Polar Original Sparkling Water",
    "tags": [
      "Sparkling Water"
    ],
    "categories": [
      {
        "code": "Beverages & Juices",
        "desc": "Beverages & Juices"
      }
    ],
    "subCategories": [
      {
        "code": "Water",
        "desc": "Water"
      }
    ],
    "brands": [
      {
        "code": "Polar",
        "desc": "Polar"
      }
    ],
    "price": {
      "basePrice": 1.24,
      "discountPrice": 1.24
    },
    "type": {
      "code": "Sparkling Water",
      "desc": "Sparkling Water"
    },
    "weight": "1 L",
    "UpcCode": "",
    "tax": 0.0,
    "spiceLevel": "",
    "aiselNo": "11",
    "store": "Market Basket",
    "weightType": "1 L",
    "imageName": "No Image.jpg",
    "defaultImage": "No Image.jpg",
    "updatedTimestamp": "Jan 23, 2021 8:02:30 PM",
    "createdTimestamp": "Jan 23, 2021 8:02:30 PM",
    "isNewlyAdded": false,
    "isActive": true,
    "isDealsEnabled": false,
    "quantity": 0
  },
  {
    "id": 521,
    "code": "Arm & Hammer Clean& Simple Laundry Detergent Crisp Clean",
    "desc": "Arm & Hammer Clean& Simple Laundry Detergent Crisp Clean",
    "shortDesc": "Arm & Hammer Clean& Simple Laundry Detergent Crisp Clean",
    "tags": [
      "Laundry Detergent"
    ],
    "categories": [
      {
        "code": "Laundry & Paper Goods",
        "desc": "Laundry & Paper Goods"
      }
    ],
    "subCategories": [
      {
        "code": "Laundry",
        "desc": "Laundry"
      }
    ],
    "brands": [
      {
        "code": "Arm & Hammer",
        "desc": "Arm & Hammer"
      }
    ],
    "price": {
      "basePrice": 9.99,
      "discountPrice": 9.99
    },
    "type": {
      "code": "Laundry Detergent",
      "desc": "Laundry Detergent"
    },
    "weight": "122.5 fl oz",
    "UpcCode": "",
    "tax": 1.0,
    "spiceLevel": "",
    "aiselNo": "15",
    "store": "Market Basket",
    "weightType": "122.5 fl oz",
    "imageName": "No Image.jpg",
    "defaultImage": "No Image.jpg",
    "updatedTimestamp": "Jan 23, 2021 8:02:30 PM",
    "createdTimestamp": "Jan 23, 2021 8:02:30 PM",
    "isNewlyAdded": false,
    "isActive": true,
    "isDealsEnabled": false,
    "quantity": 0
  },
  {
    "id": 7283,
    "code": "McCormick GourmetÃ¢âÂ¢ Coriander Seed",
    "desc": "McCormick GourmetÃ¢âÂ¢ Coriander Seed",
    "shortDesc": "McCormick GourmetÃ¢âÂ¢ Coriander Seed",
    "tags": [
      "Spices & Seasonings"
    ],
    "categories": [
      {
        "code": "Cooking Needs",
        "desc": "Cooking Needs"
      }
    ],
    "subCategories": [
      {
        "code": "Spices & Seasonings",
        "desc": "Spices & Seasonings"
      }
    ],
    "brands": [
      {
        "code": "McCormick",
        "desc": "McCormick"
      }
    ],
    "price": {
      "basePrice": 4.89,
      "discountPrice": 4.89
    },
    "type": {
      "code": "Spices & Seasonings",
      "desc": "Spices & Seasonings"
    },
    "weight": "1.12 oz",
    "UpcCode": "",
    "tax": 0.0,
    "spiceLevel": "",
    "aiselNo": "9",
    "store": "Market Basket",
    "weightType": "1.12 oz",
    "imageName": "2187.jpg",
    "defaultImage": "2187.jpg",
    "updatedTimestamp": "Jan 23, 2021 8:02:30 PM",
    "createdTimestamp": "Jan 23, 2021 8:02:30 PM",
    "isNewlyAdded": false,
    "isActive": true,
    "isDealsEnabled": false,
    "quantity": 0
  },
  {
    "id": 8748,
    "code": "All Natural Salsa Con Queso",
    "desc": "All Natural Salsa Con Queso",
    "shortDesc": "All Natural Salsa Con Queso",
    "tags": [
      "Preserved Dips & Salsa"
    ],
    "categories": [
      {
        "code": "Condiments & Dressings",
        "desc": "Condiments & Dressings"
      }
    ],
    "subCategories": [
      {
        "code": "Preserved Dips & Spreads",
        "desc": "Preserved Dips & Spreads"
      }
    ],
    "brands": [
      {
        "code": "Market Basket",
        "desc": "Market Basket"
      }
    ],
    "price": {
      "basePrice": 3.79,
      "discountPrice": 3.79
    },
    "type": {
      "code": "Preserved Dips & Salsa",
      "desc": "Preserved Dips & Salsa"
    },
    "weight": "16 oz",
    "UpcCode": "",
    "tax": 0.0,
    "spiceLevel": "",
    "aiselNo": "1",
    "store": "Market Basket",
    "weightType": "16 oz",
    "imageName": "15585.jpg",
    "defaultImage": "15585.jpg",
    "updatedTimestamp": "Jan 23, 2021 8:02:30 PM",
    "createdTimestamp": "Jan 23, 2021 8:02:30 PM",
    "isNewlyAdded": false,
    "isActive": true,
    "isDealsEnabled": false,
    "quantity": 0
  },
  {
    "id": 4685,
    "code": "Snow's All Natural Clam Juice",
    "desc": "Snow's All Natural Clam Juice",
    "shortDesc": "Snow's All Natural Clam Juice",
    "tags": [
      "Canned Clams"
    ],
    "categories": [
      {
        "code": "Meat & Seafood",
        "desc": "Meat & Seafood"
      }
    ],
    "subCategories": [
      {
        "code": "Canned Meat & Seafood",
        "desc": "Canned Meat & Seafood"
      }
    ],
    "brands": [
      {
        "code": "Snow's",
        "desc": "Snow's"
      }
    ],
    "price": {
      "basePrice": 2.99,
      "discountPrice": 2.99
    },
    "type": {
      "code": "Canned Clams",
      "desc": "Canned Clams"
    },
    "weight": "8 fl oz",
    "UpcCode": "",
    "tax": 0.0,
    "spiceLevel": "",
    "aiselNo": "2",
    "store": "Market Basket",
    "weightType": "8 fl oz",
    "imageName": "17167.jpg",
    "defaultImage": "17167.jpg",
    "updatedTimestamp": "Jan 23, 2021 8:02:30 PM",
    "createdTimestamp": "Jan 23, 2021 8:02:30 PM",
    "isNewlyAdded": false,
    "isActive": true,
    "isDealsEnabled": false,
    "quantity": 0
  },
  {
    "id": 13436,
    "code": "Nature's Yoke Natural Eggs, Large",
    "desc": "Nature's Yoke Natural Eggs, Large",
    "shortDesc": "Nature's Yoke Natural Eggs, Large",
    "tags": [
      "Eggs"
    ],
    "categories": [
      {
        "code": "Breakfast & Dairy",
        "desc": "Breakfast & Dairy"
      }
    ],
    "subCategories": [
      {
        "code": "Dairy & Eggs",
        "desc": "Dairy & Eggs"
      }
    ],
    "brands": [
      {
        "code": "Nature's Yoke Natural",
        "desc": "Nature's Yoke Natural"
      }
    ],
    "price": {
      "basePrice": 4.79,
      "discountPrice": 4.79
    },
    "type": {
      "code": "Eggs",
      "desc": "Eggs"
    },
    "weight": "1 count",
    "UpcCode": "",
    "tax": 0.0,
    "spiceLevel": "",
    "aiselNo": "1",
    "store": "Market Basket",
    "weightType": "1 count",
    "imageName": "608.jpg",
    "defaultImage": "608.jpg",
    "updatedTimestamp": "Jan 23, 2021 8:02:30 PM",
    "createdTimestamp": "Jan 23, 2021 8:02:30 PM",
    "isNewlyAdded": false,
    "isActive": true,
    "isDealsEnabled": false,
    "quantity": 0
  },
  {
    "id": 13623,
    "code": "BelGioioso Burrata",
    "desc": "BelGioioso Burrata",
    "shortDesc": "BelGioioso Burrata",
    "tags": [
      "Packaged Cheese"
    ],
    "categories": [
      {
        "code": "Breakfast & Dairy",
        "desc": "Breakfast & Dairy"
      }
    ],
    "subCategories": [
      {
        "code": "Dairy & Eggs",
        "desc": "Dairy & Eggs"
      }
    ],
    "brands": [
      {
        "code": "BelGioioso",
        "desc": "BelGioioso"
      }
    ],
    "price": {
      "basePrice": 6.09,
      "discountPrice": 6.09
    },
    "type": {
      "code": "Packaged Cheese",
      "desc": "Packaged Cheese"
    },
    "weight": "8 oz",
    "UpcCode": "",
    "tax": 0.0,
    "spiceLevel": "",
    "aiselNo": "1",
    "store": "Market Basket",
    "weightType": "8 oz",
    "imageName": "171.jpg",
    "defaultImage": "171.jpg",
    "updatedTimestamp": "Jan 23, 2021 8:02:30 PM",
    "createdTimestamp": "Jan 23, 2021 8:02:30 PM",
    "isNewlyAdded": false,
    "isActive": true,
    "isDealsEnabled": false,
    "quantity": 0
  },
  {
    "id": 7532,
    "code": "Market Basket Sweet Green Peas",
    "desc": "Market Basket Sweet Green Peas",
    "shortDesc": "Market Basket Sweet Green Peas",
    "tags": [
      "Canned & Jarred Vegetables"
    ],
    "categories": [
      {
        "code": "Cooking Needs",
        "desc": "Cooking Needs"
      }
    ],
    "subCategories": [
      {
        "code": "Canned Food",
        "desc": "Canned Food"
      }
    ],
    "brands": [
      {
        "code": "Market Basket",
        "desc": "Market Basket"
      }
    ],
    "price": {
      "basePrice": 0.79,
      "discountPrice": 0.79
    },
    "type": {
      "code": "Canned & Jarred Vegetables",
      "desc": "Canned & Jarred Vegetables"
    },
    "weight": "8.5 oz",
    "UpcCode": "",
    "tax": 0.0,
    "spiceLevel": "",
    "aiselNo": "9",
    "store": "Market Basket",
    "weightType": "8.5 oz",
    "imageName": "Market Basket.jpg",
    "defaultImage": "Market Basket.jpg",
    "updatedTimestamp": "Jan 23, 2021 8:02:30 PM",
    "createdTimestamp": "Jan 23, 2021 8:02:30 PM",
    "isNewlyAdded": false,
    "isActive": true,
    "isDealsEnabled": false,
    "quantity": 0
  },
  {
    "id": 5057,
    "code": "Keebler Fudge Sticks Fudge Covered Creme Wafer",
    "desc": "Keebler Fudge Sticks Fudge Covered Creme Wafer",
    "shortDesc": "Keebler Fudge Sticks Fudge Covered Creme Wafer",
    "tags": [
      "Cookies & Cakes"
    ],
    "categories": [
      {
        "code": "Chips, Cookies & Snacks",
        "desc": "Chips, Cookies & Snacks"
      }
    ],
    "subCategories": [
      {
        "code": "Cookies & Crackers",
        "desc": "Cookies & Crackers"
      }
    ],
    "brands": [
      {
        "code": "Keebler",
        "desc": "Keebler"
      }
    ],
    "price": {
      "basePrice": 3.91,
      "discountPrice": 3.91
    },
    "type": {
      "code": "Cookies & Cakes",
      "desc": "Cookies & Cakes"
    },
    "weight": "8.5 oz",
    "UpcCode": "",
    "tax": 0.0,
    "spiceLevel": "",
    "aiselNo": "6",
    "store": "Market Basket",
    "weightType": "8.5 oz",
    "imageName": "No Image.jpg",
    "defaultImage": "No Image.jpg",
    "updatedTimestamp": "Jan 23, 2021 8:02:30 PM",
    "createdTimestamp": "Jan 23, 2021 8:02:30 PM",
    "isNewlyAdded": false,
    "isActive": true,
    "isDealsEnabled": false,
    "quantity": 0
  },
  {
    "id": 5470,
    "code": "Hershey's Sugar Free Special Dark Mildly Sweet Chocolate",
    "desc": "Hershey's Sugar Free Special Dark Mildly Sweet Chocolate",
    "shortDesc": "Hershey's Sugar Free Special Dark Mildly Sweet Chocolate",
    "tags": [
      "Candy & Chocolate"
    ],
    "categories": [
      {
        "code": "Chips, Cookies & Snacks",
        "desc": "Chips, Cookies & Snacks"
      }
    ],
    "subCategories": [
      {
        "code": "Candy & Chocolates",
        "desc": "Candy & Chocolates"
      }
    ],
    "brands": [
      {
        "code": "Hershey's",
        "desc": "Hershey's"
      }
    ],
    "price": {
      "basePrice": 2.49,
      "discountPrice": 2.49
    },
    "type": {
      "code": "Candy & Chocolate",
      "desc": "Candy & Chocolate"
    },
    "weight": "3 oz",
    "UpcCode": "",
    "tax": 0.0,
    "spiceLevel": "",
    "aiselNo": "3",
    "store": "Market Basket",
    "weightType": "3 oz",
    "imageName": "995.jpg",
    "defaultImage": "995.jpg",
    "updatedTimestamp": "Jan 23, 2021 8:02:30 PM",
    "createdTimestamp": "Jan 23, 2021 8:02:30 PM",
    "isNewlyAdded": false,
    "isActive": true,
    "isDealsEnabled": false,
    "quantity": 0
  },
  {
    "id": 8067,
    "code": "Maruchan Ramen Noodle Soup Roast Beef Flavor",
    "desc": "Maruchan Ramen Noodle Soup Roast Beef Flavor",
    "shortDesc": "Maruchan Ramen Noodle Soup Roast Beef Flavor",
    "tags": [
      "Soup, Broth & Bouillon"
    ],
    "categories": [
      {
        "code": "Cooking Needs",
        "desc": "Cooking Needs"
      }
    ],
    "subCategories": [
      {
        "code": "Canned Food",
        "desc": "Canned Food"
      }
    ],
    "brands": [
      {
        "code": "Maruchan",
        "desc": "Maruchan"
      }
    ],
    "price": {
      "basePrice": 1.69,
      "discountPrice": 1.69
    },
    "type": {
      "code": "Soup, Broth & Bouillon",
      "desc": "Soup, Broth & Bouillon"
    },
    "weight": "3 oz",
    "UpcCode": "",
    "tax": 0.0,
    "spiceLevel": "",
    "aiselNo": "2",
    "store": "Market Basket",
    "weightType": "3 oz",
    "imageName": "5339.jpg",
    "defaultImage": "5339.jpg",
    "updatedTimestamp": "Jan 23, 2021 8:02:30 PM",
    "createdTimestamp": "Jan 23, 2021 8:02:30 PM",
    "isNewlyAdded": false,
    "isActive": true,
    "isDealsEnabled": false,
    "quantity": 0
  },
  {
    "id": 196,
    "code": "Butler Gum Copper Heavy Duty Scrub Bob",
    "desc": "Butler Gum Copper Heavy Duty Scrub Bob",
    "shortDesc": "Butler Gum Copper Heavy Duty Scrub Bob",
    "tags": [
      "Scrub Bob"
    ],
    "categories": [
      {
        "code": "Kitchen & Cleaning",
        "desc": "Kitchen & Cleaning"
      }
    ],
    "subCategories": [
      {
        "code": "Cleaning Products",
        "desc": "Cleaning Products"
      }
    ],
    "brands": [
      {
        "code": "Butler Gum",
        "desc": "Butler Gum"
      }
    ],
    "price": {
      "basePrice": 2.79,
      "discountPrice": 2.79
    },
    "type": {
      "code": "Scrub Bob",
      "desc": "Scrub Bob"
    },
    "weight": "1 count",
    "UpcCode": "",
    "tax": 1.0,
    "spiceLevel": "",
    "aiselNo": "15",
    "store": "Market Basket",
    "weightType": "1 count",
    "imageName": "No Image.jpg",
    "defaultImage": "No Image.jpg",
    "updatedTimestamp": "Jan 23, 2021 8:02:30 PM",
    "createdTimestamp": "Jan 23, 2021 8:02:30 PM",
    "isNewlyAdded": false,
    "isActive": true,
    "isDealsEnabled": false,
    "quantity": 0
  },
  {
    "id": 14655,
    "code": "Yogi Kava Stress Relief Herbal Tea, Caffeine Free",
    "desc": "Yogi Kava Stress Relief Herbal Tea, Caffeine Free",
    "shortDesc": "Yogi Kava Stress Relief Herbal Tea, Caffeine Free",
    "tags": [
      "Tea"
    ],
    "categories": [
      {
        "code": "Breakfast & Dairy",
        "desc": "Breakfast & Dairy"
      }
    ],
    "subCategories": [
      {
        "code": "Tea & Coffee",
        "desc": "Tea & Coffee"
      }
    ],
    "brands": [
      {
        "code": "Yogi",
        "desc": "Yogi"
      }
    ],
    "price": {
      "basePrice": 4.89,
      "discountPrice": 4.89
    },
    "type": {
      "code": "Tea",
      "desc": "Tea"
    },
    "weight": "16 count",
    "UpcCode": "",
    "tax": 0.0,
    "spiceLevel": "",
    "aiselNo": "8",
    "store": "Market Basket",
    "weightType": "16 count",
    "imageName": "3512.jpg",
    "defaultImage": "3512.jpg",
    "updatedTimestamp": "Jan 23, 2021 8:02:30 PM",
    "createdTimestamp": "Jan 23, 2021 8:02:30 PM",
    "isNewlyAdded": false,
    "isActive": true,
    "isDealsEnabled": false,
    "quantity": 0
  },
  {
    "id": 8092,
    "code": "Pacific Organic Unsalted Chicken Bone Broth",
    "desc": "Pacific Organic Unsalted Chicken Bone Broth",
    "shortDesc": "Pacific Organic Unsalted Chicken Bone Broth",
    "tags": [
      "Soup, Broth & Bouillon"
    ],
    "categories": [
      {
        "code": "Cooking Needs",
        "desc": "Cooking Needs"
      }
    ],
    "subCategories": [
      {
        "code": "Canned Food",
        "desc": "Canned Food"
      }
    ],
    "brands": [
      {
        "code": "Pacific",
        "desc": "Pacific"
      }
    ],
    "price": {
      "basePrice": 5.89,
      "discountPrice": 5.89
    },
    "type": {
      "code": "Soup, Broth & Bouillon",
      "desc": "Soup, Broth & Bouillon"
    },
    "weight": "32 oz",
    "UpcCode": "",
    "tax": 0.0,
    "spiceLevel": "",
    "aiselNo": "2",
    "store": "Market Basket",
    "weightType": "32 oz",
    "imageName": "5354.jpg",
    "defaultImage": "5354.jpg",
    "updatedTimestamp": "Jan 23, 2021 8:02:30 PM",
    "createdTimestamp": "Jan 23, 2021 8:02:30 PM",
    "isNewlyAdded": false,
    "isActive": true,
    "isDealsEnabled": false,
    "quantity": 0
  },
  {
    "id": 4631,
    "code": "Brunswick in Soybean Oil Sardines",
    "desc": "Brunswick in Soybean Oil Sardines",
    "shortDesc": "Brunswick in Soybean Oil Sardines",
    "tags": [
      "Canned Sardines"
    ],
    "categories": [
      {
        "code": "Meat & Seafood",
        "desc": "Meat & Seafood"
      }
    ],
    "subCategories": [
      {
        "code": "Canned Meat & Seafood",
        "desc": "Canned Meat & Seafood"
      }
    ],
    "brands": [
      {
        "code": "Brunswick",
        "desc": "Brunswick"
      }
    ],
    "price": {
      "basePrice": 1.09,
      "discountPrice": 1.09
    },
    "type": {
      "code": "Canned Sardines",
      "desc": "Canned Sardines"
    },
    "weight": "3.75 oz",
    "UpcCode": "",
    "tax": 0.0,
    "spiceLevel": "",
    "aiselNo": "2",
    "store": "Market Basket",
    "weightType": "3.75 oz",
    "imageName": "17158.jpg",
    "defaultImage": "17158.jpg",
    "updatedTimestamp": "Jan 23, 2021 8:02:30 PM",
    "createdTimestamp": "Jan 23, 2021 8:02:30 PM",
    "isNewlyAdded": false,
    "isActive": true,
    "isDealsEnabled": false,
    "quantity": 0
  },
  {
    "id": 9955,
    "code": "Ben & Jerry's Ice Cream Salted Caramel Core",
    "desc": "Ben & Jerry's Ice Cream Salted Caramel Core",
    "shortDesc": "Ben & Jerry's Ice Cream Salted Caramel Core",
    "tags": [
      "Ice Cream & Ice"
    ],
    "categories": [
      {
        "code": "Frozen Food",
        "desc": "Frozen Food"
      }
    ],
    "subCategories": [
      {
        "code": "Ice Cream & Ice",
        "desc": "Ice Cream & Ice"
      }
    ],
    "brands": [
      {
        "code": "Ben & Jerry's",
        "desc": "Ben & Jerry's"
      }
    ],
    "price": {
      "basePrice": 4.59,
      "discountPrice": 4.59
    },
    "type": {
      "code": "Ice Cream & Ice",
      "desc": "Ice Cream & Ice"
    },
    "weight": "1 pint",
    "UpcCode": "",
    "tax": 0.0,
    "spiceLevel": "",
    "aiselNo": "21",
    "store": "Market Basket",
    "weightType": "1 pint",
    "imageName": "2998.jpg",
    "defaultImage": "2998.jpg",
    "updatedTimestamp": "Jan 23, 2021 8:02:30 PM",
    "createdTimestamp": "Jan 23, 2021 8:02:30 PM",
    "isNewlyAdded": false,
    "isActive": true,
    "isDealsEnabled": false,
    "quantity": 0
  },
  {
    "id": 7737,
    "code": "Eden Organic Kidney Beans, No Salt Added",
    "desc": "Eden Organic Kidney Beans, No Salt Added",
    "shortDesc": "Eden Organic Kidney Beans, No Salt Added",
    "tags": [
      "Canned Meals & Beans"
    ],
    "categories": [
      {
        "code": "Cooking Needs",
        "desc": "Cooking Needs"
      }
    ],
    "subCategories": [
      {
        "code": "Canned Food",
        "desc": "Canned Food"
      }
    ],
    "brands": [
      {
        "code": "Eden",
        "desc": "Eden"
      }
    ],
    "price": {
      "basePrice": 3.09,
      "discountPrice": 3.09
    },
    "type": {
      "code": "Canned Meals & Beans",
      "desc": "Canned Meals & Beans"
    },
    "weight": "15 oz",
    "UpcCode": "",
    "tax": 0.0,
    "spiceLevel": "",
    "aiselNo": "2",
    "store": "Market Basket",
    "weightType": "15 oz",
    "imageName": "17145.jpg",
    "defaultImage": "17145.jpg",
    "updatedTimestamp": "Jan 23, 2021 8:02:30 PM",
    "createdTimestamp": "Jan 23, 2021 8:02:30 PM",
    "isNewlyAdded": false,
    "isActive": true,
    "isDealsEnabled": false,
    "quantity": 0
  },
  {
    "id": 13931,
    "code": "Bucheron Soft Goat Cheese",
    "desc": "Bucheron Soft Goat Cheese",
    "shortDesc": "Bucheron Soft Goat Cheese",
    "tags": [
      "Specialty Cheeses"
    ],
    "categories": [
      {
        "code": "Breakfast & Dairy",
        "desc": "Breakfast & Dairy"
      }
    ],
    "subCategories": [
      {
        "code": "Dairy & Eggs",
        "desc": "Dairy & Eggs"
      }
    ],
    "brands": [
      {
        "code": "Bucheron",
        "desc": "Bucheron"
      }
    ],
    "price": {
      "basePrice": 10.99,
      "discountPrice": 10.99
    },
    "type": {
      "code": "Specialty Cheeses",
      "desc": "Specialty Cheeses"
    },
    "weight": "1 lb",
    "UpcCode": "",
    "tax": 0.0,
    "spiceLevel": "",
    "aiselNo": "1",
    "store": "Market Basket",
    "weightType": "1 lb",
    "imageName": "Market Basket.jpg",
    "defaultImage": "Market Basket.jpg",
    "updatedTimestamp": "Jan 23, 2021 8:02:30 PM",
    "createdTimestamp": "Jan 23, 2021 8:02:30 PM",
    "isNewlyAdded": false,
    "isActive": true,
    "isDealsEnabled": false,
    "quantity": 0
  },
  {
    "id": 9996,
    "code": "Brigham's Ice Cream The Big Dig",
    "desc": "Brigham's Ice Cream The Big Dig",
    "shortDesc": "Brigham's Ice Cream The Big Dig",
    "tags": [
      "Ice Cream & Ice"
    ],
    "categories": [
      {
        "code": "Frozen Food",
        "desc": "Frozen Food"
      }
    ],
    "subCategories": [
      {
        "code": "Ice Cream & Ice",
        "desc": "Ice Cream & Ice"
      }
    ],
    "brands": [
      {
        "code": "Brigham's Ice Cream",
        "desc": "Brigham's Ice Cream"
      }
    ],
    "price": {
      "basePrice": 3.69,
      "discountPrice": 3.69
    },
    "type": {
      "code": "Ice Cream & Ice",
      "desc": "Ice Cream & Ice"
    },
    "weight": "1 quart",
    "UpcCode": "",
    "tax": 0.0,
    "spiceLevel": "",
    "aiselNo": "21",
    "store": "Market Basket",
    "weightType": "1 quart",
    "imageName": "16196.jpg",
    "defaultImage": "16196.jpg",
    "updatedTimestamp": "Jan 23, 2021 8:02:30 PM",
    "createdTimestamp": "Jan 23, 2021 8:02:30 PM",
    "isNewlyAdded": false,
    "isActive": true,
    "isDealsEnabled": false,
    "quantity": 0
  },
  {
    "id": 13775,
    "code": "Organic American Cheese",
    "desc": "Organic American Cheese",
    "shortDesc": "Organic American Cheese",
    "tags": [
      "Packaged Cheese"
    ],
    "categories": [
      {
        "code": "Breakfast & Dairy",
        "desc": "Breakfast & Dairy"
      }
    ],
    "subCategories": [
      {
        "code": "Dairy & Eggs",
        "desc": "Dairy & Eggs"
      }
    ],
    "brands": [
      {
        "code": "Market Basket",
        "desc": "Market Basket"
      }
    ],
    "price": {
      "basePrice": 8.59,
      "discountPrice": 8.59
    },
    "type": {
      "code": "Packaged Cheese",
      "desc": "Packaged Cheese"
    },
    "weight": "1 lb",
    "UpcCode": "",
    "tax": 0.0,
    "spiceLevel": "",
    "aiselNo": "1",
    "store": "Market Basket",
    "weightType": "1 lb",
    "imageName": "Market Basket.jpg",
    "defaultImage": "Market Basket.jpg",
    "updatedTimestamp": "Jan 23, 2021 8:02:30 PM",
    "createdTimestamp": "Jan 23, 2021 8:02:30 PM",
    "isNewlyAdded": false,
    "isActive": true,
    "isDealsEnabled": false,
    "quantity": 0
  },
  {
    "id": 3585,
    "code": "Celery Root",
    "desc": "Celery Root",
    "shortDesc": "Celery Root",
    "tags": [
      "Celery"
    ],
    "categories": [
      {
        "code": "Fresh Produce",
        "desc": "Fresh Produce"
      }
    ],
    "subCategories": [
      {
        "code": "Fresh Vegetables",
        "desc": "Fresh Vegetables"
      }
    ],
    "brands": [
      {
        "code": "Market Basket",
        "desc": "Market Basket"
      }
    ],
    "price": {
      "basePrice": 8.49,
      "discountPrice": 8.49
    },
    "type": {
      "code": "Celery",
      "desc": "Celery"
    },
    "weight": "1 ct",
    "UpcCode": "",
    "tax": 0.0,
    "spiceLevel": "",
    "aiselNo": "20",
    "store": "Market Basket",
    "weightType": "1 ct",
    "imageName": "FP69.jpg",
    "defaultImage": "FP69.jpg",
    "updatedTimestamp": "Jan 23, 2021 8:02:30 PM",
    "createdTimestamp": "Jan 23, 2021 8:02:30 PM",
    "isNewlyAdded": false,
    "isActive": true,
    "isDealsEnabled": false,
    "quantity": 0
  },
  {
    "id": 13283,
    "code": "Land O Lakes Fresh Buttery Taste Vegetable Oil Spread",
    "desc": "Land O Lakes Fresh Buttery Taste Vegetable Oil Spread",
    "shortDesc": "Land O Lakes Fresh Buttery Taste Vegetable Oil Spread",
    "tags": [
      "Butter"
    ],
    "categories": [
      {
        "code": "Breakfast & Dairy",
        "desc": "Breakfast & Dairy"
      }
    ],
    "subCategories": [
      {
        "code": "Dairy & Eggs",
        "desc": "Dairy & Eggs"
      }
    ],
    "brands": [
      {
        "code": "Land O' Lakes",
        "desc": "Land O' Lakes"
      }
    ],
    "price": {
      "basePrice": 2.69,
      "discountPrice": 2.69
    },
    "type": {
      "code": "Butter",
      "desc": "Butter"
    },
    "weight": "15 oz",
    "UpcCode": "",
    "tax": 0.0,
    "spiceLevel": "",
    "aiselNo": "1",
    "store": "Market Basket",
    "weightType": "15 oz",
    "imageName": "656.jpg",
    "defaultImage": "656.jpg",
    "updatedTimestamp": "Jan 23, 2021 8:02:30 PM",
    "createdTimestamp": "Jan 23, 2021 8:02:30 PM",
    "isNewlyAdded": false,
    "isActive": true,
    "isDealsEnabled": false,
    "quantity": 0
  },
  {
    "id": 5671,
    "code": "Trident Bubblegum Sugarfree Gum",
    "desc": "Trident Bubblegum Sugarfree Gum",
    "shortDesc": "Trident Bubblegum Sugarfree Gum",
    "tags": [
      "Mint & Gum"
    ],
    "categories": [
      {
        "code": "Chips, Cookies & Snacks",
        "desc": "Chips, Cookies & Snacks"
      }
    ],
    "subCategories": [
      {
        "code": "Candy & Chocolates",
        "desc": "Candy & Chocolates"
      }
    ],
    "brands": [
      {
        "code": "Trident",
        "desc": "Trident"
      }
    ],
    "price": {
      "basePrice": 2.49,
      "discountPrice": 2.49
    },
    "type": {
      "code": "Mint & Gum",
      "desc": "Mint & Gum"
    },
    "weight": "3 ct",
    "UpcCode": "",
    "tax": 0.0,
    "spiceLevel": "",
    "aiselNo": "3",
    "store": "Market Basket",
    "weightType": "3 ct",
    "imageName": "1483.jpg",
    "defaultImage": "1483.jpg",
    "updatedTimestamp": "Jan 23, 2021 8:02:30 PM",
    "createdTimestamp": "Jan 23, 2021 8:02:30 PM",
    "isNewlyAdded": false,
    "isActive": true,
    "isDealsEnabled": false,
    "quantity": 0
  },
  {
    "id": 5058,
    "code": "Keebler Disnep Frozen II Graham Snacks Honey",
    "desc": "Keebler Disnep Frozen II Graham Snacks Honey",
    "shortDesc": "Keebler Disnep Frozen II Graham Snacks Honey",
    "tags": [
      "Cookies & Cakes"
    ],
    "categories": [
      {
        "code": "Chips, Cookies & Snacks",
        "desc": "Chips, Cookies & Snacks"
      }
    ],
    "subCategories": [
      {
        "code": "Cookies & Crackers",
        "desc": "Cookies & Crackers"
      }
    ],
    "brands": [
      {
        "code": "Keebler",
        "desc": "Keebler"
      }
    ],
    "price": {
      "basePrice": 6.23,
      "discountPrice": 6.23
    },
    "type": {
      "code": "Cookies & Cakes",
      "desc": "Cookies & Cakes"
    },
    "weight": "12 x 0.78 oz",
    "UpcCode": "",
    "tax": 0.0,
    "spiceLevel": "",
    "aiselNo": "6",
    "store": "Market Basket",
    "weightType": "12 x 0.78 oz",
    "imageName": "No Image.jpg",
    "defaultImage": "No Image.jpg",
    "updatedTimestamp": "Jan 23, 2021 8:02:30 PM",
    "createdTimestamp": "Jan 23, 2021 8:02:30 PM",
    "isNewlyAdded": false,
    "isActive": true,
    "isDealsEnabled": false,
    "quantity": 0
  },
  {
    "id": 5902,
    "code": "Starbucks Frappuccino Salted Dark Chocolate",
    "desc": "Starbucks Frappuccino Salted Dark Chocolate",
    "shortDesc": "Starbucks Frappuccino Salted Dark Chocolate",
    "tags": [
      "Single To-Go Coffee"
    ],
    "categories": [
      {
        "code": "Beverages & Juices",
        "desc": "Beverages & Juices"
      }
    ],
    "subCategories": [
      {
        "code": "Tea, Coffee, Milk & Coconut Water",
        "desc": "Tea, Coffee, Milk & Coconut Water"
      }
    ],
    "brands": [
      {
        "code": "StarBucks",
        "desc": "StarBucks"
      }
    ],
    "price": {
      "basePrice": 3.36,
      "discountPrice": 3.36
    },
    "type": {
      "code": "Single To-Go Coffee",
      "desc": "Single To-Go Coffee"
    },
    "weight": "13.7 fl oz",
    "UpcCode": "",
    "tax": 0.0,
    "spiceLevel": "",
    "aiselNo": "17",
    "store": "Market Basket",
    "weightType": "13.7 fl oz",
    "imageName": "No Image.jpg",
    "defaultImage": "No Image.jpg",
    "updatedTimestamp": "Jan 23, 2021 8:02:30 PM",
    "createdTimestamp": "Jan 23, 2021 8:02:30 PM",
    "isNewlyAdded": false,
    "isActive": true,
    "isDealsEnabled": false,
    "quantity": 0
  },
  {
    "id": 8005,
    "code": "Healthy Choice Split Pea & Ham Soup",
    "desc": "Healthy Choice Split Pea & Ham Soup",
    "shortDesc": "Healthy Choice Split Pea & Ham Soup",
    "tags": [
      "Soup, Broth & Bouillon"
    ],
    "categories": [
      {
        "code": "Cooking Needs",
        "desc": "Cooking Needs"
      }
    ],
    "subCategories": [
      {
        "code": "Canned Food",
        "desc": "Canned Food"
      }
    ],
    "brands": [
      {
        "code": "Healthy Choice",
        "desc": "Healthy Choice"
      }
    ],
    "price": {
      "basePrice": 1.69,
      "discountPrice": 1.69
    },
    "type": {
      "code": "Soup, Broth & Bouillon",
      "desc": "Soup, Broth & Bouillon"
    },
    "weight": "1 ct",
    "UpcCode": "",
    "tax": 0.0,
    "spiceLevel": "",
    "aiselNo": "2",
    "store": "Market Basket",
    "weightType": "1 ct",
    "imageName": "5370.jpg",
    "defaultImage": "5370.jpg",
    "updatedTimestamp": "Jan 23, 2021 8:02:30 PM",
    "createdTimestamp": "Jan 23, 2021 8:02:30 PM",
    "isNewlyAdded": false,
    "isActive": true,
    "isDealsEnabled": false,
    "quantity": 0
  },
  {
    "id": 5302,
    "code": "Pepperidge Farm Cracker Tro",
    "desc": "Pepperidge Farm Cracker Tro",
    "shortDesc": "Pepperidge Farm Cracker Tro",
    "tags": [
      "Crackers"
    ],
    "categories": [
      {
        "code": "Chips, Cookies & Snacks",
        "desc": "Chips, Cookies & Snacks"
      }
    ],
    "subCategories": [
      {
        "code": "Cookies & Crackers",
        "desc": "Cookies & Crackers"
      }
    ],
    "brands": [
      {
        "code": "Pepperidge Farm",
        "desc": "Pepperidge Farm"
      }
    ],
    "price": {
      "basePrice": 3.91,
      "discountPrice": 3.91
    },
    "type": {
      "code": "Crackers",
      "desc": "Crackers"
    },
    "weight": "10 oz",
    "UpcCode": "",
    "tax": 0.0,
    "spiceLevel": "",
    "aiselNo": "6",
    "store": "Market Basket",
    "weightType": "10 oz",
    "imageName": "No Image.jpg",
    "defaultImage": "No Image.jpg",
    "updatedTimestamp": "Jan 23, 2021 8:02:30 PM",
    "createdTimestamp": "Jan 23, 2021 8:02:30 PM",
    "isNewlyAdded": false,
    "isActive": true,
    "isDealsEnabled": false,
    "quantity": 0
  },
  {
    "id": 72,
    "code": "Pure Citrus Odor Remover Citrus Blend Scent",
    "desc": "Pure Citrus Odor Remover Citrus Blend Scent",
    "shortDesc": "Pure Citrus Odor Remover Citrus Blend Scent",
    "tags": [
      "Other Air Fresheners & Candles"
    ],
    "categories": [
      {
        "code": "Kitchen & Cleaning",
        "desc": "Kitchen & Cleaning"
      }
    ],
    "subCategories": [
      {
        "code": "Air Fresheners & Candles",
        "desc": "Air Fresheners & Candles"
      }
    ],
    "brands": [
      {
        "code": "Pure Citrus",
        "desc": "Pure Citrus"
      }
    ],
    "price": {
      "basePrice": 4.69,
      "discountPrice": 4.69
    },
    "type": {
      "code": "Other Air Fresheners & Candles",
      "desc": "Other Air Fresheners & Candles"
    },
    "weight": "8 oz",
    "UpcCode": "",
    "tax": 1.0,
    "spiceLevel": "",
    "aiselNo": "15",
    "store": "Market Basket",
    "weightType": "8 oz",
    "imageName": "No Image.jpg",
    "defaultImage": "No Image.jpg",
    "updatedTimestamp": "Jan 23, 2021 8:02:30 PM",
    "createdTimestamp": "Jan 23, 2021 8:02:30 PM",
    "isNewlyAdded": false,
    "isActive": true,
    "isDealsEnabled": false,
    "quantity": 0
  },
  {
    "id": 5447,
    "code": "Guittard Choc au lait Chips",
    "desc": "Guittard Choc au lait Chips",
    "shortDesc": "Guittard Choc au lait Chips",
    "tags": [
      "Candy & Chocolate"
    ],
    "categories": [
      {
        "code": "Chips, Cookies & Snacks",
        "desc": "Chips, Cookies & Snacks"
      }
    ],
    "subCategories": [
      {
        "code": "Candy & Chocolates",
        "desc": "Candy & Chocolates"
      }
    ],
    "brands": [
      {
        "code": "Guittard",
        "desc": "Guittard"
      }
    ],
    "price": {
      "basePrice": 3.09,
      "discountPrice": 3.09
    },
    "type": {
      "code": "Candy & Chocolate",
      "desc": "Candy & Chocolate"
    },
    "weight": "12 oz",
    "UpcCode": "",
    "tax": 0.0,
    "spiceLevel": "",
    "aiselNo": "3",
    "store": "Market Basket",
    "weightType": "12 oz",
    "imageName": "14912.jpg",
    "defaultImage": "14912.jpg",
    "updatedTimestamp": "Jan 23, 2021 8:02:30 PM",
    "createdTimestamp": "Jan 23, 2021 8:02:30 PM",
    "isNewlyAdded": false,
    "isActive": true,
    "isDealsEnabled": false,
    "quantity": 0
  },
  {
    "id": 5153,
    "code": "Blue Diamond Nut Thins Nut & Rice Cracker Snacks Cheddar Cheese",
    "desc": "Blue Diamond Nut Thins Nut & Rice Cracker Snacks Cheddar Cheese",
    "shortDesc": "Blue Diamond Nut Thins Nut & Rice Cracker Snacks Cheddar Cheese",
    "tags": [
      "Crackers"
    ],
    "categories": [
      {
        "code": "Chips, Cookies & Snacks",
        "desc": "Chips, Cookies & Snacks"
      }
    ],
    "subCategories": [
      {
        "code": "Cookies & Crackers",
        "desc": "Cookies & Crackers"
      }
    ],
    "brands": [
      {
        "code": "Blue Diamond",
        "desc": "Blue Diamond"
      }
    ],
    "price": {
      "basePrice": 4.69,
      "discountPrice": 4.69
    },
    "type": {
      "code": "Crackers",
      "desc": "Crackers"
    },
    "weight": "4.25 oz",
    "UpcCode": "",
    "tax": 0.0,
    "spiceLevel": "",
    "aiselNo": "6",
    "store": "Market Basket",
    "weightType": "4.25 oz",
    "imageName": "1239.jpg",
    "defaultImage": "1239.jpg",
    "updatedTimestamp": "Jan 23, 2021 8:02:30 PM",
    "createdTimestamp": "Jan 23, 2021 8:02:30 PM",
    "isNewlyAdded": false,
    "isActive": true,
    "isDealsEnabled": false,
    "quantity": 0
  },
  {
    "id": 122,
    "code": "Lysol Citrus Meadows Scent Disinfectant Spray",
    "desc": "Lysol Citrus Meadows Scent Disinfectant Spray",
    "shortDesc": "Lysol Citrus Meadows Scent Disinfectant Spray",
    "tags": [
      "Disinfecting Wipes & Sprays"
    ],
    "categories": [
      {
        "code": "Kitchen & Cleaning",
        "desc": "Kitchen & Cleaning"
      }
    ],
    "subCategories": [
      {
        "code": "Cleaning Products",
        "desc": "Cleaning Products"
      }
    ],
    "brands": [
      {
        "code": "Lysol",
        "desc": "Lysol"
      }
    ],
    "price": {
      "basePrice": 4.89,
      "discountPrice": 4.89
    },
    "type": {
      "code": "Disinfecting Wipes & Sprays",
      "desc": "Disinfecting Wipes & Sprays"
    },
    "weight": "12.5 oz",
    "UpcCode": "",
    "tax": 1.0,
    "spiceLevel": "",
    "aiselNo": "15",
    "store": "Market Basket",
    "weightType": "12.5 oz",
    "imageName": "16827.jpg",
    "defaultImage": "16827.jpg",
    "updatedTimestamp": "Jan 23, 2021 8:02:30 PM",
    "createdTimestamp": "Jan 23, 2021 8:02:30 PM",
    "isNewlyAdded": false,
    "isActive": true,
    "isDealsEnabled": false,
    "quantity": 0
  },
  {
    "id": 5377,
    "code": "Kinnikinnick S'moreables Graham Style Crackers",
    "desc": "Kinnikinnick S'moreables Graham Style Crackers",
    "shortDesc": "Kinnikinnick S'moreables Graham Style Crackers",
    "tags": [
      "Crackers"
    ],
    "categories": [
      {
        "code": "Chips, Cookies & Snacks",
        "desc": "Chips, Cookies & Snacks"
      }
    ],
    "subCategories": [
      {
        "code": "Cookies & Crackers",
        "desc": "Cookies & Crackers"
      }
    ],
    "brands": [
      {
        "code": "Kinnikinnick",
        "desc": "Kinnikinnick"
      }
    ],
    "price": {
      "basePrice": 6.23,
      "discountPrice": 6.23
    },
    "type": {
      "code": "Crackers",
      "desc": "Crackers"
    },
    "weight": "8 oz",
    "UpcCode": "",
    "tax": 0.0,
    "spiceLevel": "",
    "aiselNo": "6",
    "store": "Market Basket",
    "weightType": "8 oz",
    "imageName": "No Image.jpg",
    "defaultImage": "No Image.jpg",
    "updatedTimestamp": "Jan 23, 2021 8:02:30 PM",
    "createdTimestamp": "Jan 23, 2021 8:02:30 PM",
    "isNewlyAdded": false,
    "isActive": true,
    "isDealsEnabled": false,
    "quantity": 0
  },
  {
    "id": 4740,
    "code": "Perdue Sweet Asian Style Boneless Chicken Wyngz",
    "desc": "Perdue Sweet Asian Style Boneless Chicken Wyngz",
    "shortDesc": "Perdue Sweet Asian Style Boneless Chicken Wyngz",
    "tags": [
      "Chicken Products"
    ],
    "categories": [
      {
        "code": "Meat & Seafood",
        "desc": "Meat & Seafood"
      }
    ],
    "subCategories": [
      {
        "code": "Frozen Meat & Seafood",
        "desc": "Frozen Meat & Seafood"
      }
    ],
    "brands": [
      {
        "code": "Perdue",
        "desc": "Perdue"
      }
    ],
    "price": {
      "basePrice": 12.49,
      "discountPrice": 12.49
    },
    "type": {
      "code": "Chicken Products",
      "desc": "Chicken Products"
    },
    "weight": "1.63 lb",
    "UpcCode": "",
    "tax": 0.0,
    "spiceLevel": "",
    "aiselNo": "18",
    "store": "Market Basket",
    "weightType": "1.63 lb",
    "imageName": "2894.jpg",
    "defaultImage": "2894.jpg",
    "updatedTimestamp": "Jan 23, 2021 8:02:30 PM",
    "createdTimestamp": "Jan 23, 2021 8:02:30 PM",
    "isNewlyAdded": false,
    "isActive": true,
    "isDealsEnabled": false,
    "quantity": 0
  },
  {
    "id": 5188,
    "code": "LATE JULY Snacks Organic Classic Crackers",
    "desc": "LATE JULY Snacks Organic Classic Crackers",
    "shortDesc": "LATE JULY Snacks Organic Classic Crackers",
    "tags": [
      "Crackers"
    ],
    "categories": [
      {
        "code": "Chips, Cookies & Snacks",
        "desc": "Chips, Cookies & Snacks"
      }
    ],
    "subCategories": [
      {
        "code": "Cookies & Crackers",
        "desc": "Cookies & Crackers"
      }
    ],
    "brands": [
      {
        "code": "LATE JULY",
        "desc": "LATE JULY"
      }
    ],
    "price": {
      "basePrice": 4.67,
      "discountPrice": 4.67
    },
    "type": {
      "code": "Crackers",
      "desc": "Crackers"
    },
    "weight": "6 oz",
    "UpcCode": "",
    "tax": 0.0,
    "spiceLevel": "",
    "aiselNo": "6",
    "store": "Market Basket",
    "weightType": "6 oz",
    "imageName": "No Image.jpg",
    "defaultImage": "No Image.jpg",
    "updatedTimestamp": "Jan 23, 2021 8:02:30 PM",
    "createdTimestamp": "Jan 23, 2021 8:02:30 PM",
    "isNewlyAdded": false,
    "isActive": true,
    "isDealsEnabled": false,
    "quantity": 0
  },
  {
    "id": 7298,
    "code": "McCormick GourmetÃ¢âÂ¢ Organic Rubbed Sage",
    "desc": "McCormick GourmetÃ¢âÂ¢ Organic Rubbed Sage",
    "shortDesc": "McCormick GourmetÃ¢âÂ¢ Organic Rubbed Sage",
    "tags": [
      "Spices & Seasonings"
    ],
    "categories": [
      {
        "code": "Cooking Needs",
        "desc": "Cooking Needs"
      }
    ],
    "subCategories": [
      {
        "code": "Spices & Seasonings",
        "desc": "Spices & Seasonings"
      }
    ],
    "brands": [
      {
        "code": "McCormick",
        "desc": "McCormick"
      }
    ],
    "price": {
      "basePrice": 6.09,
      "discountPrice": 6.09
    },
    "type": {
      "code": "Spices & Seasonings",
      "desc": "Spices & Seasonings"
    },
    "weight": "0.75 oz",
    "UpcCode": "",
    "tax": 0.0,
    "spiceLevel": "",
    "aiselNo": "9",
    "store": "Market Basket",
    "weightType": "0.75 oz",
    "imageName": "2208.jpg",
    "defaultImage": "2208.jpg",
    "updatedTimestamp": "Jan 23, 2021 8:02:30 PM",
    "createdTimestamp": "Jan 23, 2021 8:02:30 PM",
    "isNewlyAdded": false,
    "isActive": true,
    "isDealsEnabled": false,
    "quantity": 0
  },
  {
    "id": 6975,
    "code": "Jell O Lemon Instant Pudding & Pie Filling Mix",
    "desc": "Jell O Lemon Instant Pudding & Pie Filling Mix",
    "shortDesc": "Jell O Lemon Instant Pudding & Pie Filling Mix",
    "tags": [
      "Doughs, Gelatins & Bake Mixes"
    ],
    "categories": [
      {
        "code": "Cooking Needs",
        "desc": "Cooking Needs"
      }
    ],
    "subCategories": [
      {
        "code": "Baking & Cooking",
        "desc": "Baking & Cooking"
      }
    ],
    "brands": [
      {
        "code": "Jell-O",
        "desc": "Jell-O"
      }
    ],
    "price": {
      "basePrice": 1.09,
      "discountPrice": 1.09
    },
    "type": {
      "code": "Doughs, Gelatins & Bake Mixes",
      "desc": "Doughs, Gelatins & Bake Mixes"
    },
    "weight": "3.4 oz",
    "UpcCode": "",
    "tax": 0.0,
    "spiceLevel": "",
    "aiselNo": "8",
    "store": "Market Basket",
    "weightType": "3.4 oz",
    "imageName": "2061.jpg",
    "defaultImage": "2061.jpg",
    "updatedTimestamp": "Jan 23, 2021 8:02:30 PM",
    "createdTimestamp": "Jan 23, 2021 8:02:30 PM",
    "isNewlyAdded": false,
    "isActive": true,
    "isDealsEnabled": false,
    "quantity": 0
  },
  {
    "id": 7850,
    "code": "Goya Sausage Vienna",
    "desc": "Goya Sausage Vienna",
    "shortDesc": "Goya Sausage Vienna",
    "tags": [
      "Canned Meat & Seafood"
    ],
    "categories": [
      {
        "code": "Cooking Needs",
        "desc": "Cooking Needs"
      }
    ],
    "subCategories": [
      {
        "code": "Canned Food",
        "desc": "Canned Food"
      }
    ],
    "brands": [
      {
        "code": "Goya",
        "desc": "Goya"
      }
    ],
    "price": {
      "basePrice": 1.09,
      "discountPrice": 1.09
    },
    "type": {
      "code": "Canned Meat & Seafood",
      "desc": "Canned Meat & Seafood"
    },
    "weight": "4.6 oz",
    "UpcCode": "",
    "tax": 0.0,
    "spiceLevel": "",
    "aiselNo": "2",
    "store": "Market Basket",
    "weightType": "4.6 oz",
    "imageName": "5227.jpg",
    "defaultImage": "5227.jpg",
    "updatedTimestamp": "Jan 23, 2021 8:02:30 PM",
    "createdTimestamp": "Jan 23, 2021 8:02:30 PM",
    "isNewlyAdded": false,
    "isActive": true,
    "isDealsEnabled": false,
    "quantity": 0
  },
  {
    "id": 10404,
    "code": "Goya Beans Pinto",
    "desc": "Goya Beans Pinto",
    "shortDesc": "Goya Beans Pinto",
    "tags": [
      "Canned Food"
    ],
    "categories": [
      {
        "code": "Cooking Needs",
        "desc": "Cooking Needs"
      }
    ],
    "subCategories": [
      {
        "code": "Canned Food",
        "desc": "Canned Food"
      }
    ],
    "brands": [
      {
        "code": "Goya",
        "desc": "Goya"
      }
    ],
    "price": {
      "basePrice": 6.69,
      "discountPrice": 6.69
    },
    "type": {
      "code": "Canned Food",
      "desc": "Canned Food"
    },
    "weight": "4 lb",
    "UpcCode": "",
    "tax": 0.0,
    "spiceLevel": "",
    "aiselNo": "7",
    "store": "Market Basket",
    "weightType": "4 lb",
    "imageName": "5818.jpg",
    "defaultImage": "5818.jpg",
    "updatedTimestamp": "Jan 23, 2021 8:02:30 PM",
    "createdTimestamp": "Jan 23, 2021 8:02:30 PM",
    "isNewlyAdded": false,
    "isActive": true,
    "isDealsEnabled": false,
    "quantity": 0
  },
  {
    "id": 4758,
    "code": "41/50 Count Previously Frozen Raw Shrimp",
    "desc": "41/50 Count Previously Frozen Raw Shrimp",
    "shortDesc": "41/50 Count Previously Frozen Raw Shrimp",
    "tags": [
      "Frozen Shrimp"
    ],
    "categories": [
      {
        "code": "Meat & Seafood",
        "desc": "Meat & Seafood"
      }
    ],
    "subCategories": [
      {
        "code": "Frozen Meat & Seafood",
        "desc": "Frozen Meat & Seafood"
      }
    ],
    "brands": [
      {
        "code": "41/50",
        "desc": "41/50"
      }
    ],
    "price": {
      "basePrice": 13.69,
      "discountPrice": 13.69
    },
    "type": {
      "code": "Frozen Shrimp",
      "desc": "Frozen Shrimp"
    },
    "weight": "1 lb",
    "UpcCode": "",
    "tax": 0.0,
    "spiceLevel": "",
    "aiselNo": "18",
    "store": "Market Basket",
    "weightType": "1 lb",
    "imageName": "No Image.jpg",
    "defaultImage": "No Image.jpg",
    "updatedTimestamp": "Jan 23, 2021 8:02:30 PM",
    "createdTimestamp": "Jan 23, 2021 8:02:30 PM",
    "isNewlyAdded": false,
    "isActive": true,
    "isDealsEnabled": false,
    "quantity": 0
  },
  {
    "id": 13980,
    "code": "Parmigiano Cheese",
    "desc": "Parmigiano Cheese",
    "shortDesc": "Parmigiano Cheese",
    "tags": [
      "Specialty Cheeses"
    ],
    "categories": [
      {
        "code": "Breakfast & Dairy",
        "desc": "Breakfast & Dairy"
      }
    ],
    "subCategories": [
      {
        "code": "Dairy & Eggs",
        "desc": "Dairy & Eggs"
      }
    ],
    "brands": [
      {
        "code": "Parmigiano",
        "desc": "Parmigiano"
      }
    ],
    "price": {
      "basePrice": 15.89,
      "discountPrice": 15.89
    },
    "type": {
      "code": "Specialty Cheeses",
      "desc": "Specialty Cheeses"
    },
    "weight": "1 lb",
    "UpcCode": "",
    "tax": 0.0,
    "spiceLevel": "",
    "aiselNo": "1",
    "store": "Market Basket",
    "weightType": "1 lb",
    "imageName": "17302.jpg",
    "defaultImage": "17302.jpg",
    "updatedTimestamp": "Jan 23, 2021 8:02:30 PM",
    "createdTimestamp": "Jan 23, 2021 8:02:30 PM",
    "isNewlyAdded": false,
    "isActive": true,
    "isDealsEnabled": false,
    "quantity": 0
  },
  {
    "id": 9182,
    "code": "Our Best Quattro Formaggio Four Cheese Meatballs",
    "desc": "Our Best Quattro Formaggio Four Cheese Meatballs",
    "shortDesc": "Our Best Quattro Formaggio Four Cheese Meatballs",
    "tags": [
      "Frozen Appetizers & Sides"
    ],
    "categories": [
      {
        "code": "Frozen Food",
        "desc": "Frozen Food"
      }
    ],
    "subCategories": [
      {
        "code": "Frozen Dinners & Entrees",
        "desc": "Frozen Dinners & Entrees"
      }
    ],
    "brands": [
      {
        "code": "Our Best",
        "desc": "Our Best"
      }
    ],
    "price": {
      "basePrice": 6.69,
      "discountPrice": 6.69
    },
    "type": {
      "code": "Frozen Appetizers & Sides",
      "desc": "Frozen Appetizers & Sides"
    },
    "weight": "27 oz",
    "UpcCode": "",
    "tax": 0.0,
    "spiceLevel": "",
    "aiselNo": "18",
    "store": "Market Basket",
    "weightType": "27 oz",
    "imageName": "Market Basket.jpg",
    "defaultImage": "Market Basket.jpg",
    "updatedTimestamp": "Jan 23, 2021 8:02:30 PM",
    "createdTimestamp": "Jan 23, 2021 8:02:30 PM",
    "isNewlyAdded": false,
    "isActive": true,
    "isDealsEnabled": false,
    "quantity": 0
  },
  {
    "id": 13636,
    "code": "Cabot Classic Vermont Extra Sharp Cheddar Cheese",
    "desc": "Cabot Classic Vermont Extra Sharp Cheddar Cheese",
    "shortDesc": "Cabot Classic Vermont Extra Sharp Cheddar Cheese",
    "tags": [
      "Packaged Cheese"
    ],
    "categories": [
      {
        "code": "Breakfast & Dairy",
        "desc": "Breakfast & Dairy"
      }
    ],
    "subCategories": [
      {
        "code": "Dairy & Eggs",
        "desc": "Dairy & Eggs"
      }
    ],
    "brands": [
      {
        "code": "Cabot",
        "desc": "Cabot"
      }
    ],
    "price": {
      "basePrice": 7.39,
      "discountPrice": 7.39
    },
    "type": {
      "code": "Packaged Cheese",
      "desc": "Packaged Cheese"
    },
    "weight": "1 lb",
    "UpcCode": "",
    "tax": 0.0,
    "spiceLevel": "",
    "aiselNo": "1",
    "store": "Market Basket",
    "weightType": "1 lb",
    "imageName": "Market Basket.jpg",
    "defaultImage": "Market Basket.jpg",
    "updatedTimestamp": "Jan 23, 2021 8:02:30 PM",
    "createdTimestamp": "Jan 23, 2021 8:02:30 PM",
    "isNewlyAdded": false,
    "isActive": true,
    "isDealsEnabled": false,
    "quantity": 0
  },
  {
    "id": 6230,
    "code": "Aha Sparkling Water Black Cherry + Coffee",
    "desc": "Aha Sparkling Water Black Cherry + Coffee",
    "shortDesc": "Aha Sparkling Water Black Cherry + Coffee",
    "tags": [
      "Sparkling Water"
    ],
    "categories": [
      {
        "code": "Beverages & Juices",
        "desc": "Beverages & Juices"
      }
    ],
    "subCategories": [
      {
        "code": "Water",
        "desc": "Water"
      }
    ],
    "brands": [
      {
        "code": "Aha",
        "desc": "Aha"
      }
    ],
    "price": {
      "basePrice": 4.18,
      "discountPrice": 4.18
    },
    "type": {
      "code": "Sparkling Water",
      "desc": "Sparkling Water"
    },
    "weight": "8 x 12 fl oz",
    "UpcCode": "",
    "tax": 0.0,
    "spiceLevel": "",
    "aiselNo": "11",
    "store": "Market Basket",
    "weightType": "8 x 12 fl oz",
    "imageName": "No Image.jpg",
    "defaultImage": "No Image.jpg",
    "updatedTimestamp": "Jan 23, 2021 8:02:30 PM",
    "createdTimestamp": "Jan 23, 2021 8:02:30 PM",
    "isNewlyAdded": false,
    "isActive": true,
    "isDealsEnabled": false,
    "quantity": 0
  },
  {
    "id": 3604,
    "code": "Tricar Gold Gourmet English Cucumbers",
    "desc": "Tricar Gold Gourmet English Cucumbers",
    "shortDesc": "Tricar Gold Gourmet English Cucumbers",
    "tags": [
      "Cucumber"
    ],
    "categories": [
      {
        "code": "Fresh Produce",
        "desc": "Fresh Produce"
      }
    ],
    "subCategories": [
      {
        "code": "Fresh Vegetables",
        "desc": "Fresh Vegetables"
      }
    ],
    "brands": [
      {
        "code": "Market Basket",
        "desc": "Market Basket"
      }
    ],
    "price": {
      "basePrice": 5.51,
      "discountPrice": 5.51
    },
    "type": {
      "code": "Cucumber",
      "desc": "Cucumber"
    },
    "weight": "1 count",
    "UpcCode": "",
    "tax": 0.0,
    "spiceLevel": "",
    "aiselNo": "20",
    "store": "Market Basket",
    "weightType": "1 count",
    "imageName": "14451.jpg",
    "defaultImage": "14451.jpg",
    "updatedTimestamp": "Jan 23, 2021 8:02:30 PM",
    "createdTimestamp": "Jan 23, 2021 8:02:30 PM",
    "isNewlyAdded": false,
    "isActive": true,
    "isDealsEnabled": false,
    "quantity": 0
  },
  {
    "id": 8761,
    "code": "Mrs. Renfro's Jalapeno Green Salsa Hot",
    "desc": "Mrs. Renfro's Jalapeno Green Salsa Hot",
    "shortDesc": "Mrs. Renfro's Jalapeno Green Salsa Hot",
    "tags": [
      "Preserved Dips & Salsa"
    ],
    "categories": [
      {
        "code": "Condiments & Dressings",
        "desc": "Condiments & Dressings"
      }
    ],
    "subCategories": [
      {
        "code": "Preserved Dips & Spreads",
        "desc": "Preserved Dips & Spreads"
      }
    ],
    "brands": [
      {
        "code": "Mrs. Renfro's",
        "desc": "Mrs. Renfro's"
      }
    ],
    "price": {
      "basePrice": 3.69,
      "discountPrice": 3.69
    },
    "type": {
      "code": "Preserved Dips & Salsa",
      "desc": "Preserved Dips & Salsa"
    },
    "weight": "16 oz",
    "UpcCode": "",
    "tax": 0.0,
    "spiceLevel": "",
    "aiselNo": "1",
    "store": "Market Basket",
    "weightType": "16 oz",
    "imageName": "2002.jpg",
    "defaultImage": "2002.jpg",
    "updatedTimestamp": "Jan 23, 2021 8:02:30 PM",
    "createdTimestamp": "Jan 23, 2021 8:02:30 PM",
    "isNewlyAdded": false,
    "isActive": true,
    "isDealsEnabled": false,
    "quantity": 0
  },
  {
    "id": 10224,
    "code": "So Delicious Dairy Free Creamy Vanilla Soymilk Frozen Dessert",
    "desc": "So Delicious Dairy Free Creamy Vanilla Soymilk Frozen Dessert",
    "shortDesc": "So Delicious Dairy Free Creamy Vanilla Soymilk Frozen Dessert",
    "tags": [
      "Ice Cream & Ice"
    ],
    "categories": [
      {
        "code": "Frozen Food",
        "desc": "Frozen Food"
      }
    ],
    "subCategories": [
      {
        "code": "Ice Cream & Ice",
        "desc": "Ice Cream & Ice"
      }
    ],
    "brands": [
      {
        "code": "So Delicious",
        "desc": "So Delicious"
      }
    ],
    "price": {
      "basePrice": 5.29,
      "discountPrice": 5.29
    },
    "type": {
      "code": "Ice Cream & Ice",
      "desc": "Ice Cream & Ice"
    },
    "weight": "32 fl oz",
    "UpcCode": "",
    "tax": 0.0,
    "spiceLevel": "",
    "aiselNo": "21",
    "store": "Market Basket",
    "weightType": "32 fl oz",
    "imageName": "16208.jpg",
    "defaultImage": "16208.jpg",
    "updatedTimestamp": "Jan 23, 2021 8:02:30 PM",
    "createdTimestamp": "Jan 23, 2021 8:02:30 PM",
    "isNewlyAdded": false,
    "isActive": true,
    "isDealsEnabled": false,
    "quantity": 0
  },
  {
    "id": 3523,
    "code": "Anise",
    "desc": "Anise",
    "shortDesc": "Anise",
    "tags": [
      "Anise"
    ],
    "categories": [
      {
        "code": "Fresh Produce",
        "desc": "Fresh Produce"
      }
    ],
    "subCategories": [
      {
        "code": "Fresh Vegetables",
        "desc": "Fresh Vegetables"
      }
    ],
    "brands": [
      {
        "code": "Market Basket",
        "desc": "Market Basket"
      }
    ],
    "price": {
      "basePrice": 2.74,
      "discountPrice": 2.74
    },
    "type": {
      "code": "Anise",
      "desc": "Anise"
    },
    "weight": "1 count",
    "UpcCode": "",
    "tax": 0.0,
    "spiceLevel": "",
    "aiselNo": "20",
    "store": "Market Basket",
    "weightType": "1 count",
    "imageName": "f145.jpg",
    "defaultImage": "f145.jpg",
    "updatedTimestamp": "Jan 23, 2021 8:02:30 PM",
    "createdTimestamp": "Jan 23, 2021 8:02:30 PM",
    "isNewlyAdded": false,
    "isActive": true,
    "isDealsEnabled": false,
    "quantity": 0
  },
  {
    "id": 13485,
    "code": "Horizon Organic Milk Fat Free",
    "desc": "Horizon Organic Milk Fat Free",
    "shortDesc": "Horizon Organic Milk Fat Free",
    "tags": [
      "Milk"
    ],
    "categories": [
      {
        "code": "Beverages & Juices",
        "desc": "Beverages & Juices"
      }
    ],
    "subCategories": [
      {
        "code": "Tea, Coffee, Milk & Coconut Water",
        "desc": "Tea, Coffee, Milk & Coconut Water"
      }
    ],
    "brands": [
      {
        "code": "Horizon",
        "desc": "Horizon"
      }
    ],
    "price": {
      "basePrice": 5.39,
      "discountPrice": 5.39
    },
    "type": {
      "code": "Milk",
      "desc": "Milk"
    },
    "weight": "64 oz",
    "UpcCode": "",
    "tax": 0.0,
    "spiceLevel": "",
    "aiselNo": "1",
    "store": "Market Basket",
    "weightType": "64 oz",
    "imageName": "516.jpg",
    "defaultImage": "516.jpg",
    "updatedTimestamp": "Jan 23, 2021 8:02:29 PM",
    "createdTimestamp": "Jan 23, 2021 8:02:29 PM",
    "isNewlyAdded": false,
    "isActive": true,
    "isDealsEnabled": false,
    "quantity": 0
  },
  {
    "id": 10261,
    "code": "Turkey Hill Rum Raisin Original Recipe Premium Ice Cream",
    "desc": "Turkey Hill Rum Raisin Original Recipe Premium Ice Cream",
    "shortDesc": "Turkey Hill Rum Raisin Original Recipe Premium Ice Cream",
    "tags": [
      "Ice Cream & Ice"
    ],
    "categories": [
      {
        "code": "Frozen Food",
        "desc": "Frozen Food"
      }
    ],
    "subCategories": [
      {
        "code": "Ice Cream & Ice",
        "desc": "Ice Cream & Ice"
      }
    ],
    "brands": [
      {
        "code": "Turkey Hill",
        "desc": "Turkey Hill"
      }
    ],
    "price": {
      "basePrice": 3.09,
      "discountPrice": 3.09
    },
    "type": {
      "code": "Ice Cream & Ice",
      "desc": "Ice Cream & Ice"
    },
    "weight": "48 fl oz",
    "UpcCode": "",
    "tax": 0.0,
    "spiceLevel": "",
    "aiselNo": "21",
    "store": "Market Basket",
    "weightType": "48 fl oz",
    "imageName": "3119.jpg",
    "defaultImage": "3119.jpg",
    "updatedTimestamp": "Jan 23, 2021 8:02:30 PM",
    "createdTimestamp": "Jan 23, 2021 8:02:30 PM",
    "isNewlyAdded": false,
    "isActive": true,
    "isDealsEnabled": false,
    "quantity": 0
  },
  {
    "id": 454,
    "code": "Market Basket Grip N Tie Tall Kitchen Bags",
    "desc": "Market Basket Grip N Tie Tall Kitchen Bags",
    "shortDesc": "Market Basket Grip N Tie Tall Kitchen Bags",
    "tags": [
      "Tall Trash Bags"
    ],
    "categories": [
      {
        "code": "Kitchen & Cleaning",
        "desc": "Kitchen & Cleaning"
      }
    ],
    "subCategories": [
      {
        "code": "Trash Bags & Liners",
        "desc": "Trash Bags & Liners"
      }
    ],
    "brands": [
      {
        "code": "Market Basket",
        "desc": "Market Basket"
      }
    ],
    "price": {
      "basePrice": 10.39,
      "discountPrice": 10.39
    },
    "type": {
      "code": "Tall Trash Bags",
      "desc": "Tall Trash Bags"
    },
    "weight": "80 count",
    "UpcCode": "",
    "tax": 1.0,
    "spiceLevel": "",
    "aiselNo": "12",
    "store": "Market Basket",
    "weightType": "80 count",
    "imageName": "Market Basket.jpg",
    "defaultImage": "Market Basket.jpg",
    "updatedTimestamp": "Jan 23, 2021 8:02:30 PM",
    "createdTimestamp": "Jan 23, 2021 8:02:30 PM",
    "isNewlyAdded": false,
    "isActive": true,
    "isDealsEnabled": false,
    "quantity": 0
  },
  {
    "id": 13432,
    "code": "Market Basket Organic Cage Free Eggs",
    "desc": "Market Basket Organic Cage Free Eggs",
    "shortDesc": "Market Basket Organic Cage Free Eggs",
    "tags": [
      "Eggs"
    ],
    "categories": [
      {
        "code": "Breakfast & Dairy",
        "desc": "Breakfast & Dairy"
      }
    ],
    "subCategories": [
      {
        "code": "Dairy & Eggs",
        "desc": "Dairy & Eggs"
      }
    ],
    "brands": [
      {
        "code": "Market Basket",
        "desc": "Market Basket"
      }
    ],
    "price": {
      "basePrice": 4.19,
      "discountPrice": 4.19
    },
    "type": {
      "code": "Eggs",
      "desc": "Eggs"
    },
    "weight": "12 count",
    "UpcCode": "",
    "tax": 0.0,
    "spiceLevel": "",
    "aiselNo": "1",
    "store": "Market Basket",
    "weightType": "12 count",
    "imageName": "Market Basket.jpg",
    "defaultImage": "Market Basket.jpg",
    "updatedTimestamp": "Jan 23, 2021 8:02:30 PM",
    "createdTimestamp": "Jan 23, 2021 8:02:30 PM",
    "isNewlyAdded": false,
    "isActive": true,
    "isDealsEnabled": false,
    "quantity": 0
  },
  {
    "id": 14865,
    "code": "Palmolive Mild All Family Soap Bars, Classic Scent",
    "desc": "Palmolive Mild All Family Soap Bars, Classic Scent",
    "shortDesc": "Palmolive Mild All Family Soap Bars, Classic Scent",
    "tags": [
      "Soap"
    ],
    "categories": [
      {
        "code": "Personal Care",
        "desc": "Personal Care"
      }
    ],
    "subCategories": [
      {
        "code": "Body Wash, Soap & Hair Care",
        "desc": "Body Wash, Soap & Hair Care"
      }
    ],
    "brands": [
      {
        "code": "Palmolive",
        "desc": "Palmolive"
      }
    ],
    "price": {
      "basePrice": 1.94,
      "discountPrice": 1.94
    },
    "type": {
      "code": "Soap",
      "desc": "Soap"
    },
    "weight": "3 x 3.2 oz",
    "UpcCode": "",
    "tax": 1.0,
    "spiceLevel": "",
    "aiselNo": "13",
    "store": "Market Basket",
    "weightType": "3 x 3.2 oz",
    "imageName": "17742.jpg",
    "defaultImage": "17742.jpg",
    "updatedTimestamp": "Jan 23, 2021 8:02:30 PM",
    "createdTimestamp": "Jan 23, 2021 8:02:30 PM",
    "isNewlyAdded": false,
    "isActive": true,
    "isDealsEnabled": false,
    "quantity": 0
  },
  {
    "id": 10097,
    "code": "Hood Ice Cream Golden Vanilla",
    "desc": "Hood Ice Cream Golden Vanilla",
    "shortDesc": "Hood Ice Cream Golden Vanilla",
    "tags": [
      "Ice Cream & Ice"
    ],
    "categories": [
      {
        "code": "Frozen Food",
        "desc": "Frozen Food"
      }
    ],
    "subCategories": [
      {
        "code": "Ice Cream & Ice",
        "desc": "Ice Cream & Ice"
      }
    ],
    "brands": [
      {
        "code": "Hood",
        "desc": "Hood"
      }
    ],
    "price": {
      "basePrice": 3.69,
      "discountPrice": 3.69
    },
    "type": {
      "code": "Ice Cream & Ice",
      "desc": "Ice Cream & Ice"
    },
    "weight": "1.5 quart",
    "UpcCode": "",
    "tax": 0.0,
    "spiceLevel": "",
    "aiselNo": "21",
    "store": "Market Basket",
    "weightType": "1.5 quart",
    "imageName": "3101.jpg",
    "defaultImage": "3101.jpg",
    "updatedTimestamp": "Jan 23, 2021 8:02:30 PM",
    "createdTimestamp": "Jan 23, 2021 8:02:30 PM",
    "isNewlyAdded": false,
    "isActive": true,
    "isDealsEnabled": false,
    "quantity": 0
  },
  {
    "id": 6777,
    "code": "Baker's Premium Baking Chocolate Bar, Semi Sweet 56% Cacao",
    "desc": "Baker's Premium Baking Chocolate Bar, Semi Sweet 56% Cacao",
    "shortDesc": "Baker's Premium Baking Chocolate Bar, Semi Sweet 56% Cacao",
    "tags": [
      "Baking Ingredients"
    ],
    "categories": [
      {
        "code": "Cooking Needs",
        "desc": "Cooking Needs"
      }
    ],
    "subCategories": [
      {
        "code": "Baking & Cooking",
        "desc": "Baking & Cooking"
      }
    ],
    "brands": [
      {
        "code": "Baker's",
        "desc": "Baker's"
      }
    ],
    "price": {
      "basePrice": 2.49,
      "discountPrice": 2.49
    },
    "type": {
      "code": "Baking Ingredients",
      "desc": "Baking Ingredients"
    },
    "weight": "4 oz",
    "UpcCode": "",
    "tax": 0.0,
    "spiceLevel": "",
    "aiselNo": "8",
    "store": "Market Basket",
    "weightType": "4 oz",
    "imageName": "15708.jpg",
    "defaultImage": "15708.jpg",
    "updatedTimestamp": "Jan 23, 2021 8:02:30 PM",
    "createdTimestamp": "Jan 23, 2021 8:02:30 PM",
    "isNewlyAdded": false,
    "isActive": true,
    "isDealsEnabled": false,
    "quantity": 0
  },
  {
    "id": 6836,
    "code": "Fisher Walnut Halves & Pieces",
    "desc": "Fisher Walnut Halves & Pieces",
    "shortDesc": "Fisher Walnut Halves & Pieces",
    "tags": [
      "Baking Ingredients"
    ],
    "categories": [
      {
        "code": "Cooking Needs",
        "desc": "Cooking Needs"
      }
    ],
    "subCategories": [
      {
        "code": "Baking & Cooking",
        "desc": "Baking & Cooking"
      }
    ],
    "brands": [
      {
        "code": "Fisher",
        "desc": "Fisher"
      }
    ],
    "price": {
      "basePrice": 7.99,
      "discountPrice": 7.99
    },
    "type": {
      "code": "Baking Ingredients",
      "desc": "Baking Ingredients"
    },
    "weight": "16 oz",
    "UpcCode": "",
    "tax": 0.0,
    "spiceLevel": "",
    "aiselNo": "8",
    "store": "Market Basket",
    "weightType": "16 oz",
    "imageName": "15695.jpg",
    "defaultImage": "15695.jpg",
    "updatedTimestamp": "Jan 23, 2021 8:02:30 PM",
    "createdTimestamp": "Jan 23, 2021 8:02:30 PM",
    "isNewlyAdded": false,
    "isActive": true,
    "isDealsEnabled": false,
    "quantity": 0
  },
  {
    "id": 405,
    "code": "Earth First Recycled Paper Bath Tissue",
    "desc": "Earth First Recycled Paper Bath Tissue",
    "shortDesc": "Earth First Recycled Paper Bath Tissue",
    "tags": [
      "Bathroom Tissues / Toilet Paper"
    ],
    "categories": [
      {
        "code": "Laundry & Paper Goods",
        "desc": "Laundry & Paper Goods"
      }
    ],
    "subCategories": [
      {
        "code": "Paper Goods",
        "desc": "Paper Goods"
      }
    ],
    "brands": [
      {
        "code": "Earth First",
        "desc": "Earth First"
      }
    ],
    "price": {
      "basePrice": 2.99,
      "discountPrice": 2.99
    },
    "type": {
      "code": "Bathroom Tissues / Toilet Paper",
      "desc": "Bathroom Tissues / Toilet Paper"
    },
    "weight": "4 count",
    "UpcCode": "",
    "tax": 1.0,
    "spiceLevel": "",
    "aiselNo": "14",
    "store": "Market Basket",
    "weightType": "4 count",
    "imageName": "No Image.jpg",
    "defaultImage": "No Image.jpg",
    "updatedTimestamp": "Jan 23, 2021 8:02:30 PM",
    "createdTimestamp": "Jan 23, 2021 8:02:30 PM",
    "isNewlyAdded": false,
    "isActive": true,
    "isDealsEnabled": false,
    "quantity": 0
  },
  {
    "id": 7811,
    "code": "Stewart's Shelled Beans",
    "desc": "Stewart's Shelled Beans",
    "shortDesc": "Stewart's Shelled Beans",
    "tags": [
      "Canned Meals & Beans"
    ],
    "categories": [
      {
        "code": "Cooking Needs",
        "desc": "Cooking Needs"
      }
    ],
    "subCategories": [
      {
        "code": "Canned Food",
        "desc": "Canned Food"
      }
    ],
    "brands": [
      {
        "code": "Stewart's",
        "desc": "Stewart's"
      }
    ],
    "price": {
      "basePrice": 1.29,
      "discountPrice": 1.29
    },
    "type": {
      "code": "Canned Meals & Beans",
      "desc": "Canned Meals & Beans"
    },
    "weight": "15.5 oz",
    "UpcCode": "",
    "tax": 0.0,
    "spiceLevel": "",
    "aiselNo": "2",
    "store": "Market Basket",
    "weightType": "15.5 oz",
    "imageName": "17126.jpg",
    "defaultImage": "17126.jpg",
    "updatedTimestamp": "Jan 23, 2021 8:02:30 PM",
    "createdTimestamp": "Jan 23, 2021 8:02:30 PM",
    "isNewlyAdded": false,
    "isActive": true,
    "isDealsEnabled": false,
    "quantity": 0
  },
  {
    "id": 10100,
    "code": "Hood Ice Cream New England Creamery Boston Vanilla Bean",
    "desc": "Hood Ice Cream New England Creamery Boston Vanilla Bean",
    "shortDesc": "Hood Ice Cream New England Creamery Boston Vanilla Bean",
    "tags": [
      "Ice Cream & Ice"
    ],
    "categories": [
      {
        "code": "Frozen Food",
        "desc": "Frozen Food"
      }
    ],
    "subCategories": [
      {
        "code": "Ice Cream & Ice",
        "desc": "Ice Cream & Ice"
      }
    ],
    "brands": [
      {
        "code": "Hood",
        "desc": "Hood"
      }
    ],
    "price": {
      "basePrice": 3.09,
      "discountPrice": 3.09
    },
    "type": {
      "code": "Ice Cream & Ice",
      "desc": "Ice Cream & Ice"
    },
    "weight": "1.5 quart",
    "UpcCode": "",
    "tax": 0.0,
    "spiceLevel": "",
    "aiselNo": "21",
    "store": "Market Basket",
    "weightType": "1.5 quart",
    "imageName": "3110.jpg",
    "defaultImage": "3110.jpg",
    "updatedTimestamp": "Jan 23, 2021 8:02:30 PM",
    "createdTimestamp": "Jan 23, 2021 8:02:30 PM",
    "isNewlyAdded": false,
    "isActive": true,
    "isDealsEnabled": false,
    "quantity": 0
  },
  {
    "id": 4083,
    "code": "Market Basket Beef Loin Choice Sirloin Tips",
    "desc": "Market Basket Beef Loin Choice Sirloin Tips",
    "shortDesc": "Market Basket Beef Loin Choice Sirloin Tips",
    "tags": [
      "Beef"
    ],
    "categories": [
      {
        "code": "Meat & Seafood",
        "desc": "Meat & Seafood"
      }
    ],
    "subCategories": [
      {
        "code": "Meat & Seafood Counter",
        "desc": "Meat & Seafood Counter"
      }
    ],
    "brands": [
      {
        "code": "Market Basket",
        "desc": "Market Basket"
      }
    ],
    "price": {
      "basePrice": 14.68,
      "discountPrice": 14.68
    },
    "type": {
      "code": "Beef",
      "desc": "Beef"
    },
    "weight": "Approx: 1.50 lb at $9.79/lb",
    "UpcCode": "",
    "tax": 0.0,
    "spiceLevel": "",
    "aiselNo": "22",
    "store": "Market Basket",
    "weightType": "Approx: 1.50 lb at $9.79/lb",
    "imageName": "Market Basket.jpg",
    "defaultImage": "Market Basket.jpg",
    "updatedTimestamp": "Jan 23, 2021 8:02:30 PM",
    "createdTimestamp": "Jan 23, 2021 8:02:30 PM",
    "isNewlyAdded": false,
    "isActive": true,
    "isDealsEnabled": false,
    "quantity": 0
  },
  {
    "id": 10001,
    "code": "Edy's/dreyer's Caramel Delight Ice Cream",
    "desc": "Edy's/dreyer's Caramel Delight Ice Cream",
    "shortDesc": "Edy's/dreyer's Caramel Delight Ice Cream",
    "tags": [
      "Ice Cream & Ice"
    ],
    "categories": [
      {
        "code": "Frozen Food",
        "desc": "Frozen Food"
      }
    ],
    "subCategories": [
      {
        "code": "Ice Cream & Ice",
        "desc": "Ice Cream & Ice"
      }
    ],
    "brands": [
      {
        "code": "Edy's/dreyer's",
        "desc": "Edy's/dreyer's"
      }
    ],
    "price": {
      "basePrice": 3.69,
      "discountPrice": 3.69
    },
    "type": {
      "code": "Ice Cream & Ice",
      "desc": "Ice Cream & Ice"
    },
    "weight": "1.5 quart",
    "UpcCode": "",
    "tax": 0.0,
    "spiceLevel": "",
    "aiselNo": "21",
    "store": "Market Basket",
    "weightType": "1.5 quart",
    "imageName": "3037.jpg",
    "defaultImage": "3037.jpg",
    "updatedTimestamp": "Jan 23, 2021 8:02:30 PM",
    "createdTimestamp": "Jan 23, 2021 8:02:30 PM",
    "isNewlyAdded": false,
    "isActive": true,
    "isDealsEnabled": false,
    "quantity": 0
  },
  {
    "id": 7841,
    "code": "Genova Albacore in Olive Oil No Salt Added Tuna",
    "desc": "Genova Albacore in Olive Oil No Salt Added Tuna",
    "shortDesc": "Genova Albacore in Olive Oil No Salt Added Tuna",
    "tags": [
      "Canned Meat & Seafood"
    ],
    "categories": [
      {
        "code": "Cooking Needs",
        "desc": "Cooking Needs"
      }
    ],
    "subCategories": [
      {
        "code": "Canned Food",
        "desc": "Canned Food"
      }
    ],
    "brands": [
      {
        "code": "Genova",
        "desc": "Genova"
      }
    ],
    "price": {
      "basePrice": 2.49,
      "discountPrice": 2.49
    },
    "type": {
      "code": "Canned Meat & Seafood",
      "desc": "Canned Meat & Seafood"
    },
    "weight": "5 oz",
    "UpcCode": "",
    "tax": 0.0,
    "spiceLevel": "",
    "aiselNo": "2",
    "store": "Market Basket",
    "weightType": "5 oz",
    "imageName": "5241.jpg",
    "defaultImage": "5241.jpg",
    "updatedTimestamp": "Jan 23, 2021 8:02:30 PM",
    "createdTimestamp": "Jan 23, 2021 8:02:30 PM",
    "isNewlyAdded": false,
    "isActive": true,
    "isDealsEnabled": false,
    "quantity": 0
  },
  {
    "id": 4347,
    "code": "Market Basket Mexican Bay Scallops",
    "desc": "Market Basket Mexican Bay Scallops",
    "shortDesc": "Market Basket Mexican Bay Scallops",
    "tags": [
      "Scallops"
    ],
    "categories": [
      {
        "code": "Meat & Seafood",
        "desc": "Meat & Seafood"
      }
    ],
    "subCategories": [
      {
        "code": "Meat & Seafood Counter",
        "desc": "Meat & Seafood Counter"
      }
    ],
    "brands": [
      {
        "code": "Market Basket",
        "desc": "Market Basket"
      }
    ],
    "price": {
      "basePrice": 10.99,
      "discountPrice": 10.99
    },
    "type": {
      "code": "Scallops",
      "desc": "Scallops"
    },
    "weight": "Approx: 1.01 lb at $10.9/lb",
    "UpcCode": "",
    "tax": 0.0,
    "spiceLevel": "",
    "aiselNo": "22",
    "store": "Market Basket",
    "weightType": "Approx: 1.01 lb at $10.9/lb",
    "imageName": "Market Basket.jpg",
    "defaultImage": "Market Basket.jpg",
    "updatedTimestamp": "Jan 23, 2021 8:02:30 PM",
    "createdTimestamp": "Jan 23, 2021 8:02:30 PM",
    "isNewlyAdded": false,
    "isActive": true,
    "isDealsEnabled": false,
    "quantity": 0
  },
  {
    "id": 6545,
    "code": "StoneRidge Mixed Berries",
    "desc": "StoneRidge Mixed Berries",
    "shortDesc": "StoneRidge Mixed Berries",
    "tags": [
      "Nuts, Seeds & Dried Fruit"
    ],
    "categories": [
      {
        "code": "Chips, Cookies & Snacks",
        "desc": "Chips, Cookies & Snacks"
      }
    ],
    "subCategories": [
      {
        "code": "Nuts, Seeds & Dried Fruit",
        "desc": "Nuts, Seeds & Dried Fruit"
      }
    ],
    "brands": [
      {
        "code": "StoneRidge Orchards",
        "desc": "StoneRidge Orchards"
      }
    ],
    "price": {
      "basePrice": 3.13,
      "discountPrice": 3.13
    },
    "type": {
      "code": "Nuts, Seeds & Dried Fruit",
      "desc": "Nuts, Seeds & Dried Fruit"
    },
    "weight": "4 oz",
    "UpcCode": "",
    "tax": 0.0,
    "spiceLevel": "",
    "aiselNo": "6",
    "store": "Market Basket",
    "weightType": "4 oz",
    "imageName": "No Image.jpg",
    "defaultImage": "No Image.jpg",
    "updatedTimestamp": "Jan 23, 2021 8:02:30 PM",
    "createdTimestamp": "Jan 23, 2021 8:02:30 PM",
    "isNewlyAdded": false,
    "isActive": true,
    "isDealsEnabled": false,
    "quantity": 0
  },
  {
    "id": 4780,
    "code": "Market Basket 26 30 Per Pound Extra Jumbo Cooked Shrimp",
    "desc": "Market Basket 26 30 Per Pound Extra Jumbo Cooked Shrimp",
    "shortDesc": "Market Basket 26 30 Per Pound Extra Jumbo Cooked Shrimp",
    "tags": [
      "Frozen Shrimp"
    ],
    "categories": [
      {
        "code": "Meat & Seafood",
        "desc": "Meat & Seafood"
      }
    ],
    "subCategories": [
      {
        "code": "Frozen Meat & Seafood",
        "desc": "Frozen Meat & Seafood"
      }
    ],
    "brands": [
      {
        "code": "Market Basket",
        "desc": "Market Basket"
      }
    ],
    "price": {
      "basePrice": 24.29,
      "discountPrice": 24.29
    },
    "type": {
      "code": "Frozen Shrimp",
      "desc": "Frozen Shrimp"
    },
    "weight": "16 oz",
    "UpcCode": "",
    "tax": 0.0,
    "spiceLevel": "",
    "aiselNo": "18",
    "store": "Market Basket",
    "weightType": "16 oz",
    "imageName": "Market Basket.jpg",
    "defaultImage": "Market Basket.jpg",
    "updatedTimestamp": "Jan 23, 2021 8:02:30 PM",
    "createdTimestamp": "Jan 23, 2021 8:02:30 PM",
    "isNewlyAdded": false,
    "isActive": true,
    "isDealsEnabled": false,
    "quantity": 0
  },
  {
    "id": 13860,
    "code": "Swiss Miss Triple Chocolate Dream Pudding",
    "desc": "Swiss Miss Triple Chocolate Dream Pudding",
    "shortDesc": "Swiss Miss Triple Chocolate Dream Pudding",
    "tags": [
      "Refrigerated Pudding & Desserts"
    ],
    "categories": [
      {
        "code": "Breakfast & Dairy",
        "desc": "Breakfast & Dairy"
      }
    ],
    "subCategories": [
      {
        "code": "Dairy & Eggs",
        "desc": "Dairy & Eggs"
      }
    ],
    "brands": [
      {
        "code": "Swiss Miss",
        "desc": "Swiss Miss"
      }
    ],
    "price": {
      "basePrice": 3.09,
      "discountPrice": 3.09
    },
    "type": {
      "code": "Refrigerated Pudding & Desserts",
      "desc": "Refrigerated Pudding & Desserts"
    },
    "weight": "6 x 4 oz",
    "UpcCode": "",
    "tax": 0.0,
    "spiceLevel": "",
    "aiselNo": "19",
    "store": "Market Basket",
    "weightType": "6 x 4 oz",
    "imageName": "825.jpg",
    "defaultImage": "825.jpg",
    "updatedTimestamp": "Jan 23, 2021 8:02:30 PM",
    "createdTimestamp": "Jan 23, 2021 8:02:30 PM",
    "isNewlyAdded": false,
    "isActive": true,
    "isDealsEnabled": false,
    "quantity": 0
  },
  {
    "id": 13324,
    "code": "Coffee Dream Hazelnut Creamer",
    "desc": "Coffee Dream Hazelnut Creamer",
    "shortDesc": "Coffee Dream Hazelnut Creamer",
    "tags": [
      "Cream"
    ],
    "categories": [
      {
        "code": "Breakfast & Dairy",
        "desc": "Breakfast & Dairy"
      }
    ],
    "subCategories": [
      {
        "code": "Dairy & Eggs",
        "desc": "Dairy & Eggs"
      }
    ],
    "brands": [
      {
        "code": "Coffee Dream",
        "desc": "Coffee Dream"
      }
    ],
    "price": {
      "basePrice": 3.09,
      "discountPrice": 3.09
    },
    "type": {
      "code": "Cream",
      "desc": "Cream"
    },
    "weight": "32 fl oz",
    "UpcCode": "",
    "tax": 0.0,
    "spiceLevel": "",
    "aiselNo": "1",
    "store": "Market Basket",
    "weightType": "32 fl oz",
    "imageName": "Market Basket.jpg",
    "defaultImage": "Market Basket.jpg",
    "updatedTimestamp": "Jan 23, 2021 8:02:30 PM",
    "createdTimestamp": "Jan 23, 2021 8:02:30 PM",
    "isNewlyAdded": false,
    "isActive": true,
    "isDealsEnabled": false,
    "quantity": 0
  },
  {
    "id": 15330,
    "code": "Nature Made Calcium, Magnesium Oxide, Zinc with Vitamin D3 Tablets",
    "desc": "Nature Made Calcium, Magnesium Oxide, Zinc with Vitamin D3 Tablets",
    "shortDesc": "Nature Made Calcium, Magnesium Oxide, Zinc with Vitamin D3 Tablets",
    "tags": [
      "Vitamins & Supplements"
    ],
    "categories": [
      {
        "code": "Personal Care",
        "desc": "Personal Care"
      }
    ],
    "subCategories": [
      {
        "code": "Vitamins & Proteins",
        "desc": "Vitamins & Proteins"
      }
    ],
    "brands": [
      {
        "code": "Nature Made",
        "desc": "Nature Made"
      }
    ],
    "price": {
      "basePrice": 12.64,
      "discountPrice": 12.64
    },
    "type": {
      "code": "Vitamins & Supplements",
      "desc": "Vitamins & Supplements"
    },
    "weight": "300 count",
    "UpcCode": "",
    "tax": 1.0,
    "spiceLevel": "",
    "aiselNo": "13",
    "store": "Market Basket",
    "weightType": "300 count",
    "imageName": "18178.jpg",
    "defaultImage": "18178.jpg",
    "updatedTimestamp": "Jan 23, 2021 8:02:30 PM",
    "createdTimestamp": "Jan 23, 2021 8:02:30 PM",
    "isNewlyAdded": false,
    "isActive": true,
    "isDealsEnabled": false,
    "quantity": 0
  },
  {
    "id": 6033,
    "code": "Red Bull Green Edition - Kiwi Apple",
    "desc": "Red Bull Green Edition - Kiwi Apple",
    "shortDesc": "Red Bull Green Edition - Kiwi Apple",
    "tags": [
      "Energy & Sports Drinks"
    ],
    "categories": [
      {
        "code": "Beverages & Juices",
        "desc": "Beverages & Juices"
      }
    ],
    "subCategories": [
      {
        "code": "Energy & Sports Drinks",
        "desc": "Energy & Sports Drinks"
      }
    ],
    "brands": [
      {
        "code": "Red Bull",
        "desc": "Red Bull"
      }
    ],
    "price": {
      "basePrice": 3.13,
      "discountPrice": 3.13
    },
    "type": {
      "code": "Energy & Sports Drinks",
      "desc": "Energy & Sports Drinks"
    },
    "weight": "12 fl oz",
    "UpcCode": "",
    "tax": 0.0,
    "spiceLevel": "",
    "aiselNo": "17",
    "store": "Market Basket",
    "weightType": "12 fl oz",
    "imageName": "No Image.jpg",
    "defaultImage": "No Image.jpg",
    "updatedTimestamp": "Jan 23, 2021 8:02:29 PM",
    "createdTimestamp": "Jan 23, 2021 8:02:29 PM",
    "isNewlyAdded": false,
    "isActive": true,
    "isDealsEnabled": false,
    "quantity": 0
  },
  {
    "id": 9040,
    "code": "Smart Balance Natural Rich Roast Chunky Peanut Butter",
    "desc": "Smart Balance Natural Rich Roast Chunky Peanut Butter",
    "shortDesc": "Smart Balance Natural Rich Roast Chunky Peanut Butter",
    "tags": [
      "Spreads"
    ],
    "categories": [
      {
        "code": "Condiments & Dressings",
        "desc": "Condiments & Dressings"
      }
    ],
    "subCategories": [
      {
        "code": "Preserved Dips & Spreads",
        "desc": "Preserved Dips & Spreads"
      }
    ],
    "brands": [
      {
        "code": "Smart Balance",
        "desc": "Smart Balance"
      }
    ],
    "price": {
      "basePrice": 5.39,
      "discountPrice": 5.39
    },
    "type": {
      "code": "Spreads",
      "desc": "Spreads"
    },
    "weight": "16 oz",
    "UpcCode": "",
    "tax": 0.0,
    "spiceLevel": "",
    "aiselNo": "3",
    "store": "Market Basket",
    "weightType": "16 oz",
    "imageName": "15423.jpg",
    "defaultImage": "15423.jpg",
    "updatedTimestamp": "Jan 23, 2021 8:02:30 PM",
    "createdTimestamp": "Jan 23, 2021 8:02:30 PM",
    "isNewlyAdded": false,
    "isActive": true,
    "isDealsEnabled": false,
    "quantity": 0
  },
  {
    "id": 5701,
    "code": "Atkins Advantage Protein Rich Meal Bar Chocolate Peanut Butter Bar",
    "desc": "Atkins Advantage Protein Rich Meal Bar Chocolate Peanut Butter Bar",
    "shortDesc": "Atkins Advantage Protein Rich Meal Bar Chocolate Peanut Butter Bar",
    "tags": [
      "Protien Bars"
    ],
    "categories": [
      {
        "code": "Breakfast & Dairy",
        "desc": "Breakfast & Dairy"
      }
    ],
    "subCategories": [
      {
        "code": "Bars & Pastries",
        "desc": "Bars & Pastries"
      }
    ],
    "brands": [
      {
        "code": "Atkins",
        "desc": "Atkins"
      }
    ],
    "price": {
      "basePrice": 8.59,
      "discountPrice": 8.59
    },
    "type": {
      "code": "Protien Bars",
      "desc": "Protien Bars"
    },
    "weight": "5 x 2.1 oz",
    "UpcCode": "",
    "tax": 0.0,
    "spiceLevel": "",
    "aiselNo": "3",
    "store": "Market Basket",
    "weightType": "5 x 2.1 oz",
    "imageName": "15200.jpg",
    "defaultImage": "15200.jpg",
    "updatedTimestamp": "Jan 23, 2021 8:02:30 PM",
    "createdTimestamp": "Jan 23, 2021 8:02:30 PM",
    "isNewlyAdded": false,
    "isActive": true,
    "isDealsEnabled": false,
    "quantity": 0
  },
  {
    "id": 5956,
    "code": "Mr & Mrs T Horseradish Bloody Mary Mix",
    "desc": "Mr & Mrs T Horseradish Bloody Mary Mix",
    "shortDesc": "Mr & Mrs T Horseradish Bloody Mary Mix",
    "tags": [
      "Cocoa & Drink Mixes"
    ],
    "categories": [
      {
        "code": "Beverages & Juices",
        "desc": "Beverages & Juices"
      }
    ],
    "subCategories": [
      {
        "code": "Cocoa & Drink Mixes",
        "desc": "Cocoa & Drink Mixes"
      }
    ],
    "brands": [
      {
        "code": "Mr & Mrs T",
        "desc": "Mr & Mrs T"
      }
    ],
    "price": {
      "basePrice": 4.99,
      "discountPrice": 4.99
    },
    "type": {
      "code": "Cocoa & Drink Mixes",
      "desc": "Cocoa & Drink Mixes"
    },
    "weight": "1 L",
    "UpcCode": "",
    "tax": 0.0,
    "spiceLevel": "",
    "aiselNo": "17",
    "store": "Market Basket",
    "weightType": "1 L",
    "imageName": "No Image.jpg",
    "defaultImage": "No Image.jpg",
    "updatedTimestamp": "Jan 23, 2021 8:02:29 PM",
    "createdTimestamp": "Jan 23, 2021 8:02:29 PM",
    "isNewlyAdded": false,
    "isActive": true,
    "isDealsEnabled": false,
    "quantity": 0
  },
  {
    "id": 13511,
    "code": "McArthur 1% Lowfat Milk",
    "desc": "McArthur 1% Lowfat Milk",
    "shortDesc": "McArthur 1% Lowfat Milk",
    "tags": [
      "Milk"
    ],
    "categories": [
      {
        "code": "Breakfast & Dairy",
        "desc": "Breakfast & Dairy"
      }
    ],
    "subCategories": [
      {
        "code": "Dairy & Eggs",
        "desc": "Dairy & Eggs"
      }
    ],
    "brands": [
      {
        "code": "McArthur",
        "desc": "McArthur"
      }
    ],
    "price": {
      "basePrice": 3.69,
      "discountPrice": 3.69
    },
    "type": {
      "code": "Milk",
      "desc": "Milk"
    },
    "weight": "0.5 gal",
    "UpcCode": "",
    "tax": 0.0,
    "spiceLevel": "",
    "aiselNo": "1",
    "store": "Market Basket",
    "weightType": "0.5 gal",
    "imageName": "523.jpg",
    "defaultImage": "523.jpg",
    "updatedTimestamp": "Jan 23, 2021 8:02:30 PM",
    "createdTimestamp": "Jan 23, 2021 8:02:30 PM",
    "isNewlyAdded": false,
    "isActive": true,
    "isDealsEnabled": false,
    "quantity": 0
  },
  {
    "id": 14974,
    "code": "Advil Children's Ibuprofen",
    "desc": "Advil Children's Ibuprofen",
    "shortDesc": "Advil Children's Ibuprofen",
    "tags": [
      "Muscles, Joints & Pain Relief"
    ],
    "categories": [
      {
        "code": "Personal Care",
        "desc": "Personal Care"
      }
    ],
    "subCategories": [
      {
        "code": "First Aid & Healthcare",
        "desc": "First Aid & Healthcare"
      }
    ],
    "brands": [
      {
        "code": "Advil",
        "desc": "Advil"
      }
    ],
    "price": {
      "basePrice": 7.0,
      "discountPrice": 7.0
    },
    "type": {
      "code": "Muscles, Joints & Pain Relief",
      "desc": "Muscles, Joints & Pain Relief"
    },
    "weight": "24 count",
    "UpcCode": "",
    "tax": 1.0,
    "spiceLevel": "",
    "aiselNo": "13",
    "store": "Market Basket",
    "weightType": "24 count",
    "imageName": "6632.jpg",
    "defaultImage": "6632.jpg",
    "updatedTimestamp": "Jan 23, 2021 8:02:30 PM",
    "createdTimestamp": "Jan 23, 2021 8:02:30 PM",
    "isNewlyAdded": false,
    "isActive": true,
    "isDealsEnabled": false,
    "quantity": 0
  },
  {
    "id": 13839,
    "code": "KozyShack Pudding, Tapioca, Simply Well, Sleeve",
    "desc": "KozyShack Pudding, Tapioca, Simply Well, Sleeve",
    "shortDesc": "KozyShack Pudding, Tapioca, Simply Well, Sleeve",
    "tags": [
      "Refrigerated Pudding & Desserts"
    ],
    "categories": [
      {
        "code": "Breakfast & Dairy",
        "desc": "Breakfast & Dairy"
      }
    ],
    "subCategories": [
      {
        "code": "Dairy & Eggs",
        "desc": "Dairy & Eggs"
      }
    ],
    "brands": [
      {
        "code": "KozyShack",
        "desc": "KozyShack"
      }
    ],
    "price": {
      "basePrice": 3.09,
      "discountPrice": 3.09
    },
    "type": {
      "code": "Refrigerated Pudding & Desserts",
      "desc": "Refrigerated Pudding & Desserts"
    },
    "weight": "4 oz",
    "UpcCode": "",
    "tax": 0.0,
    "spiceLevel": "",
    "aiselNo": "19",
    "store": "Market Basket",
    "weightType": "4 oz",
    "imageName": "822.jpg",
    "defaultImage": "822.jpg",
    "updatedTimestamp": "Jan 23, 2021 8:02:30 PM",
    "createdTimestamp": "Jan 23, 2021 8:02:30 PM",
    "isNewlyAdded": false,
    "isActive": true,
    "isDealsEnabled": false,
    "quantity": 0
  },
  {
    "id": 14366,
    "code": "Folgers Classic Decaf Ground Coffee Medium",
    "desc": "Folgers Classic Decaf Ground Coffee Medium",
    "shortDesc": "Folgers Classic Decaf Ground Coffee Medium",
    "tags": [
      "Coffee"
    ],
    "categories": [
      {
        "code": "Breakfast & Dairy",
        "desc": "Breakfast & Dairy"
      }
    ],
    "subCategories": [
      {
        "code": "Tea & Coffee",
        "desc": "Tea & Coffee"
      }
    ],
    "brands": [
      {
        "code": "Folgers ",
        "desc": "Folgers "
      }
    ],
    "price": {
      "basePrice": 6.09,
      "discountPrice": 6.09
    },
    "type": {
      "code": "Coffee",
      "desc": "Coffee"
    },
    "weight": "11.3 oz",
    "UpcCode": "",
    "tax": 0.0,
    "spiceLevel": "",
    "aiselNo": "8",
    "store": "Market Basket",
    "weightType": "11.3 oz",
    "imageName": "3345.jpg",
    "defaultImage": "3345.jpg",
    "updatedTimestamp": "Jan 23, 2021 8:02:30 PM",
    "createdTimestamp": "Jan 23, 2021 8:02:30 PM",
    "isNewlyAdded": false,
    "isActive": true,
    "isDealsEnabled": false,
    "quantity": 0
  },
  {
    "id": 10419,
    "code": "Goya Pink Beans",
    "desc": "Goya Pink Beans",
    "shortDesc": "Goya Pink Beans",
    "tags": [
      "Canned Food"
    ],
    "categories": [
      {
        "code": "Cooking Needs",
        "desc": "Cooking Needs"
      }
    ],
    "subCategories": [
      {
        "code": "Canned Food",
        "desc": "Canned Food"
      }
    ],
    "brands": [
      {
        "code": "Goya",
        "desc": "Goya"
      }
    ],
    "price": {
      "basePrice": 2.09,
      "discountPrice": 2.09
    },
    "type": {
      "code": "Canned Food",
      "desc": "Canned Food"
    },
    "weight": "16 oz",
    "UpcCode": "",
    "tax": 0.0,
    "spiceLevel": "",
    "aiselNo": "7",
    "store": "Market Basket",
    "weightType": "16 oz",
    "imageName": "5810.jpg",
    "defaultImage": "5810.jpg",
    "updatedTimestamp": "Jan 23, 2021 8:02:30 PM",
    "createdTimestamp": "Jan 23, 2021 8:02:30 PM",
    "isNewlyAdded": false,
    "isActive": true,
    "isDealsEnabled": false,
    "quantity": 0
  },
  {
    "id": 6310,
    "code": "Poland Spring Sparkling Water, White Peach Ginger",
    "desc": "Poland Spring Sparkling Water, White Peach Ginger",
    "shortDesc": "Poland Spring Sparkling Water, White Peach Ginger",
    "tags": [
      "Sparkling Water"
    ],
    "categories": [
      {
        "code": "Beverages & Juices",
        "desc": "Beverages & Juices"
      }
    ],
    "subCategories": [
      {
        "code": "Water",
        "desc": "Water"
      }
    ],
    "brands": [
      {
        "code": "Poland Spring",
        "desc": "Poland Spring"
      }
    ],
    "price": {
      "basePrice": 3.74,
      "discountPrice": 3.74
    },
    "type": {
      "code": "Sparkling Water",
      "desc": "Sparkling Water"
    },
    "weight": "8 x 16.9 fl oz",
    "UpcCode": "",
    "tax": 0.0,
    "spiceLevel": "",
    "aiselNo": "11",
    "store": "Market Basket",
    "weightType": "8 x 16.9 fl oz",
    "imageName": "No Image.jpg",
    "defaultImage": "No Image.jpg",
    "updatedTimestamp": "Jan 23, 2021 8:02:30 PM",
    "createdTimestamp": "Jan 23, 2021 8:02:30 PM",
    "isNewlyAdded": false,
    "isActive": true,
    "isDealsEnabled": false,
    "quantity": 0
  },
  {
    "id": 13727,
    "code": "Market Basket bad price Grated Parmesan Cheese",
    "desc": "Market Basket bad price Grated Parmesan Cheese",
    "shortDesc": "Market Basket bad price Grated Parmesan Cheese",
    "tags": [
      "Packaged Cheese"
    ],
    "categories": [
      {
        "code": "Breakfast & Dairy",
        "desc": "Breakfast & Dairy"
      }
    ],
    "subCategories": [
      {
        "code": "Dairy & Eggs",
        "desc": "Dairy & Eggs"
      }
    ],
    "brands": [
      {
        "code": "Market Basket",
        "desc": "Market Basket"
      }
    ],
    "price": {
      "basePrice": 3.09,
      "discountPrice": 3.09
    },
    "type": {
      "code": "Packaged Cheese",
      "desc": "Packaged Cheese"
    },
    "weight": "8 oz",
    "UpcCode": "",
    "tax": 0.0,
    "spiceLevel": "",
    "aiselNo": "1",
    "store": "Market Basket",
    "weightType": "8 oz",
    "imageName": "Market Basket.jpg",
    "defaultImage": "Market Basket.jpg",
    "updatedTimestamp": "Jan 23, 2021 8:02:30 PM",
    "createdTimestamp": "Jan 23, 2021 8:02:30 PM",
    "isNewlyAdded": false,
    "isActive": true,
    "isDealsEnabled": false,
    "quantity": 0
  },
  {
    "id": 7436,
    "code": "Gonsalves Sliced Sweet Red Peppers",
    "desc": "Gonsalves Sliced Sweet Red Peppers",
    "shortDesc": "Gonsalves Sliced Sweet Red Peppers",
    "tags": [
      "Canned & Jarred Vegetables"
    ],
    "categories": [
      {
        "code": "Cooking Needs",
        "desc": "Cooking Needs"
      }
    ],
    "subCategories": [
      {
        "code": "Canned Food",
        "desc": "Canned Food"
      }
    ],
    "brands": [
      {
        "code": "Gonsalves",
        "desc": "Gonsalves"
      }
    ],
    "price": {
      "basePrice": 4.19,
      "discountPrice": 4.19
    },
    "type": {
      "code": "Canned & Jarred Vegetables",
      "desc": "Canned & Jarred Vegetables"
    },
    "weight": "1 oz",
    "UpcCode": "",
    "tax": 0.0,
    "spiceLevel": "",
    "aiselNo": "9",
    "store": "Market Basket",
    "weightType": "1 oz",
    "imageName": "No Image.jpg",
    "defaultImage": "No Image.jpg",
    "updatedTimestamp": "Jan 23, 2021 8:02:30 PM",
    "createdTimestamp": "Jan 23, 2021 8:02:30 PM",
    "isNewlyAdded": false,
    "isActive": true,
    "isDealsEnabled": false,
    "quantity": 0
  },
  {
    "id": 9864,
    "code": "Market Basket Italian Green Beans",
    "desc": "Market Basket Italian Green Beans",
    "shortDesc": "Market Basket Italian Green Beans",
    "tags": [
      "Frozen Produce"
    ],
    "categories": [
      {
        "code": "Frozen Food",
        "desc": "Frozen Food"
      }
    ],
    "subCategories": [
      {
        "code": "Frozen Produce",
        "desc": "Frozen Produce"
      }
    ],
    "brands": [
      {
        "code": "Market Basket",
        "desc": "Market Basket"
      }
    ],
    "price": {
      "basePrice": 1.59,
      "discountPrice": 1.59
    },
    "type": {
      "code": "Frozen Produce",
      "desc": "Frozen Produce"
    },
    "weight": "16 oz",
    "UpcCode": "",
    "tax": 0.0,
    "spiceLevel": "",
    "aiselNo": "19",
    "store": "Market Basket",
    "weightType": "16 oz",
    "imageName": "Market Basket.jpg",
    "defaultImage": "Market Basket.jpg",
    "updatedTimestamp": "Jan 23, 2021 8:02:30 PM",
    "createdTimestamp": "Jan 23, 2021 8:02:30 PM",
    "isNewlyAdded": false,
    "isActive": true,
    "isDealsEnabled": false,
    "quantity": 0
  },
  {
    "id": 7930,
    "code": "Campbell's Chunky Microwavable Soup, New England Clam Chowder Soup",
    "desc": "Campbell's Chunky Microwavable Soup, New England Clam Chowder Soup",
    "shortDesc": "Campbell's Chunky Microwavable Soup, New England Clam Chowder Soup",
    "tags": [
      "Soup, Broth & Bouillon"
    ],
    "categories": [
      {
        "code": "Cooking Needs",
        "desc": "Cooking Needs"
      }
    ],
    "subCategories": [
      {
        "code": "Canned Food",
        "desc": "Canned Food"
      }
    ],
    "brands": [
      {
        "code": "Campbell's",
        "desc": "Campbell's"
      }
    ],
    "price": {
      "basePrice": 3.09,
      "discountPrice": 3.09
    },
    "type": {
      "code": "Soup, Broth & Bouillon",
      "desc": "Soup, Broth & Bouillon"
    },
    "weight": "15.25 oz",
    "UpcCode": "",
    "tax": 0.0,
    "spiceLevel": "",
    "aiselNo": "2",
    "store": "Market Basket",
    "weightType": "15.25 oz",
    "imageName": "5349.jpg",
    "defaultImage": "5349.jpg",
    "updatedTimestamp": "Jan 23, 2021 8:02:30 PM",
    "createdTimestamp": "Jan 23, 2021 8:02:30 PM",
    "isNewlyAdded": false,
    "isActive": true,
    "isDealsEnabled": false,
    "quantity": 0
  },
  {
    "id": 5706,
    "code": "Balance Bar Nutrition Bar Caramel Nut Blast",
    "desc": "Balance Bar Nutrition Bar Caramel Nut Blast",
    "shortDesc": "Balance Bar Nutrition Bar Caramel Nut Blast",
    "tags": [
      "Protien Bars"
    ],
    "categories": [
      {
        "code": "Breakfast & Dairy",
        "desc": "Breakfast & Dairy"
      }
    ],
    "subCategories": [
      {
        "code": "Bars & Pastries",
        "desc": "Bars & Pastries"
      }
    ],
    "brands": [
      {
        "code": "Balance Bar",
        "desc": "Balance Bar"
      }
    ],
    "price": {
      "basePrice": 1.29,
      "discountPrice": 1.29
    },
    "type": {
      "code": "Protien Bars",
      "desc": "Protien Bars"
    },
    "weight": "1.76 oz",
    "UpcCode": "",
    "tax": 0.0,
    "spiceLevel": "",
    "aiselNo": "3",
    "store": "Market Basket",
    "weightType": "1.76 oz",
    "imageName": "15220.jpg",
    "defaultImage": "15220.jpg",
    "updatedTimestamp": "Jan 23, 2021 8:02:30 PM",
    "createdTimestamp": "Jan 23, 2021 8:02:30 PM",
    "isNewlyAdded": false,
    "isActive": true,
    "isDealsEnabled": false,
    "quantity": 0
  },
  {
    "id": 6328,
    "code": "Polar Orange Dry Sparkling Water Cans",
    "desc": "Polar Orange Dry Sparkling Water Cans",
    "shortDesc": "Polar Orange Dry Sparkling Water Cans",
    "tags": [
      "Sparkling Water"
    ],
    "categories": [
      {
        "code": "Beverages & Juices",
        "desc": "Beverages & Juices"
      }
    ],
    "subCategories": [
      {
        "code": "Water",
        "desc": "Water"
      }
    ],
    "brands": [
      {
        "code": "Polar",
        "desc": "Polar"
      }
    ],
    "price": {
      "basePrice": 3.74,
      "discountPrice": 3.74
    },
    "type": {
      "code": "Sparkling Water",
      "desc": "Sparkling Water"
    },
    "weight": "6 x 7.5 fl oz",
    "UpcCode": "",
    "tax": 0.0,
    "spiceLevel": "",
    "aiselNo": "11",
    "store": "Market Basket",
    "weightType": "6 x 7.5 fl oz",
    "imageName": "No Image.jpg",
    "defaultImage": "No Image.jpg",
    "updatedTimestamp": "Jan 23, 2021 8:02:30 PM",
    "createdTimestamp": "Jan 23, 2021 8:02:30 PM",
    "isNewlyAdded": false,
    "isActive": true,
    "isDealsEnabled": false,
    "quantity": 0
  },
  {
    "id": 8020,
    "code": "Kitchen Basics All Natural Unsalted Chicken Stock",
    "desc": "Kitchen Basics All Natural Unsalted Chicken Stock",
    "shortDesc": "Kitchen Basics All Natural Unsalted Chicken Stock",
    "tags": [
      "Soup, Broth & Bouillon"
    ],
    "categories": [
      {
        "code": "Cooking Needs",
        "desc": "Cooking Needs"
      }
    ],
    "subCategories": [
      {
        "code": "Canned Food",
        "desc": "Canned Food"
      }
    ],
    "brands": [
      {
        "code": "Kitchen Basics",
        "desc": "Kitchen Basics"
      }
    ],
    "price": {
      "basePrice": 3.09,
      "discountPrice": 3.09
    },
    "type": {
      "code": "Soup, Broth & Bouillon",
      "desc": "Soup, Broth & Bouillon"
    },
    "weight": "32 oz",
    "UpcCode": "",
    "tax": 0.0,
    "spiceLevel": "",
    "aiselNo": "2",
    "store": "Market Basket",
    "weightType": "32 oz",
    "imageName": "17171.jpg",
    "defaultImage": "17171.jpg",
    "updatedTimestamp": "Jan 23, 2021 8:02:30 PM",
    "createdTimestamp": "Jan 23, 2021 8:02:30 PM",
    "isNewlyAdded": false,
    "isActive": true,
    "isDealsEnabled": false,
    "quantity": 0
  },
  {
    "id": 4651,
    "code": "Chicken of the Sea Pink Salmon Skinless & Boneless",
    "desc": "Chicken of the Sea Pink Salmon Skinless & Boneless",
    "shortDesc": "Chicken of the Sea Pink Salmon Skinless & Boneless",
    "tags": [
      "Canned Salmon"
    ],
    "categories": [
      {
        "code": "Meat & Seafood",
        "desc": "Meat & Seafood"
      }
    ],
    "subCategories": [
      {
        "code": "Canned Meat & Seafood",
        "desc": "Canned Meat & Seafood"
      }
    ],
    "brands": [
      {
        "code": "Chicken of the Sea",
        "desc": "Chicken of the Sea"
      }
    ],
    "price": {
      "basePrice": 2.49,
      "discountPrice": 2.49
    },
    "type": {
      "code": "Canned Salmon",
      "desc": "Canned Salmon"
    },
    "weight": "5 oz",
    "UpcCode": "",
    "tax": 0.0,
    "spiceLevel": "",
    "aiselNo": "2",
    "store": "Market Basket",
    "weightType": "5 oz",
    "imageName": "5215.jpg",
    "defaultImage": "5215.jpg",
    "updatedTimestamp": "Jan 23, 2021 8:02:30 PM",
    "createdTimestamp": "Jan 23, 2021 8:02:30 PM",
    "isNewlyAdded": false,
    "isActive": true,
    "isDealsEnabled": false,
    "quantity": 0
  },
  {
    "id": 14511,
    "code": "Barry's Tea Gold Blend",
    "desc": "Barry's Tea Gold Blend",
    "shortDesc": "Barry's Tea Gold Blend",
    "tags": [
      "Tea"
    ],
    "categories": [
      {
        "code": "Breakfast & Dairy",
        "desc": "Breakfast & Dairy"
      }
    ],
    "subCategories": [
      {
        "code": "Tea & Coffee",
        "desc": "Tea & Coffee"
      }
    ],
    "brands": [
      {
        "code": "Barry's",
        "desc": "Barry's"
      }
    ],
    "price": {
      "basePrice": 7.39,
      "discountPrice": 7.39
    },
    "type": {
      "code": "Tea",
      "desc": "Tea"
    },
    "weight": "80 count",
    "UpcCode": "",
    "tax": 0.0,
    "spiceLevel": "",
    "aiselNo": "8",
    "store": "Market Basket",
    "weightType": "80 count",
    "imageName": "16340.jpg",
    "defaultImage": "16340.jpg",
    "updatedTimestamp": "Jan 23, 2021 8:02:30 PM",
    "createdTimestamp": "Jan 23, 2021 8:02:30 PM",
    "isNewlyAdded": false,
    "isActive": true,
    "isDealsEnabled": false,
    "quantity": 0
  },
  {
    "id": 3862,
    "code": "Long Hot Peppers (Hot)",
    "desc": "Long Hot Peppers (Hot)",
    "shortDesc": "Long Hot Peppers (Hot)",
    "tags": [
      "Hot Pepper"
    ],
    "categories": [
      {
        "code": "Fresh Produce",
        "desc": "Fresh Produce"
      }
    ],
    "subCategories": [
      {
        "code": "Fresh Vegetables",
        "desc": "Fresh Vegetables"
      }
    ],
    "brands": [
      {
        "code": "Market Basket",
        "desc": "Market Basket"
      }
    ],
    "price": {
      "basePrice": 3.29,
      "discountPrice": 3.29
    },
    "type": {
      "code": "Hot Pepper",
      "desc": "Hot Pepper"
    },
    "weight": "1 lb",
    "UpcCode": "",
    "tax": 0.0,
    "spiceLevel": "",
    "aiselNo": "20",
    "store": "Market Basket",
    "weightType": "1 lb",
    "imageName": "f202.jpg",
    "defaultImage": "f202.jpg",
    "updatedTimestamp": "Jan 23, 2021 8:02:30 PM",
    "createdTimestamp": "Jan 23, 2021 8:02:30 PM",
    "isNewlyAdded": false,
    "isActive": true,
    "isDealsEnabled": false,
    "quantity": 0
  },
  {
    "id": 5858,
    "code": "Market Basket Strawberry Syrup",
    "desc": "Market Basket Strawberry Syrup",
    "shortDesc": "Market Basket Strawberry Syrup",
    "tags": [
      "Ice Cream Toppings"
    ],
    "categories": [
      {
        "code": "Richardson's Farm Ice Cream",
        "desc": "Richardson's Farm Ice Cream"
      }
    ],
    "subCategories": [
      {
        "code": "Ice Cream Toppings",
        "desc": "Ice Cream Toppings"
      }
    ],
    "brands": [
      {
        "code": "Market Basket",
        "desc": "Market Basket"
      }
    ],
    "price": {
      "basePrice": 1.89,
      "discountPrice": 1.89
    },
    "type": {
      "code": "Ice Cream Toppings",
      "desc": "Ice Cream Toppings"
    },
    "weight": "22 oz",
    "UpcCode": "",
    "tax": 0.0,
    "spiceLevel": "",
    "aiselNo": "20",
    "store": "Market Basket",
    "weightType": "22 oz",
    "imageName": "Market Basket.jpg",
    "defaultImage": "Market Basket.jpg",
    "updatedTimestamp": "Jan 23, 2021 8:02:30 PM",
    "createdTimestamp": "Jan 23, 2021 8:02:30 PM",
    "isNewlyAdded": false,
    "isActive": true,
    "isDealsEnabled": false,
    "quantity": 0
  },
  {
    "id": 15123,
    "code": "Pond's Makeup Remover Wipes Evening Soothe",
    "desc": "Pond's Makeup Remover Wipes Evening Soothe",
    "shortDesc": "Pond's Makeup Remover Wipes Evening Soothe",
    "tags": [
      "Facial Care"
    ],
    "categories": [
      {
        "code": "Personal Care",
        "desc": "Personal Care"
      }
    ],
    "subCategories": [
      {
        "code": "Personal Needs",
        "desc": "Personal Needs"
      }
    ],
    "brands": [
      {
        "code": "Pond's",
        "desc": "Pond's"
      }
    ],
    "price": {
      "basePrice": 7.69,
      "discountPrice": 7.69
    },
    "type": {
      "code": "Facial Care",
      "desc": "Facial Care"
    },
    "weight": "28 count",
    "UpcCode": "",
    "tax": 1.0,
    "spiceLevel": "",
    "aiselNo": "13",
    "store": "Market Basket",
    "weightType": "28 count",
    "imageName": "6278.jpg",
    "defaultImage": "6278.jpg",
    "updatedTimestamp": "Jan 23, 2021 8:02:30 PM",
    "createdTimestamp": "Jan 23, 2021 8:02:30 PM",
    "isNewlyAdded": false,
    "isActive": true,
    "isDealsEnabled": false,
    "quantity": 0
  },
  {
    "id": 5666,
    "code": "Orbit Wintermint Sugarfree Gum multi total",
    "desc": "Orbit Wintermint Sugarfree Gum multi total",
    "shortDesc": "Orbit Wintermint Sugarfree Gum multi total",
    "tags": [
      "Mint & Gum"
    ],
    "categories": [
      {
        "code": "Chips, Cookies & Snacks",
        "desc": "Chips, Cookies & Snacks"
      }
    ],
    "subCategories": [
      {
        "code": "Candy & Chocolates",
        "desc": "Candy & Chocolates"
      }
    ],
    "brands": [
      {
        "code": "Orbit",
        "desc": "Orbit"
      }
    ],
    "price": {
      "basePrice": 3.69,
      "discountPrice": 3.69
    },
    "type": {
      "code": "Mint & Gum",
      "desc": "Mint & Gum"
    },
    "weight": "3 x 42 ct",
    "UpcCode": "",
    "tax": 0.0,
    "spiceLevel": "",
    "aiselNo": "3",
    "store": "Market Basket",
    "weightType": "3 x 42 ct",
    "imageName": "1492.jpg",
    "defaultImage": "1492.jpg",
    "updatedTimestamp": "Jan 23, 2021 8:02:30 PM",
    "createdTimestamp": "Jan 23, 2021 8:02:30 PM",
    "isNewlyAdded": false,
    "isActive": true,
    "isDealsEnabled": false,
    "quantity": 0
  },
  {
    "id": 8343,
    "code": "Sea Gold Seafood And Jalapeno Crab Dip",
    "desc": "Sea Gold Seafood And Jalapeno Crab Dip",
    "shortDesc": "Sea Gold Seafood And Jalapeno Crab Dip",
    "tags": [
      "Fresh Dips & Tapenades"
    ],
    "categories": [
      {
        "code": "Condiments & Dressings",
        "desc": "Condiments & Dressings"
      }
    ],
    "subCategories": [
      {
        "code": "Fresh Dips & Tapenades",
        "desc": "Fresh Dips & Tapenades"
      }
    ],
    "brands": [
      {
        "code": "Sea Gold",
        "desc": "Sea Gold"
      }
    ],
    "price": {
      "basePrice": 3.69,
      "discountPrice": 3.69
    },
    "type": {
      "code": "Fresh Dips & Tapenades",
      "desc": "Fresh Dips & Tapenades"
    },
    "weight": "7 oz",
    "UpcCode": "",
    "tax": 0.0,
    "spiceLevel": "",
    "aiselNo": "1",
    "store": "Market Basket",
    "weightType": "7 oz",
    "imageName": "17328.jpg",
    "defaultImage": "17328.jpg",
    "updatedTimestamp": "Jan 23, 2021 8:02:30 PM",
    "createdTimestamp": "Jan 23, 2021 8:02:30 PM",
    "isNewlyAdded": false,
    "isActive": true,
    "isDealsEnabled": false,
    "quantity": 0
  },
  {
    "id": 12853,
    "code": "Oven Delights Butter Croissant",
    "desc": "Oven Delights Butter Croissant",
    "shortDesc": "Oven Delights Butter Croissant",
    "tags": [
      "Croissant"
    ],
    "categories": [
      {
        "code": "Breakfast & Dairy",
        "desc": "Breakfast & Dairy"
      }
    ],
    "subCategories": [
      {
        "code": "Breads & Rolls",
        "desc": "Breads & Rolls"
      }
    ],
    "brands": [
      {
        "code": "Oven Delights",
        "desc": "Oven Delights"
      }
    ],
    "price": {
      "basePrice": 1.29,
      "discountPrice": 1.29
    },
    "type": {
      "code": "Croissant",
      "desc": "Croissant"
    },
    "weight": "3 oz",
    "UpcCode": "",
    "tax": 0.0,
    "spiceLevel": "",
    "aiselNo": "18",
    "store": "Market Basket",
    "weightType": "3 oz",
    "imageName": "17059.jpg",
    "defaultImage": "17059.jpg",
    "updatedTimestamp": "Jan 23, 2021 8:02:30 PM",
    "createdTimestamp": "Jan 23, 2021 8:02:30 PM",
    "isNewlyAdded": false,
    "isActive": true,
    "isDealsEnabled": false,
    "quantity": 0
  },
  {
    "id": 9219,
    "code": "New York Bakery Garlic Knots with Real Garlic",
    "desc": "New York Bakery Garlic Knots with Real Garlic",
    "shortDesc": "New York Bakery Garlic Knots with Real Garlic",
    "tags": [
      "Frozen Appetizers & Sides"
    ],
    "categories": [
      {
        "code": "Frozen Food",
        "desc": "Frozen Food"
      }
    ],
    "subCategories": [
      {
        "code": "Frozen Dinners & Entrees",
        "desc": "Frozen Dinners & Entrees"
      }
    ],
    "brands": [],
    "price": {
      "basePrice": 2.69,
      "discountPrice": 2.69
    },
    "type": {
      "code": "Frozen Appetizers & Sides",
      "desc": "Frozen Appetizers & Sides"
    },
    "weight": "6 count",
    "UpcCode": "",
    "tax": 0.0,
    "spiceLevel": "",
    "aiselNo": "18",
    "store": "Market Basket",
    "weightType": "6 count",
    "imageName": "2621.jpg",
    "defaultImage": "2621.jpg",
    "updatedTimestamp": "Jan 23, 2021 8:02:29 PM",
    "createdTimestamp": "Jan 23, 2021 8:02:29 PM",
    "isNewlyAdded": false,
    "isActive": true,
    "isDealsEnabled": false,
    "quantity": 0
  },
  {
    "id": 511,
    "code": "Dreft Stage 2:active baby Laundry Detergent 32 Loads",
    "desc": "Dreft Stage 2:active baby Laundry Detergent 32 Loads",
    "shortDesc": "Dreft Stage 2:active baby Laundry Detergent 32 Loads",
    "tags": [
      "Laundry Detergent"
    ],
    "categories": [
      {
        "code": "Laundry & Paper Goods",
        "desc": "Laundry & Paper Goods"
      }
    ],
    "subCategories": [
      {
        "code": "Laundry",
        "desc": "Laundry"
      }
    ],
    "brands": [
      {
        "code": "Dreft",
        "desc": "Dreft"
      }
    ],
    "price": {
      "basePrice": 12.49,
      "discountPrice": 12.49
    },
    "type": {
      "code": "Laundry Detergent",
      "desc": "Laundry Detergent"
    },
    "weight": "50 fl oz",
    "UpcCode": "",
    "tax": 1.0,
    "spiceLevel": "",
    "aiselNo": "15",
    "store": "Market Basket",
    "weightType": "50 fl oz",
    "imageName": "No Image.jpg",
    "defaultImage": "No Image.jpg",
    "updatedTimestamp": "Jan 23, 2021 8:02:30 PM",
    "createdTimestamp": "Jan 23, 2021 8:02:30 PM",
    "isNewlyAdded": false,
    "isActive": true,
    "isDealsEnabled": false,
    "quantity": 0
  },
  {
    "id": 87,
    "code": "Bon Ami Powder Cleanser",
    "desc": "Bon Ami Powder Cleanser",
    "shortDesc": "Bon Ami Powder Cleanser",
    "tags": [
      "All Purpose Cleaner"
    ],
    "categories": [
      {
        "code": "Kitchen & Cleaning",
        "desc": "Kitchen & Cleaning"
      }
    ],
    "subCategories": [
      {
        "code": "Cleaning Products",
        "desc": "Cleaning Products"
      }
    ],
    "brands": [
      {
        "code": "Bon Ami",
        "desc": "Bon Ami"
      }
    ],
    "price": {
      "basePrice": 1.29,
      "discountPrice": 1.29
    },
    "type": {
      "code": "All Purpose Cleaner",
      "desc": "All Purpose Cleaner"
    },
    "weight": "12 x 14 oz",
    "UpcCode": "",
    "tax": 1.0,
    "spiceLevel": "",
    "aiselNo": "15",
    "store": "Market Basket",
    "weightType": "12 x 14 oz",
    "imageName": "16805.jpg",
    "defaultImage": "16805.jpg",
    "updatedTimestamp": "Jan 23, 2021 8:02:30 PM",
    "createdTimestamp": "Jan 23, 2021 8:02:30 PM",
    "isNewlyAdded": false,
    "isActive": true,
    "isDealsEnabled": false,
    "quantity": 0
  },
  {
    "id": 88,
    "code": "Mr. Clean with Febreze Freshness Meadows & Rain Multi-Purpose Cleaner",
    "desc": "Mr. Clean with Febreze Freshness Meadows & Rain Multi-Purpose Cleaner",
    "shortDesc": "Mr. Clean with Febreze Freshness Meadows & Rain Multi-Purpose Cleaner",
    "tags": [
      "All Purpose Cleaner"
    ],
    "categories": [
      {
        "code": "Kitchen & Cleaning",
        "desc": "Kitchen & Cleaning"
      }
    ],
    "subCategories": [
      {
        "code": "Cleaning Products",
        "desc": "Cleaning Products"
      }
    ],
    "brands": [
      {
        "code": "Febreze",
        "desc": "Febreze"
      }
    ],
    "price": {
      "basePrice": 3.09,
      "discountPrice": 3.09
    },
    "type": {
      "code": "All Purpose Cleaner",
      "desc": "All Purpose Cleaner"
    },
    "weight": "48 fl oz",
    "UpcCode": "",
    "tax": 1.0,
    "spiceLevel": "",
    "aiselNo": "15",
    "store": "Market Basket",
    "weightType": "48 fl oz",
    "imageName": "4274.jpg",
    "defaultImage": "4274.jpg",
    "updatedTimestamp": "Jan 23, 2021 8:02:30 PM",
    "createdTimestamp": "Jan 23, 2021 8:02:30 PM",
    "isNewlyAdded": false,
    "isActive": true,
    "isDealsEnabled": false,
    "quantity": 0
  },
  {
    "id": 484,
    "code": "Purex Natural Elements Linen & Lilies 115 Loads Laundry Detergent",
    "desc": "Purex Natural Elements Linen & Lilies 115 Loads Laundry Detergent",
    "shortDesc": "Purex Natural Elements Linen & Lilies 115 Loads Laundry Detergent",
    "tags": [
      "Laundry Detergent"
    ],
    "categories": [
      {
        "code": "Laundry & Paper Goods",
        "desc": "Laundry & Paper Goods"
      }
    ],
    "subCategories": [
      {
        "code": "Laundry",
        "desc": "Laundry"
      }
    ],
    "brands": [
      {
        "code": "Purex Liquid Detergents",
        "desc": "Purex Liquid Detergents"
      }
    ],
    "price": {
      "basePrice": 9.99,
      "discountPrice": 9.99
    },
    "type": {
      "code": "Laundry Detergent",
      "desc": "Laundry Detergent"
    },
    "weight": "150 fl oz",
    "UpcCode": "",
    "tax": 1.0,
    "spiceLevel": "",
    "aiselNo": "15",
    "store": "Market Basket",
    "weightType": "150 fl oz",
    "imageName": "No Image.jpg",
    "defaultImage": "No Image.jpg",
    "updatedTimestamp": "Jan 23, 2021 8:02:30 PM",
    "createdTimestamp": "Jan 23, 2021 8:02:30 PM",
    "isNewlyAdded": false,
    "isActive": true,
    "isDealsEnabled": false,
    "quantity": 0
  },
  {
    "id": 7220,
    "code": "Goya Adobo with Pepper",
    "desc": "Goya Adobo with Pepper",
    "shortDesc": "Goya Adobo with Pepper",
    "tags": [
      "Spices & Seasonings"
    ],
    "categories": [
      {
        "code": "Cooking Needs",
        "desc": "Cooking Needs"
      }
    ],
    "subCategories": [
      {
        "code": "Spices & Seasonings",
        "desc": "Spices & Seasonings"
      }
    ],
    "brands": [
      {
        "code": "Goya",
        "desc": "Goya"
      }
    ],
    "price": {
      "basePrice": 4.29,
      "discountPrice": 4.29
    },
    "type": {
      "code": "Spices & Seasonings",
      "desc": "Spices & Seasonings"
    },
    "weight": "28 oz",
    "UpcCode": "",
    "tax": 0.0,
    "spiceLevel": "",
    "aiselNo": "9",
    "store": "Market Basket",
    "weightType": "28 oz",
    "imageName": "2243.jpg",
    "defaultImage": "2243.jpg",
    "updatedTimestamp": "Jan 23, 2021 8:02:30 PM",
    "createdTimestamp": "Jan 23, 2021 8:02:30 PM",
    "isNewlyAdded": false,
    "isActive": true,
    "isDealsEnabled": false,
    "quantity": 0
  },
  {
    "id": 6652,
    "code": "Pure Leaf RASPBERRY FLAVORED WITH OTHER NATURAL FLAVORED PURE LEAF BREWED Real TEA NEVER FROM POWDER",
    "desc": "Pure Leaf RASPBERRY FLAVORED WITH OTHER NATURAL FLAVORED PURE LEAF BREWED Real TEA NEVER FROM POWDER",
    "shortDesc": "Pure Leaf RASPBERRY FLAVORED WITH OTHER NATURAL FLAVORED PURE LEAF BREWED Real TEA NEVER FROM POWDER",
    "tags": [
      "Refrigerated Drinks"
    ],
    "categories": [
      {
        "code": "Beverages & Juices",
        "desc": "Beverages & Juices"
      }
    ],
    "subCategories": [
      {
        "code": "Juices & Refrigerated Drinks",
        "desc": "Juices & Refrigerated Drinks"
      }
    ],
    "brands": [
      {
        "code": "Pure Leaf",
        "desc": "Pure Leaf"
      }
    ],
    "price": {
      "basePrice": 2.5,
      "discountPrice": 2.5
    },
    "type": {
      "code": "Refrigerated Drinks",
      "desc": "Refrigerated Drinks"
    },
    "weight": "59 fl oz",
    "UpcCode": "",
    "tax": 0.0,
    "spiceLevel": "",
    "aiselNo": "1",
    "store": "Market Basket",
    "weightType": "59 fl oz",
    "imageName": "X734.jpg",
    "defaultImage": "X734.jpg",
    "updatedTimestamp": "Jan 23, 2021 8:02:29 PM",
    "createdTimestamp": "Jan 23, 2021 8:02:29 PM",
    "isNewlyAdded": false,
    "isActive": true,
    "isDealsEnabled": false,
    "quantity": 0
  },
  {
    "id": 8003,
    "code": "Goya Ham Flavored Concentrate",
    "desc": "Goya Ham Flavored Concentrate",
    "shortDesc": "Goya Ham Flavored Concentrate",
    "tags": [
      "Soup, Broth & Bouillon"
    ],
    "categories": [
      {
        "code": "Cooking Needs",
        "desc": "Cooking Needs"
      }
    ],
    "subCategories": [
      {
        "code": "Canned Food",
        "desc": "Canned Food"
      }
    ],
    "brands": [
      {
        "code": "Goya",
        "desc": "Goya"
      }
    ],
    "price": {
      "basePrice": 1.29,
      "discountPrice": 1.29
    },
    "type": {
      "code": "Soup, Broth & Bouillon",
      "desc": "Soup, Broth & Bouillon"
    },
    "weight": "1.41 oz",
    "UpcCode": "",
    "tax": 0.0,
    "spiceLevel": "",
    "aiselNo": "2",
    "store": "Market Basket",
    "weightType": "1.41 oz",
    "imageName": "17232.jpg",
    "defaultImage": "17232.jpg",
    "updatedTimestamp": "Jan 23, 2021 8:02:30 PM",
    "createdTimestamp": "Jan 23, 2021 8:02:30 PM",
    "isNewlyAdded": false,
    "isActive": true,
    "isDealsEnabled": false,
    "quantity": 0
  },
  {
    "id": 10053,
    "code": "Friendly's Sundae Original Fudge",
    "desc": "Friendly's Sundae Original Fudge",
    "shortDesc": "Friendly's Sundae Original Fudge",
    "tags": [
      "Ice Cream & Ice"
    ],
    "categories": [
      {
        "code": "Frozen Food",
        "desc": "Frozen Food"
      }
    ],
    "subCategories": [
      {
        "code": "Ice Cream & Ice",
        "desc": "Ice Cream & Ice"
      }
    ],
    "brands": [
      {
        "code": "Friendly's",
        "desc": "Friendly's"
      }
    ],
    "price": {
      "basePrice": 1.29,
      "discountPrice": 1.29
    },
    "type": {
      "code": "Ice Cream & Ice",
      "desc": "Ice Cream & Ice"
    },
    "weight": "6 fl oz",
    "UpcCode": "",
    "tax": 0.0,
    "spiceLevel": "",
    "aiselNo": "21",
    "store": "Market Basket",
    "weightType": "6 fl oz",
    "imageName": "3045.jpg",
    "defaultImage": "3045.jpg",
    "updatedTimestamp": "Jan 23, 2021 8:02:30 PM",
    "createdTimestamp": "Jan 23, 2021 8:02:30 PM",
    "isNewlyAdded": false,
    "isActive": true,
    "isDealsEnabled": false,
    "quantity": 0
  },
  {
    "id": 5988,
    "code": "Master of Mixes Classic Bloody Mary Mixer",
    "desc": "Master of Mixes Classic Bloody Mary Mixer",
    "shortDesc": "Master of Mixes Classic Bloody Mary Mixer",
    "tags": [
      "Cocoa & Drink Mixes"
    ],
    "categories": [
      {
        "code": "Beverages & Juices",
        "desc": "Beverages & Juices"
      }
    ],
    "subCategories": [
      {
        "code": "Cocoa & Drink Mixes",
        "desc": "Cocoa & Drink Mixes"
      }
    ],
    "brands": [
      {
        "code": "Master of Mixes",
        "desc": "Master of Mixes"
      }
    ],
    "price": {
      "basePrice": 7.49,
      "discountPrice": 7.49
    },
    "type": {
      "code": "Cocoa & Drink Mixes",
      "desc": "Cocoa & Drink Mixes"
    },
    "weight": "1.75 L",
    "UpcCode": "",
    "tax": 0.0,
    "spiceLevel": "",
    "aiselNo": "17",
    "store": "Market Basket",
    "weightType": "1.75 L",
    "imageName": "No Image.jpg",
    "defaultImage": "No Image.jpg",
    "updatedTimestamp": "Jan 23, 2021 8:02:29 PM",
    "createdTimestamp": "Jan 23, 2021 8:02:29 PM",
    "isNewlyAdded": false,
    "isActive": true,
    "isDealsEnabled": false,
    "quantity": 0
  },
  {
    "id": 6459,
    "code": "Vermont Uncured Pepperoni Turkey Sticks",
    "desc": "Vermont Uncured Pepperoni Turkey Sticks",
    "shortDesc": "Vermont Uncured Pepperoni Turkey Sticks",
    "tags": [
      "Jerky"
    ],
    "categories": [
      {
        "code": "Chips, Cookies & Snacks",
        "desc": "Chips, Cookies & Snacks"
      }
    ],
    "subCategories": [
      {
        "code": "Jerkies",
        "desc": "Jerkies"
      }
    ],
    "brands": [
      {
        "code": "Vermont",
        "desc": "Vermont"
      }
    ],
    "price": {
      "basePrice": 6.24,
      "discountPrice": 6.24
    },
    "type": {
      "code": "Jerky",
      "desc": "Jerky"
    },
    "weight": "3 oz",
    "UpcCode": "",
    "tax": 0.0,
    "spiceLevel": "",
    "aiselNo": "6",
    "store": "Market Basket",
    "weightType": "3 oz",
    "imageName": "No Image.jpg",
    "defaultImage": "No Image.jpg",
    "updatedTimestamp": "Jan 23, 2021 8:02:30 PM",
    "createdTimestamp": "Jan 23, 2021 8:02:30 PM",
    "isNewlyAdded": false,
    "isActive": true,
    "isDealsEnabled": false,
    "quantity": 0
  },
  {
    "id": 14545,
    "code": "Cafe Escapes Chai Latte",
    "desc": "Cafe Escapes Chai Latte",
    "shortDesc": "Cafe Escapes Chai Latte",
    "tags": [
      "Tea"
    ],
    "categories": [
      {
        "code": "Breakfast & Dairy",
        "desc": "Breakfast & Dairy"
      }
    ],
    "subCategories": [
      {
        "code": "Tea & Coffee",
        "desc": "Tea & Coffee"
      }
    ],
    "brands": [
      {
        "code": "Cafe Escapes",
        "desc": "Cafe Escapes"
      }
    ],
    "price": {
      "basePrice": 9.19,
      "discountPrice": 9.19
    },
    "type": {
      "code": "Tea",
      "desc": "Tea"
    },
    "weight": "12 count",
    "UpcCode": "",
    "tax": 0.0,
    "spiceLevel": "",
    "aiselNo": "8",
    "store": "Market Basket",
    "weightType": "12 count",
    "imageName": "16337.jpg",
    "defaultImage": "16337.jpg",
    "updatedTimestamp": "Jan 23, 2021 8:02:30 PM",
    "createdTimestamp": "Jan 23, 2021 8:02:30 PM",
    "isNewlyAdded": false,
    "isActive": true,
    "isDealsEnabled": false,
    "quantity": 0
  },
  {
    "id": 7992,
    "code": "College Inn Less Sodium Chicken Broth",
    "desc": "College Inn Less Sodium Chicken Broth",
    "shortDesc": "College Inn Less Sodium Chicken Broth",
    "tags": [
      "Soup, Broth & Bouillon"
    ],
    "categories": [
      {
        "code": "Cooking Needs",
        "desc": "Cooking Needs"
      }
    ],
    "subCategories": [
      {
        "code": "Canned Food",
        "desc": "Canned Food"
      }
    ],
    "brands": [
      {
        "code": "College Inn",
        "desc": "College Inn"
      }
    ],
    "price": {
      "basePrice": 0.99,
      "discountPrice": 0.99
    },
    "type": {
      "code": "Soup, Broth & Bouillon",
      "desc": "Soup, Broth & Bouillon"
    },
    "weight": "14.5 oz",
    "UpcCode": "",
    "tax": 0.0,
    "spiceLevel": "",
    "aiselNo": "2",
    "store": "Market Basket",
    "weightType": "14.5 oz",
    "imageName": "5382.jpg",
    "defaultImage": "5382.jpg",
    "updatedTimestamp": "Jan 23, 2021 8:02:30 PM",
    "createdTimestamp": "Jan 23, 2021 8:02:30 PM",
    "isNewlyAdded": false,
    "isActive": true,
    "isDealsEnabled": false,
    "quantity": 0
  },
  {
    "id": 8602,
    "code": "Claussen Kosher Deli Style Pickle Spears",
    "desc": "Claussen Kosher Deli Style Pickle Spears",
    "shortDesc": "Claussen Kosher Deli Style Pickle Spears",
    "tags": [
      "Pickled Goods & Olives"
    ],
    "categories": [
      {
        "code": "Condiments & Dressings",
        "desc": "Condiments & Dressings"
      }
    ],
    "subCategories": [
      {
        "code": "Pickled Goods & Olives",
        "desc": "Pickled Goods & Olives"
      }
    ],
    "brands": [
      {
        "code": "Claussen",
        "desc": "Claussen"
      }
    ],
    "price": {
      "basePrice": 3.69,
      "discountPrice": 3.69
    },
    "type": {
      "code": "Pickled Goods & Olives",
      "desc": "Pickled Goods & Olives"
    },
    "weight": "24 fl oz",
    "UpcCode": "",
    "tax": 0.0,
    "spiceLevel": "",
    "aiselNo": "2",
    "store": "Market Basket",
    "weightType": "24 fl oz",
    "imageName": "1924.jpg",
    "defaultImage": "1924.jpg",
    "updatedTimestamp": "Jan 23, 2021 8:02:30 PM",
    "createdTimestamp": "Jan 23, 2021 8:02:30 PM",
    "isNewlyAdded": false,
    "isActive": true,
    "isDealsEnabled": false,
    "quantity": 0
  },
  {
    "id": 6618,
    "code": "Naked No Sugar Added Protein Juice Smoothie",
    "desc": "Naked No Sugar Added Protein Juice Smoothie",
    "shortDesc": "Naked No Sugar Added Protein Juice Smoothie",
    "tags": [
      "Refrigerated Drinks"
    ],
    "categories": [
      {
        "code": "Beverages & Juices",
        "desc": "Beverages & Juices"
      }
    ],
    "subCategories": [
      {
        "code": "Juices & Refrigerated Drinks",
        "desc": "Juices & Refrigerated Drinks"
      }
    ],
    "brands": [
      {
        "code": "Naked",
        "desc": "Naked"
      }
    ],
    "price": {
      "basePrice": 3.69,
      "discountPrice": 3.69
    },
    "type": {
      "code": "Refrigerated Drinks",
      "desc": "Refrigerated Drinks"
    },
    "weight": "15.2 fl oz",
    "UpcCode": "",
    "tax": 0.0,
    "spiceLevel": "",
    "aiselNo": "20",
    "store": "Market Basket",
    "weightType": "15.2 fl oz",
    "imageName": "3844.jpg",
    "defaultImage": "3844.jpg",
    "updatedTimestamp": "Jan 23, 2021 8:02:30 PM",
    "createdTimestamp": "Jan 23, 2021 8:02:30 PM",
    "isNewlyAdded": false,
    "isActive": true,
    "isDealsEnabled": false,
    "quantity": 0
  },
  {
    "id": 7800,
    "code": "Aunt Nellie's 3 Bean Salad",
    "desc": "Aunt Nellie's 3 Bean Salad",
    "shortDesc": "Aunt Nellie's 3 Bean Salad",
    "tags": [
      "Canned Meals & Beans"
    ],
    "categories": [
      {
        "code": "Cooking Needs",
        "desc": "Cooking Needs"
      }
    ],
    "subCategories": [
      {
        "code": "Canned Food",
        "desc": "Canned Food"
      }
    ],
    "brands": [
      {
        "code": "Nellie's",
        "desc": "Nellie's"
      }
    ],
    "price": {
      "basePrice": 1.59,
      "discountPrice": 1.59
    },
    "type": {
      "code": "Canned Meals & Beans",
      "desc": "Canned Meals & Beans"
    },
    "weight": "15.5 oz",
    "UpcCode": "",
    "tax": 0.0,
    "spiceLevel": "",
    "aiselNo": "2",
    "store": "Market Basket",
    "weightType": "15.5 oz",
    "imageName": "17121.jpg",
    "defaultImage": "17121.jpg",
    "updatedTimestamp": "Jan 23, 2021 8:02:30 PM",
    "createdTimestamp": "Jan 23, 2021 8:02:30 PM",
    "isNewlyAdded": false,
    "isActive": true,
    "isDealsEnabled": false,
    "quantity": 0
  },
  {
    "id": 5138,
    "code": "Pepperridge Farm Verona Strawberry Cookies",
    "desc": "Pepperridge Farm Verona Strawberry Cookies",
    "shortDesc": "Pepperridge Farm Verona Strawberry Cookies",
    "tags": [
      "Cookies & Cakes"
    ],
    "categories": [
      {
        "code": "Chips, Cookies & Snacks",
        "desc": "Chips, Cookies & Snacks"
      }
    ],
    "subCategories": [
      {
        "code": "Cookies & Crackers",
        "desc": "Cookies & Crackers"
      }
    ],
    "brands": [
      {
        "code": "Pepperidge Farm",
        "desc": "Pepperidge Farm"
      }
    ],
    "price": {
      "basePrice": 4.69,
      "discountPrice": 4.69
    },
    "type": {
      "code": "Cookies & Cakes",
      "desc": "Cookies & Cakes"
    },
    "weight": "6.75 oz",
    "UpcCode": "",
    "tax": 0.0,
    "spiceLevel": "",
    "aiselNo": "6",
    "store": "Market Basket",
    "weightType": "6.75 oz",
    "imageName": "No Image.jpg",
    "defaultImage": "No Image.jpg",
    "updatedTimestamp": "Jan 23, 2021 8:02:30 PM",
    "createdTimestamp": "Jan 23, 2021 8:02:30 PM",
    "isNewlyAdded": false,
    "isActive": true,
    "isDealsEnabled": false,
    "quantity": 0
  },
  {
    "id": 13972,
    "code": "Provolone Cheese",
    "desc": "Provolone Cheese",
    "shortDesc": "Provolone Cheese",
    "tags": [
      "Specialty Cheeses"
    ],
    "categories": [
      {
        "code": "Breakfast & Dairy",
        "desc": "Breakfast & Dairy"
      }
    ],
    "subCategories": [
      {
        "code": "Dairy & Eggs",
        "desc": "Dairy & Eggs"
      }
    ],
    "brands": [
      {
        "code": "Market Basket",
        "desc": "Market Basket"
      }
    ],
    "price": {
      "basePrice": 5.49,
      "discountPrice": 5.49
    },
    "type": {
      "code": "Specialty Cheeses",
      "desc": "Specialty Cheeses"
    },
    "weight": "1 per lb",
    "UpcCode": "",
    "tax": 0.0,
    "spiceLevel": "",
    "aiselNo": "1",
    "store": "Market Basket",
    "weightType": "1 per lb",
    "imageName": "17298.jpg",
    "defaultImage": "17298.jpg",
    "updatedTimestamp": "Jan 23, 2021 8:02:30 PM",
    "createdTimestamp": "Jan 23, 2021 8:02:30 PM",
    "isNewlyAdded": false,
    "isActive": true,
    "isDealsEnabled": false,
    "quantity": 0
  },
  {
    "id": 14387,
    "code": "Green Mountain Coffee Decaf Light Roast Ground Coffee Breakfast Blend",
    "desc": "Green Mountain Coffee Decaf Light Roast Ground Coffee Breakfast Blend",
    "shortDesc": "Green Mountain Coffee Decaf Light Roast Ground Coffee Breakfast Blend",
    "tags": [
      "Coffee"
    ],
    "categories": [
      {
        "code": "Breakfast & Dairy",
        "desc": "Breakfast & Dairy"
      }
    ],
    "subCategories": [
      {
        "code": "Tea & Coffee",
        "desc": "Tea & Coffee"
      }
    ],
    "brands": [
      {
        "code": "Green Mountain",
        "desc": "Green Mountain"
      }
    ],
    "price": {
      "basePrice": 8.59,
      "discountPrice": 8.59
    },
    "type": {
      "code": "Coffee",
      "desc": "Coffee"
    },
    "weight": "12 oz",
    "UpcCode": "",
    "tax": 0.0,
    "spiceLevel": "",
    "aiselNo": "8",
    "store": "Market Basket",
    "weightType": "12 oz",
    "imageName": "3363.jpg",
    "defaultImage": "3363.jpg",
    "updatedTimestamp": "Jan 23, 2021 8:02:30 PM",
    "createdTimestamp": "Jan 23, 2021 8:02:30 PM",
    "isNewlyAdded": false,
    "isActive": true,
    "isDealsEnabled": false,
    "quantity": 0
  },
  {
    "id": 13837,
    "code": "KozyShack Original Recipe Rice Pudding",
    "desc": "KozyShack Original Recipe Rice Pudding",
    "shortDesc": "KozyShack Original Recipe Rice Pudding",
    "tags": [
      "Refrigerated Pudding & Desserts"
    ],
    "categories": [
      {
        "code": "Breakfast & Dairy",
        "desc": "Breakfast & Dairy"
      }
    ],
    "subCategories": [
      {
        "code": "Dairy & Eggs",
        "desc": "Dairy & Eggs"
      }
    ],
    "brands": [
      {
        "code": "KozyShack",
        "desc": "KozyShack"
      }
    ],
    "price": {
      "basePrice": 3.29,
      "discountPrice": 3.29
    },
    "type": {
      "code": "Refrigerated Pudding & Desserts",
      "desc": "Refrigerated Pudding & Desserts"
    },
    "weight": "22 oz",
    "UpcCode": "",
    "tax": 0.0,
    "spiceLevel": "",
    "aiselNo": "19",
    "store": "Market Basket",
    "weightType": "22 oz",
    "imageName": "819.jpg",
    "defaultImage": "819.jpg",
    "updatedTimestamp": "Jan 23, 2021 8:02:30 PM",
    "createdTimestamp": "Jan 23, 2021 8:02:30 PM",
    "isNewlyAdded": false,
    "isActive": true,
    "isDealsEnabled": false,
    "quantity": 0
  },
  {
    "id": 7614,
    "code": "Del Monte Fruit Cocktail Lite",
    "desc": "Del Monte Fruit Cocktail Lite",
    "shortDesc": "Del Monte Fruit Cocktail Lite",
    "tags": [
      "Canned Fruit & Applesauce"
    ],
    "categories": [
      {
        "code": "Cooking Needs",
        "desc": "Cooking Needs"
      }
    ],
    "subCategories": [
      {
        "code": "Canned Food",
        "desc": "Canned Food"
      }
    ],
    "brands": [
      {
        "code": "Del Monte",
        "desc": "Del Monte"
      }
    ],
    "price": {
      "basePrice": 2.49,
      "discountPrice": 2.49
    },
    "type": {
      "code": "Canned Fruit & Applesauce",
      "desc": "Canned Fruit & Applesauce"
    },
    "weight": "29 oz",
    "UpcCode": "",
    "tax": 0.0,
    "spiceLevel": "",
    "aiselNo": "3",
    "store": "Market Basket",
    "weightType": "29 oz",
    "imageName": "4920.jpg",
    "defaultImage": "4920.jpg",
    "updatedTimestamp": "Jan 23, 2021 8:02:30 PM",
    "createdTimestamp": "Jan 23, 2021 8:02:30 PM",
    "isNewlyAdded": false,
    "isActive": true,
    "isDealsEnabled": false,
    "quantity": 0
  },
  {
    "id": 7344,
    "code": "McCormick Pure Lemon Extract",
    "desc": "McCormick Pure Lemon Extract",
    "shortDesc": "McCormick Pure Lemon Extract",
    "tags": [
      "Spices & Seasonings"
    ],
    "categories": [
      {
        "code": "Cooking Needs",
        "desc": "Cooking Needs"
      }
    ],
    "subCategories": [
      {
        "code": "Spices & Seasonings",
        "desc": "Spices & Seasonings"
      }
    ],
    "brands": [
      {
        "code": "McCormick",
        "desc": "McCormick"
      }
    ],
    "price": {
      "basePrice": 3.69,
      "discountPrice": 3.69
    },
    "type": {
      "code": "Spices & Seasonings",
      "desc": "Spices & Seasonings"
    },
    "weight": "1 fl oz",
    "UpcCode": "",
    "tax": 0.0,
    "spiceLevel": "",
    "aiselNo": "9",
    "store": "Market Basket",
    "weightType": "1 fl oz",
    "imageName": "2138.jpg",
    "defaultImage": "2138.jpg",
    "updatedTimestamp": "Jan 23, 2021 8:02:30 PM",
    "createdTimestamp": "Jan 23, 2021 8:02:30 PM",
    "isNewlyAdded": false,
    "isActive": true,
    "isDealsEnabled": false,
    "quantity": 0
  },
  {
    "id": 48,
    "code": "Pure Citrus Air Freshener, Orange",
    "desc": "Pure Citrus Air Freshener, Orange",
    "shortDesc": "Pure Citrus Air Freshener, Orange",
    "tags": [
      "Air Freshener"
    ],
    "categories": [
      {
        "code": "Kitchen & Cleaning",
        "desc": "Kitchen & Cleaning"
      }
    ],
    "subCategories": [
      {
        "code": "Air Fresheners & Candles",
        "desc": "Air Fresheners & Candles"
      }
    ],
    "brands": [
      {
        "code": "Pure Citrus",
        "desc": "Pure Citrus"
      }
    ],
    "price": {
      "basePrice": 4.89,
      "discountPrice": 4.89
    },
    "type": {
      "code": "Air Freshener",
      "desc": "Air Freshener"
    },
    "weight": "6.25 oz",
    "UpcCode": "",
    "tax": 1.0,
    "spiceLevel": "",
    "aiselNo": "15",
    "store": "Market Basket",
    "weightType": "6.25 oz",
    "imageName": "4246.jpg",
    "defaultImage": "4246.jpg",
    "updatedTimestamp": "Jan 23, 2021 8:02:30 PM",
    "createdTimestamp": "Jan 23, 2021 8:02:30 PM",
    "isNewlyAdded": false,
    "isActive": true,
    "isDealsEnabled": false,
    "quantity": 0
  },
  {
    "id": 13517,
    "code": "Natrel 1% Lowfat Milk",
    "desc": "Natrel 1% Lowfat Milk",
    "shortDesc": "Natrel 1% Lowfat Milk",
    "tags": [
      "Milk"
    ],
    "categories": [
      {
        "code": "Breakfast & Dairy",
        "desc": "Breakfast & Dairy"
      }
    ],
    "subCategories": [
      {
        "code": "Dairy & Eggs",
        "desc": "Dairy & Eggs"
      }
    ],
    "brands": [
      {
        "code": "Natrel",
        "desc": "Natrel"
      }
    ],
    "price": {
      "basePrice": 2.49,
      "discountPrice": 2.49
    },
    "type": {
      "code": "Milk",
      "desc": "Milk"
    },
    "weight": "1 count",
    "UpcCode": "",
    "tax": 0.0,
    "spiceLevel": "",
    "aiselNo": "1",
    "store": "Market Basket",
    "weightType": "1 count",
    "imageName": "14733.jpg",
    "defaultImage": "14733.jpg",
    "updatedTimestamp": "Jan 23, 2021 8:02:30 PM",
    "createdTimestamp": "Jan 23, 2021 8:02:30 PM",
    "isNewlyAdded": false,
    "isActive": true,
    "isDealsEnabled": false,
    "quantity": 0
  },
  {
    "id": 13289,
    "code": "I Can't Believe It's Not Butter Buttery Spread Light",
    "desc": "I Can't Believe It's Not Butter Buttery Spread Light",
    "shortDesc": "I Can't Believe It's Not Butter Buttery Spread Light",
    "tags": [
      "Butter"
    ],
    "categories": [
      {
        "code": "Breakfast & Dairy",
        "desc": "Breakfast & Dairy"
      }
    ],
    "subCategories": [
      {
        "code": "Dairy & Eggs",
        "desc": "Dairy & Eggs"
      }
    ],
    "brands": [
      {
        "code": "I Can't Believe It's Not Butter",
        "desc": "I Can't Believe It's Not Butter"
      }
    ],
    "price": {
      "basePrice": 7.39,
      "discountPrice": 7.39
    },
    "type": {
      "code": "Butter",
      "desc": "Butter"
    },
    "weight": "45 oz",
    "UpcCode": "",
    "tax": 0.0,
    "spiceLevel": "",
    "aiselNo": "1",
    "store": "Market Basket",
    "weightType": "45 oz",
    "imageName": "638.jpg",
    "defaultImage": "638.jpg",
    "updatedTimestamp": "Jan 23, 2021 8:02:30 PM",
    "createdTimestamp": "Jan 23, 2021 8:02:30 PM",
    "isNewlyAdded": false,
    "isActive": true,
    "isDealsEnabled": false,
    "quantity": 0
  },
  {
    "id": 8548,
    "code": "Mazola Canola Cooking Spray Original",
    "desc": "Mazola Canola Cooking Spray Original",
    "shortDesc": "Mazola Canola Cooking Spray Original",
    "tags": [
      "Oils & Vinegars"
    ],
    "categories": [
      {
        "code": "Cooking Needs",
        "desc": "Cooking Needs"
      }
    ],
    "subCategories": [
      {
        "code": "Oils & Vinegars",
        "desc": "Oils & Vinegars"
      }
    ],
    "brands": [
      {
        "code": "Mazola",
        "desc": "Mazola"
      }
    ],
    "price": {
      "basePrice": 2.49,
      "discountPrice": 2.49
    },
    "type": {
      "code": "Oils & Vinegars",
      "desc": "Oils & Vinegars"
    },
    "weight": "5 oz",
    "UpcCode": "",
    "tax": 0.0,
    "spiceLevel": "",
    "aiselNo": "2",
    "store": "Market Basket",
    "weightType": "5 oz",
    "imageName": "15493.jpg",
    "defaultImage": "15493.jpg",
    "updatedTimestamp": "Jan 23, 2021 8:02:30 PM",
    "createdTimestamp": "Jan 23, 2021 8:02:30 PM",
    "isNewlyAdded": false,
    "isActive": true,
    "isDealsEnabled": false,
    "quantity": 0
  },
  {
    "id": 6051,
    "code": "Slush Puppie Slush Bars",
    "desc": "Slush Puppie Slush Bars",
    "shortDesc": "Slush Puppie Slush Bars",
    "tags": [
      "Ice Pops"
    ],
    "categories": [
      {
        "code": "Beverages & Juices",
        "desc": "Beverages & Juices"
      }
    ],
    "subCategories": [
      {
        "code": "Ice Pops",
        "desc": "Ice Pops"
      }
    ],
    "brands": [
      {
        "code": "Slush Puppie",
        "desc": "Slush Puppie"
      }
    ],
    "price": {
      "basePrice": 1.24,
      "discountPrice": 1.24
    },
    "type": {
      "code": "Ice Pops",
      "desc": "Ice Pops"
    },
    "weight": "10 x 1 oz",
    "UpcCode": "",
    "tax": 0.0,
    "spiceLevel": "",
    "aiselNo": "17",
    "store": "Market Basket",
    "weightType": "10 x 1 oz",
    "imageName": "No Image.jpg",
    "defaultImage": "No Image.jpg",
    "updatedTimestamp": "Jan 23, 2021 8:02:29 PM",
    "createdTimestamp": "Jan 23, 2021 8:02:29 PM",
    "isNewlyAdded": false,
    "isActive": true,
    "isDealsEnabled": false,
    "quantity": 0
  },
  {
    "id": 10424,
    "code": "Goya Small Red Beans",
    "desc": "Goya Small Red Beans",
    "shortDesc": "Goya Small Red Beans",
    "tags": [
      "Canned Food"
    ],
    "categories": [
      {
        "code": "Cooking Needs",
        "desc": "Cooking Needs"
      }
    ],
    "subCategories": [
      {
        "code": "Canned Food",
        "desc": "Canned Food"
      }
    ],
    "brands": [
      {
        "code": "Goya",
        "desc": "Goya"
      }
    ],
    "price": {
      "basePrice": 6.09,
      "discountPrice": 6.09
    },
    "type": {
      "code": "Canned Food",
      "desc": "Canned Food"
    },
    "weight": "4 lb",
    "UpcCode": "",
    "tax": 0.0,
    "spiceLevel": "",
    "aiselNo": "7",
    "store": "Market Basket",
    "weightType": "4 lb",
    "imageName": "5816.jpg",
    "defaultImage": "5816.jpg",
    "updatedTimestamp": "Jan 23, 2021 8:02:30 PM",
    "createdTimestamp": "Jan 23, 2021 8:02:30 PM",
    "isNewlyAdded": false,
    "isActive": true,
    "isDealsEnabled": false,
    "quantity": 0
  },
  {
    "id": 4726,
    "code": "Market Basket Spiral Cut Half Ham",
    "desc": "Market Basket Spiral Cut Half Ham",
    "shortDesc": "Market Basket Spiral Cut Half Ham",
    "tags": [
      "Ham"
    ],
    "categories": [
      {
        "code": "Meat & Seafood",
        "desc": "Meat & Seafood"
      }
    ],
    "subCategories": [
      {
        "code": "Frozen Meat & Seafood",
        "desc": "Frozen Meat & Seafood"
      }
    ],
    "brands": [
      {
        "code": "Market Basket",
        "desc": "Market Basket"
      }
    ],
    "price": {
      "basePrice": 25.6,
      "discountPrice": 25.6
    },
    "type": {
      "code": "Ham",
      "desc": "Ham"
    },
    "weight": "Approx: 10.7 lb at $2.39/lb",
    "UpcCode": "",
    "tax": 0.0,
    "spiceLevel": "",
    "aiselNo": "18",
    "store": "Market Basket",
    "weightType": "Approx: 10.7 lb at $2.39/lb",
    "imageName": "Market Basket.jpg",
    "defaultImage": "Market Basket.jpg",
    "updatedTimestamp": "Jan 23, 2021 8:02:30 PM",
    "createdTimestamp": "Jan 23, 2021 8:02:30 PM",
    "isNewlyAdded": false,
    "isActive": true,
    "isDealsEnabled": false,
    "quantity": 0
  },
  {
    "id": 13693,
    "code": "High Valley Farm Extra Sharp Aged Cheddar Cheese",
    "desc": "High Valley Farm Extra Sharp Aged Cheddar Cheese",
    "shortDesc": "High Valley Farm Extra Sharp Aged Cheddar Cheese",
    "tags": [
      "Packaged Cheese"
    ],
    "categories": [
      {
        "code": "Breakfast & Dairy",
        "desc": "Breakfast & Dairy"
      }
    ],
    "subCategories": [
      {
        "code": "Dairy & Eggs",
        "desc": "Dairy & Eggs"
      }
    ],
    "brands": [
      {
        "code": "High Valley Farm",
        "desc": "High Valley Farm"
      }
    ],
    "price": {
      "basePrice": 3.09,
      "discountPrice": 3.09
    },
    "type": {
      "code": "Packaged Cheese",
      "desc": "Packaged Cheese"
    },
    "weight": "10 oz",
    "UpcCode": "",
    "tax": 0.0,
    "spiceLevel": "",
    "aiselNo": "1",
    "store": "Market Basket",
    "weightType": "10 oz",
    "imageName": "Market Basket.jpg",
    "defaultImage": "Market Basket.jpg",
    "updatedTimestamp": "Jan 23, 2021 8:02:30 PM",
    "createdTimestamp": "Jan 23, 2021 8:02:30 PM",
    "isNewlyAdded": false,
    "isActive": true,
    "isDealsEnabled": false,
    "quantity": 0
  },
  {
    "id": 9984,
    "code": "Breyers Ice Cream Natural Vanilla",
    "desc": "Breyers Ice Cream Natural Vanilla",
    "shortDesc": "Breyers Ice Cream Natural Vanilla",
    "tags": [
      "Ice Cream & Ice"
    ],
    "categories": [
      {
        "code": "Frozen Food",
        "desc": "Frozen Food"
      }
    ],
    "subCategories": [
      {
        "code": "Ice Cream & Ice",
        "desc": "Ice Cream & Ice"
      }
    ],
    "brands": [
      {
        "code": "Breyer's",
        "desc": "Breyer's"
      }
    ],
    "price": {
      "basePrice": 4.79,
      "discountPrice": 4.79
    },
    "type": {
      "code": "Ice Cream & Ice",
      "desc": "Ice Cream & Ice"
    },
    "weight": "48 oz",
    "UpcCode": "",
    "tax": 0.0,
    "spiceLevel": "",
    "aiselNo": "21",
    "store": "Market Basket",
    "weightType": "48 oz",
    "imageName": "18003.jpg",
    "defaultImage": "18003.jpg",
    "updatedTimestamp": "Jan 23, 2021 8:02:30 PM",
    "createdTimestamp": "Jan 23, 2021 8:02:30 PM",
    "isNewlyAdded": false,
    "isActive": true,
    "isDealsEnabled": false,
    "quantity": 0
  },
  {
    "id": 3913,
    "code": "Auerpak Gold Pearl Onions",
    "desc": "Auerpak Gold Pearl Onions",
    "shortDesc": "Auerpak Gold Pearl Onions",
    "tags": [
      "Pearl Onion"
    ],
    "categories": [
      {
        "code": "Fresh Produce",
        "desc": "Fresh Produce"
      }
    ],
    "subCategories": [
      {
        "code": "Fresh Vegetables",
        "desc": "Fresh Vegetables"
      }
    ],
    "brands": [
      {
        "code": "Auerpak",
        "desc": "Auerpak"
      }
    ],
    "price": {
      "basePrice": 3.21,
      "discountPrice": 3.21
    },
    "type": {
      "code": "Pearl Onion",
      "desc": "Pearl Onion"
    },
    "weight": "10 oz",
    "UpcCode": "",
    "tax": 0.0,
    "spiceLevel": "",
    "aiselNo": "20",
    "store": "Market Basket",
    "weightType": "10 oz",
    "imageName": "FP60.jpg",
    "defaultImage": "FP60.jpg",
    "updatedTimestamp": "Jan 23, 2021 8:02:30 PM",
    "createdTimestamp": "Jan 23, 2021 8:02:30 PM",
    "isNewlyAdded": false,
    "isActive": true,
    "isDealsEnabled": false,
    "quantity": 0
  },
  {
    "id": 8071,
    "code": "Maruchan Ramen Noodle Soup, Shrimp Flavor",
    "desc": "Maruchan Ramen Noodle Soup, Shrimp Flavor",
    "shortDesc": "Maruchan Ramen Noodle Soup, Shrimp Flavor",
    "tags": [
      "Soup, Broth & Bouillon"
    ],
    "categories": [
      {
        "code": "Cooking Needs",
        "desc": "Cooking Needs"
      }
    ],
    "subCategories": [
      {
        "code": "Canned Food",
        "desc": "Canned Food"
      }
    ],
    "brands": [
      {
        "code": "Maruchan",
        "desc": "Maruchan"
      }
    ],
    "price": {
      "basePrice": 3.09,
      "discountPrice": 3.09
    },
    "type": {
      "code": "Soup, Broth & Bouillon",
      "desc": "Soup, Broth & Bouillon"
    },
    "weight": "12 count",
    "UpcCode": "",
    "tax": 0.0,
    "spiceLevel": "",
    "aiselNo": "2",
    "store": "Market Basket",
    "weightType": "12 count",
    "imageName": "5334.jpg",
    "defaultImage": "5334.jpg",
    "updatedTimestamp": "Jan 23, 2021 8:02:30 PM",
    "createdTimestamp": "Jan 23, 2021 8:02:30 PM",
    "isNewlyAdded": false,
    "isActive": true,
    "isDealsEnabled": false,
    "quantity": 0
  },
  {
    "id": 9049,
    "code": "Smucker's Preserves Strawberry",
    "desc": "Smucker's Preserves Strawberry",
    "shortDesc": "Smucker's Preserves Strawberry",
    "tags": [
      "Spreads"
    ],
    "categories": [
      {
        "code": "Condiments & Dressings",
        "desc": "Condiments & Dressings"
      }
    ],
    "subCategories": [
      {
        "code": "Preserved Dips & Spreads",
        "desc": "Preserved Dips & Spreads"
      }
    ],
    "brands": [
      {
        "code": "Smucker's",
        "desc": "Smucker's"
      }
    ],
    "price": {
      "basePrice": 3.09,
      "discountPrice": 3.09
    },
    "type": {
      "code": "Spreads",
      "desc": "Spreads"
    },
    "weight": "18 oz",
    "UpcCode": "",
    "tax": 0.0,
    "spiceLevel": "",
    "aiselNo": "3",
    "store": "Market Basket",
    "weightType": "18 oz",
    "imageName": "1622.jpg",
    "defaultImage": "1622.jpg",
    "updatedTimestamp": "Jan 23, 2021 8:02:30 PM",
    "createdTimestamp": "Jan 23, 2021 8:02:30 PM",
    "isNewlyAdded": false,
    "isActive": true,
    "isDealsEnabled": false,
    "quantity": 0
  },
  {
    "id": 575,
    "code": "Downy Odor Protect april fresh in wash scent booster Laundry Detergent",
    "desc": "Downy Odor Protect april fresh in wash scent booster Laundry Detergent",
    "shortDesc": "Downy Odor Protect april fresh in wash scent booster Laundry Detergent",
    "tags": [
      "Laundry Detergent"
    ],
    "categories": [
      {
        "code": "Laundry & Paper Goods",
        "desc": "Laundry & Paper Goods"
      }
    ],
    "subCategories": [
      {
        "code": "Laundry",
        "desc": "Laundry"
      }
    ],
    "brands": [
      {
        "code": "Downy",
        "desc": "Downy"
      }
    ],
    "price": {
      "basePrice": 8.74,
      "discountPrice": 8.74
    },
    "type": {
      "code": "Laundry Detergent",
      "desc": "Laundry Detergent"
    },
    "weight": "285 g",
    "UpcCode": "",
    "tax": 1.0,
    "spiceLevel": "",
    "aiselNo": "15",
    "store": "Market Basket",
    "weightType": "285 g",
    "imageName": "No Image.jpg",
    "defaultImage": "No Image.jpg",
    "updatedTimestamp": "Jan 23, 2021 8:02:30 PM",
    "createdTimestamp": "Jan 23, 2021 8:02:30 PM",
    "isNewlyAdded": false,
    "isActive": true,
    "isDealsEnabled": false,
    "quantity": 0
  },
  {
    "id": 5758,
    "code": "Luna Caramel Walnut Brownie Whole Nutrition Bar",
    "desc": "Luna Caramel Walnut Brownie Whole Nutrition Bar",
    "shortDesc": "Luna Caramel Walnut Brownie Whole Nutrition Bar",
    "tags": [
      "Protien Bars"
    ],
    "categories": [
      {
        "code": "Breakfast & Dairy",
        "desc": "Breakfast & Dairy"
      }
    ],
    "subCategories": [
      {
        "code": "Bars & Pastries",
        "desc": "Bars & Pastries"
      }
    ],
    "brands": [
      {
        "code": "Luna",
        "desc": "Luna"
      }
    ],
    "price": {
      "basePrice": 1.25,
      "discountPrice": 1.25
    },
    "type": {
      "code": "Protien Bars",
      "desc": "Protien Bars"
    },
    "weight": "1.6 oz",
    "UpcCode": "",
    "tax": 0.0,
    "spiceLevel": "",
    "aiselNo": "3",
    "store": "Market Basket",
    "weightType": "1.6 oz",
    "imageName": "1295.jpg",
    "defaultImage": "1295.jpg",
    "updatedTimestamp": "Jan 23, 2021 8:02:30 PM",
    "createdTimestamp": "Jan 23, 2021 8:02:30 PM",
    "isNewlyAdded": false,
    "isActive": true,
    "isDealsEnabled": false,
    "quantity": 0
  },
  {
    "id": 14590,
    "code": "Red Rose Original Black Tea",
    "desc": "Red Rose Original Black Tea",
    "shortDesc": "Red Rose Original Black Tea",
    "tags": [
      "Tea"
    ],
    "categories": [
      {
        "code": "Breakfast & Dairy",
        "desc": "Breakfast & Dairy"
      }
    ],
    "subCategories": [
      {
        "code": "Tea & Coffee",
        "desc": "Tea & Coffee"
      }
    ],
    "brands": [
      {
        "code": "Red Rose",
        "desc": "Red Rose"
      }
    ],
    "price": {
      "basePrice": 4.09,
      "discountPrice": 4.09
    },
    "type": {
      "code": "Tea",
      "desc": "Tea"
    },
    "weight": "100 x 8 oz",
    "UpcCode": "",
    "tax": 0.0,
    "spiceLevel": "",
    "aiselNo": "8",
    "store": "Market Basket",
    "weightType": "100 x 8 oz",
    "imageName": "3534.jpg",
    "defaultImage": "3534.jpg",
    "updatedTimestamp": "Jan 23, 2021 8:02:30 PM",
    "createdTimestamp": "Jan 23, 2021 8:02:30 PM",
    "isNewlyAdded": false,
    "isActive": true,
    "isDealsEnabled": false,
    "quantity": 0
  },
  {
    "id": 5753,
    "code": "Larabar Fruit & Nut Food Bar Apple Pie Bar",
    "desc": "Larabar Fruit & Nut Food Bar Apple Pie Bar",
    "shortDesc": "Larabar Fruit & Nut Food Bar Apple Pie Bar",
    "tags": [
      "Protien Bars"
    ],
    "categories": [
      {
        "code": "Breakfast & Dairy",
        "desc": "Breakfast & Dairy"
      }
    ],
    "subCategories": [
      {
        "code": "Bars & Pastries",
        "desc": "Bars & Pastries"
      }
    ],
    "brands": [
      {
        "code": "Larabar",
        "desc": "Larabar"
      }
    ],
    "price": {
      "basePrice": 1.25,
      "discountPrice": 1.25
    },
    "type": {
      "code": "Protien Bars",
      "desc": "Protien Bars"
    },
    "weight": "1.6 oz",
    "UpcCode": "",
    "tax": 0.0,
    "spiceLevel": "",
    "aiselNo": "3",
    "store": "Market Basket",
    "weightType": "1.6 oz",
    "imageName": "1310.jpg",
    "defaultImage": "1310.jpg",
    "updatedTimestamp": "Jan 23, 2021 8:02:30 PM",
    "createdTimestamp": "Jan 23, 2021 8:02:30 PM",
    "isNewlyAdded": false,
    "isActive": true,
    "isDealsEnabled": false,
    "quantity": 0
  },
  {
    "id": 319,
    "code": "Ziploc One Press Seal Extra Small Square",
    "desc": "Ziploc One Press Seal Extra Small Square",
    "shortDesc": "Ziploc One Press Seal Extra Small Square",
    "tags": [
      "Storage Bags"
    ],
    "categories": [
      {
        "code": "Kitchen & Cleaning",
        "desc": "Kitchen & Cleaning"
      }
    ],
    "subCategories": [
      {
        "code": "Food Storage & Kitchen Supplies",
        "desc": "Food Storage & Kitchen Supplies"
      }
    ],
    "brands": [
      {
        "code": "Ziploc",
        "desc": "Ziploc"
      }
    ],
    "price": {
      "basePrice": 3.09,
      "discountPrice": 3.09
    },
    "type": {
      "code": "Storage Bags",
      "desc": "Storage Bags"
    },
    "weight": "8 count",
    "UpcCode": "",
    "tax": 1.0,
    "spiceLevel": "",
    "aiselNo": "12",
    "store": "Market Basket",
    "weightType": "8 count",
    "imageName": "4406.jpg",
    "defaultImage": "4406.jpg",
    "updatedTimestamp": "Jan 23, 2021 8:02:30 PM",
    "createdTimestamp": "Jan 23, 2021 8:02:30 PM",
    "isNewlyAdded": false,
    "isActive": true,
    "isDealsEnabled": false,
    "quantity": 0
  },
  {
    "id": 13601,
    "code": "Market Basket Whole Milk Ricotta",
    "desc": "Market Basket Whole Milk Ricotta",
    "shortDesc": "Market Basket Whole Milk Ricotta",
    "tags": [
      "Other Creams & Cheeses"
    ],
    "categories": [
      {
        "code": "Breakfast & Dairy",
        "desc": "Breakfast & Dairy"
      }
    ],
    "subCategories": [
      {
        "code": "Dairy & Eggs",
        "desc": "Dairy & Eggs"
      }
    ],
    "brands": [
      {
        "code": "Market Basket",
        "desc": "Market Basket"
      }
    ],
    "price": {
      "basePrice": 2.39,
      "discountPrice": 2.39
    },
    "type": {
      "code": "Other Creams & Cheeses",
      "desc": "Other Creams & Cheeses"
    },
    "weight": "15 oz",
    "UpcCode": "",
    "tax": 0.0,
    "spiceLevel": "",
    "aiselNo": "1",
    "store": "Market Basket",
    "weightType": "15 oz",
    "imageName": "Market Basket.jpg",
    "defaultImage": "Market Basket.jpg",
    "updatedTimestamp": "Jan 23, 2021 8:02:30 PM",
    "createdTimestamp": "Jan 23, 2021 8:02:30 PM",
    "isNewlyAdded": false,
    "isActive": true,
    "isDealsEnabled": false,
    "quantity": 0
  },
  {
    "id": 7312,
    "code": "McCormick Ground Black Pepper",
    "desc": "McCormick Ground Black Pepper",
    "shortDesc": "McCormick Ground Black Pepper",
    "tags": [
      "Spices & Seasonings"
    ],
    "categories": [
      {
        "code": "Cooking Needs",
        "desc": "Cooking Needs"
      }
    ],
    "subCategories": [
      {
        "code": "Spices & Seasonings",
        "desc": "Spices & Seasonings"
      }
    ],
    "brands": [
      {
        "code": "McCormick",
        "desc": "McCormick"
      }
    ],
    "price": {
      "basePrice": 3.09,
      "discountPrice": 3.09
    },
    "type": {
      "code": "Spices & Seasonings",
      "desc": "Spices & Seasonings"
    },
    "weight": "3 oz",
    "UpcCode": "",
    "tax": 0.0,
    "spiceLevel": "",
    "aiselNo": "9",
    "store": "Market Basket",
    "weightType": "3 oz",
    "imageName": "2130.jpg",
    "defaultImage": "2130.jpg",
    "updatedTimestamp": "Jan 23, 2021 8:02:30 PM",
    "createdTimestamp": "Jan 23, 2021 8:02:30 PM",
    "isNewlyAdded": false,
    "isActive": true,
    "isDealsEnabled": false,
    "quantity": 0
  },
  {
    "id": 4302,
    "code": "Market Basket Fresh Fish Bones For Fish Stock",
    "desc": "Market Basket Fresh Fish Bones For Fish Stock",
    "shortDesc": "Market Basket Fresh Fish Bones For Fish Stock",
    "tags": [
      "Other Seafood"
    ],
    "categories": [
      {
        "code": "Meat & Seafood",
        "desc": "Meat & Seafood"
      }
    ],
    "subCategories": [
      {
        "code": "Meat & Seafood Counter",
        "desc": "Meat & Seafood Counter"
      }
    ],
    "brands": [
      {
        "code": "Market Basket",
        "desc": "Market Basket"
      }
    ],
    "price": {
      "basePrice": 1.29,
      "discountPrice": 1.29
    },
    "type": {
      "code": "Other Seafood",
      "desc": "Other Seafood"
    },
    "weight": "Approx: 1.00 lb at $1.29/lb",
    "UpcCode": "",
    "tax": 0.0,
    "spiceLevel": "",
    "aiselNo": "22",
    "store": "Market Basket",
    "weightType": "Approx: 1.00 lb at $1.29/lb",
    "imageName": "Market Basket.jpg",
    "defaultImage": "Market Basket.jpg",
    "updatedTimestamp": "Jan 23, 2021 8:02:30 PM",
    "createdTimestamp": "Jan 23, 2021 8:02:30 PM",
    "isNewlyAdded": false,
    "isActive": true,
    "isDealsEnabled": false,
    "quantity": 0
  },
  {
    "id": 12825,
    "code": "Market Basket Blueberry Muffin",
    "desc": "Market Basket Blueberry Muffin",
    "shortDesc": "Market Basket Blueberry Muffin",
    "tags": [
      "Muffin"
    ],
    "categories": [
      {
        "code": "Breakfast & Dairy",
        "desc": "Breakfast & Dairy"
      }
    ],
    "subCategories": [
      {
        "code": "Breads & Rolls",
        "desc": "Breads & Rolls"
      }
    ],
    "brands": [
      {
        "code": "Market Basket",
        "desc": "Market Basket"
      }
    ],
    "price": {
      "basePrice": 2.19,
      "discountPrice": 2.19
    },
    "type": {
      "code": "Muffin",
      "desc": "Muffin"
    },
    "weight": "10 oz",
    "UpcCode": "",
    "tax": 0.0,
    "spiceLevel": "",
    "aiselNo": "0",
    "store": "Market Basket",
    "weightType": "10 oz",
    "imageName": "Market Basket.jpg",
    "defaultImage": "Market Basket.jpg",
    "updatedTimestamp": "Jan 23, 2021 8:02:30 PM",
    "createdTimestamp": "Jan 23, 2021 8:02:30 PM",
    "isNewlyAdded": false,
    "isActive": true,
    "isDealsEnabled": false,
    "quantity": 0
  },
  {
    "id": 6327,
    "code": "Polar Pink Grapefruit Dry Sparkling Can",
    "desc": "Polar Pink Grapefruit Dry Sparkling Can",
    "shortDesc": "Polar Pink Grapefruit Dry Sparkling Can",
    "tags": [
      "Sparkling Water"
    ],
    "categories": [
      {
        "code": "Beverages & Juices",
        "desc": "Beverages & Juices"
      }
    ],
    "subCategories": [
      {
        "code": "Water",
        "desc": "Water"
      }
    ],
    "brands": [
      {
        "code": "Polar",
        "desc": "Polar"
      }
    ],
    "price": {
      "basePrice": 3.74,
      "discountPrice": 3.74
    },
    "type": {
      "code": "Sparkling Water",
      "desc": "Sparkling Water"
    },
    "weight": "6 x 7.5 fl oz",
    "UpcCode": "",
    "tax": 0.0,
    "spiceLevel": "",
    "aiselNo": "11",
    "store": "Market Basket",
    "weightType": "6 x 7.5 fl oz",
    "imageName": "No Image.jpg",
    "defaultImage": "No Image.jpg",
    "updatedTimestamp": "Jan 23, 2021 8:02:30 PM",
    "createdTimestamp": "Jan 23, 2021 8:02:30 PM",
    "isNewlyAdded": false,
    "isActive": true,
    "isDealsEnabled": false,
    "quantity": 0
  },
  {
    "id": 7325,
    "code": "McCormick Imitation Almond Extract",
    "desc": "McCormick Imitation Almond Extract",
    "shortDesc": "McCormick Imitation Almond Extract",
    "tags": [
      "Spices & Seasonings"
    ],
    "categories": [
      {
        "code": "Cooking Needs",
        "desc": "Cooking Needs"
      }
    ],
    "subCategories": [
      {
        "code": "Spices & Seasonings",
        "desc": "Spices & Seasonings"
      }
    ],
    "brands": [
      {
        "code": "McCormick",
        "desc": "McCormick"
      }
    ],
    "price": {
      "basePrice": 6.09,
      "discountPrice": 6.09
    },
    "type": {
      "code": "Spices & Seasonings",
      "desc": "Spices & Seasonings"
    },
    "weight": "2 fl oz",
    "UpcCode": "",
    "tax": 0.0,
    "spiceLevel": "",
    "aiselNo": "9",
    "store": "Market Basket",
    "weightType": "2 fl oz",
    "imageName": "2173.jpg",
    "defaultImage": "2173.jpg",
    "updatedTimestamp": "Jan 23, 2021 8:02:30 PM",
    "createdTimestamp": "Jan 23, 2021 8:02:30 PM",
    "isNewlyAdded": false,
    "isActive": true,
    "isDealsEnabled": false,
    "quantity": 0
  },
  {
    "id": 14120,
    "code": "Danone Original Greek Strawberry Nonfat Yogurt",
    "desc": "Danone Original Greek Strawberry Nonfat Yogurt",
    "shortDesc": "Danone Original Greek Strawberry Nonfat Yogurt",
    "tags": [
      "Yogurt"
    ],
    "categories": [
      {
        "code": "Breakfast & Dairy",
        "desc": "Breakfast & Dairy"
      }
    ],
    "subCategories": [
      {
        "code": "Dairy & Eggs",
        "desc": "Dairy & Eggs"
      }
    ],
    "brands": [
      {
        "code": "Danone",
        "desc": "Danone"
      }
    ],
    "price": {
      "basePrice": 1.29,
      "discountPrice": 1.29
    },
    "type": {
      "code": "Yogurt",
      "desc": "Yogurt"
    },
    "weight": "5.3 oz",
    "UpcCode": "",
    "tax": 0.0,
    "spiceLevel": "",
    "aiselNo": "1",
    "store": "Market Basket",
    "weightType": "5.3 oz",
    "imageName": "14677.jpg",
    "defaultImage": "14677.jpg",
    "updatedTimestamp": "Jan 23, 2021 8:02:30 PM",
    "createdTimestamp": "Jan 23, 2021 8:02:30 PM",
    "isNewlyAdded": false,
    "isActive": true,
    "isDealsEnabled": false,
    "quantity": 0
  },
  {
    "id": 7246,
    "code": "Mixed Pack of Peppers",
    "desc": "Mixed Pack of Peppers",
    "shortDesc": "Mixed Pack of Peppers",
    "tags": [
      "Spices & Seasonings"
    ],
    "categories": [
      {
        "code": "Cooking Needs",
        "desc": "Cooking Needs"
      }
    ],
    "subCategories": [
      {
        "code": "Spices & Seasonings",
        "desc": "Spices & Seasonings"
      }
    ],
    "brands": [
      {
        "code": "Market Basket",
        "desc": "Market Basket"
      }
    ],
    "price": {
      "basePrice": 2.09,
      "discountPrice": 2.09
    },
    "type": {
      "code": "Spices & Seasonings",
      "desc": "Spices & Seasonings"
    },
    "weight": "1 lb",
    "UpcCode": "",
    "tax": 0.0,
    "spiceLevel": "",
    "aiselNo": "9",
    "store": "Market Basket",
    "weightType": "1 lb",
    "imageName": "Market Basket.jpg",
    "defaultImage": "Market Basket.jpg",
    "updatedTimestamp": "Jan 23, 2021 8:02:30 PM",
    "createdTimestamp": "Jan 23, 2021 8:02:30 PM",
    "isNewlyAdded": false,
    "isActive": true,
    "isDealsEnabled": false,
    "quantity": 0
  },
  {
    "id": 4304,
    "code": "Market Basket Perch Fillets",
    "desc": "Market Basket Perch Fillets",
    "shortDesc": "Market Basket Perch Fillets",
    "tags": [
      "Perch"
    ],
    "categories": [
      {
        "code": "Meat & Seafood",
        "desc": "Meat & Seafood"
      }
    ],
    "subCategories": [
      {
        "code": "Meat & Seafood Counter",
        "desc": "Meat & Seafood Counter"
      }
    ],
    "brands": [
      {
        "code": "Market Basket",
        "desc": "Market Basket"
      }
    ],
    "price": {
      "basePrice": 7.21,
      "discountPrice": 7.21
    },
    "type": {
      "code": "Perch",
      "desc": "Perch"
    },
    "weight": "Approx: 0.98 lb at $7.39/lb",
    "UpcCode": "",
    "tax": 0.0,
    "spiceLevel": "",
    "aiselNo": "22",
    "store": "Market Basket",
    "weightType": "Approx: 0.98 lb at $7.39/lb",
    "imageName": "Market Basket.jpg",
    "defaultImage": "Market Basket.jpg",
    "updatedTimestamp": "Jan 23, 2021 8:02:30 PM",
    "createdTimestamp": "Jan 23, 2021 8:02:30 PM",
    "isNewlyAdded": false,
    "isActive": true,
    "isDealsEnabled": false,
    "quantity": 0
  },
  {
    "id": 13858,
    "code": "Swiss Miss Old Fashioned Tapioca Pudding",
    "desc": "Swiss Miss Old Fashioned Tapioca Pudding",
    "shortDesc": "Swiss Miss Old Fashioned Tapioca Pudding",
    "tags": [
      "Refrigerated Pudding & Desserts"
    ],
    "categories": [
      {
        "code": "Breakfast & Dairy",
        "desc": "Breakfast & Dairy"
      }
    ],
    "subCategories": [
      {
        "code": "Dairy & Eggs",
        "desc": "Dairy & Eggs"
      }
    ],
    "brands": [
      {
        "code": "Swiss Miss",
        "desc": "Swiss Miss"
      }
    ],
    "price": {
      "basePrice": 3.09,
      "discountPrice": 3.09
    },
    "type": {
      "code": "Refrigerated Pudding & Desserts",
      "desc": "Refrigerated Pudding & Desserts"
    },
    "weight": "6 x 4 oz",
    "UpcCode": "",
    "tax": 0.0,
    "spiceLevel": "",
    "aiselNo": "19",
    "store": "Market Basket",
    "weightType": "6 x 4 oz",
    "imageName": "828.jpg",
    "defaultImage": "828.jpg",
    "updatedTimestamp": "Jan 23, 2021 8:02:30 PM",
    "createdTimestamp": "Jan 23, 2021 8:02:30 PM",
    "isNewlyAdded": false,
    "isActive": true,
    "isDealsEnabled": false,
    "quantity": 0
  },
  {
    "id": 14398,
    "code": "Green Mountain Coffee Medium Roast Ground Coffee Nantucket Blend",
    "desc": "Green Mountain Coffee Medium Roast Ground Coffee Nantucket Blend",
    "shortDesc": "Green Mountain Coffee Medium Roast Ground Coffee Nantucket Blend",
    "tags": [
      "Coffee"
    ],
    "categories": [
      {
        "code": "Breakfast & Dairy",
        "desc": "Breakfast & Dairy"
      }
    ],
    "subCategories": [
      {
        "code": "Tea & Coffee",
        "desc": "Tea & Coffee"
      }
    ],
    "brands": [
      {
        "code": "Green Mountain",
        "desc": "Green Mountain"
      }
    ],
    "price": {
      "basePrice": 8.59,
      "discountPrice": 8.59
    },
    "type": {
      "code": "Coffee",
      "desc": "Coffee"
    },
    "weight": "12 count",
    "UpcCode": "",
    "tax": 0.0,
    "spiceLevel": "",
    "aiselNo": "8",
    "store": "Market Basket",
    "weightType": "12 count",
    "imageName": "3358.jpg",
    "defaultImage": "3358.jpg",
    "updatedTimestamp": "Jan 23, 2021 8:02:30 PM",
    "createdTimestamp": "Jan 23, 2021 8:02:30 PM",
    "isNewlyAdded": false,
    "isActive": true,
    "isDealsEnabled": false,
    "quantity": 0
  },
  {
    "id": 13896,
    "code": "Pacific Hemp Original Plant Based Beverage",
    "desc": "Pacific Hemp Original Plant Based Beverage",
    "shortDesc": "Pacific Hemp Original Plant Based Beverage",
    "tags": [
      "Soy & Lactose-Free"
    ],
    "categories": [
      {
        "code": "Breakfast & Dairy",
        "desc": "Breakfast & Dairy"
      }
    ],
    "subCategories": [
      {
        "code": "Dairy & Eggs",
        "desc": "Dairy & Eggs"
      }
    ],
    "brands": [
      {
        "code": "Pacific",
        "desc": "Pacific"
      }
    ],
    "price": {
      "basePrice": 4.69,
      "discountPrice": 4.69
    },
    "type": {
      "code": "Soy & Lactose-Free",
      "desc": "Soy & Lactose-Free"
    },
    "weight": "32 fl oz",
    "UpcCode": "",
    "tax": 0.0,
    "spiceLevel": "",
    "aiselNo": "1",
    "store": "Market Basket",
    "weightType": "32 fl oz",
    "imageName": "782.jpg",
    "defaultImage": "782.jpg",
    "updatedTimestamp": "Jan 23, 2021 8:02:30 PM",
    "createdTimestamp": "Jan 23, 2021 8:02:30 PM",
    "isNewlyAdded": false,
    "isActive": true,
    "isDealsEnabled": false,
    "quantity": 0
  },
  {
    "id": 9896,
    "code": "Whole Golden Greek Pepperoncin",
    "desc": "Whole Golden Greek Pepperoncin",
    "shortDesc": "Whole Golden Greek Pepperoncin",
    "tags": [
      "Frozen Produce"
    ],
    "categories": [
      {
        "code": "Frozen Food",
        "desc": "Frozen Food"
      }
    ],
    "subCategories": [
      {
        "code": "Frozen Produce",
        "desc": "Frozen Produce"
      }
    ],
    "brands": [
      {
        "code": "Market Basket",
        "desc": "Market Basket"
      }
    ],
    "price": {
      "basePrice": 2.49,
      "discountPrice": 2.49
    },
    "type": {
      "code": "Frozen Produce",
      "desc": "Frozen Produce"
    },
    "weight": "1 ct",
    "UpcCode": "",
    "tax": 0.0,
    "spiceLevel": "",
    "aiselNo": "19",
    "store": "Market Basket",
    "weightType": "1 ct",
    "imageName": "Market Basket.jpg",
    "defaultImage": "Market Basket.jpg",
    "updatedTimestamp": "Jan 23, 2021 8:02:30 PM",
    "createdTimestamp": "Jan 23, 2021 8:02:30 PM",
    "isNewlyAdded": false,
    "isActive": true,
    "isDealsEnabled": false,
    "quantity": 0
  },
  {
    "id": 14350,
    "code": "Chock Full O' Nuts 100% Colombian Medium Ground Coffee",
    "desc": "Chock Full O' Nuts 100% Colombian Medium Ground Coffee",
    "shortDesc": "Chock Full O' Nuts 100% Colombian Medium Ground Coffee",
    "tags": [
      "Coffee"
    ],
    "categories": [
      {
        "code": "Breakfast & Dairy",
        "desc": "Breakfast & Dairy"
      }
    ],
    "subCategories": [
      {
        "code": "Tea & Coffee",
        "desc": "Tea & Coffee"
      }
    ],
    "brands": [
      {
        "code": "Chock Full O' Nuts",
        "desc": "Chock Full O' Nuts"
      }
    ],
    "price": {
      "basePrice": 4.89,
      "discountPrice": 4.89
    },
    "type": {
      "code": "Coffee",
      "desc": "Coffee"
    },
    "weight": "10.3 oz",
    "UpcCode": "",
    "tax": 0.0,
    "spiceLevel": "",
    "aiselNo": "8",
    "store": "Market Basket",
    "weightType": "10.3 oz",
    "imageName": "16302.jpg",
    "defaultImage": "16302.jpg",
    "updatedTimestamp": "Jan 23, 2021 8:02:30 PM",
    "createdTimestamp": "Jan 23, 2021 8:02:30 PM",
    "isNewlyAdded": false,
    "isActive": true,
    "isDealsEnabled": false,
    "quantity": 0
  },
  {
    "id": 9840,
    "code": "Market Basket Chopped Collard Greens",
    "desc": "Market Basket Chopped Collard Greens",
    "shortDesc": "Market Basket Chopped Collard Greens",
    "tags": [
      "Frozen Produce"
    ],
    "categories": [
      {
        "code": "Frozen Food",
        "desc": "Frozen Food"
      }
    ],
    "subCategories": [
      {
        "code": "Frozen Produce",
        "desc": "Frozen Produce"
      }
    ],
    "brands": [
      {
        "code": "Market Basket",
        "desc": "Market Basket"
      }
    ],
    "price": {
      "basePrice": 1.69,
      "discountPrice": 1.69
    },
    "type": {
      "code": "Frozen Produce",
      "desc": "Frozen Produce"
    },
    "weight": "16 oz",
    "UpcCode": "",
    "tax": 0.0,
    "spiceLevel": "",
    "aiselNo": "19",
    "store": "Market Basket",
    "weightType": "16 oz",
    "imageName": "Market Basket.jpg",
    "defaultImage": "Market Basket.jpg",
    "updatedTimestamp": "Jan 23, 2021 8:02:30 PM",
    "createdTimestamp": "Jan 23, 2021 8:02:30 PM",
    "isNewlyAdded": false,
    "isActive": true,
    "isDealsEnabled": false,
    "quantity": 0
  },
  {
    "id": 10411,
    "code": "Goya Kidney Beans White",
    "desc": "Goya Kidney Beans White",
    "shortDesc": "Goya Kidney Beans White",
    "tags": [
      "Canned Food"
    ],
    "categories": [
      {
        "code": "Cooking Needs",
        "desc": "Cooking Needs"
      }
    ],
    "subCategories": [
      {
        "code": "Canned Food",
        "desc": "Canned Food"
      }
    ],
    "brands": [
      {
        "code": "Goya",
        "desc": "Goya"
      }
    ],
    "price": {
      "basePrice": 2.39,
      "discountPrice": 2.39
    },
    "type": {
      "code": "Canned Food",
      "desc": "Canned Food"
    },
    "weight": "16 oz",
    "UpcCode": "",
    "tax": 0.0,
    "spiceLevel": "",
    "aiselNo": "7",
    "store": "Market Basket",
    "weightType": "16 oz",
    "imageName": "17448.jpg",
    "defaultImage": "17448.jpg",
    "updatedTimestamp": "Jan 23, 2021 8:02:30 PM",
    "createdTimestamp": "Jan 23, 2021 8:02:30 PM",
    "isNewlyAdded": false,
    "isActive": true,
    "isDealsEnabled": false,
    "quantity": 0
  },
  {
    "id": 15183,
    "code": "Crest Complete Whitening + Scope Cool Peppermint Toothpaste",
    "desc": "Crest Complete Whitening + Scope Cool Peppermint Toothpaste",
    "shortDesc": "Crest Complete Whitening + Scope Cool Peppermint Toothpaste",
    "tags": [
      "Oral Hygiene"
    ],
    "categories": [
      {
        "code": "Personal Care",
        "desc": "Personal Care"
      }
    ],
    "subCategories": [
      {
        "code": "Personal Needs",
        "desc": "Personal Needs"
      }
    ],
    "brands": [
      {
        "code": "Crest",
        "desc": "Crest"
      }
    ],
    "price": {
      "basePrice": 4.24,
      "discountPrice": 4.24
    },
    "type": {
      "code": "Oral Hygiene",
      "desc": "Oral Hygiene"
    },
    "weight": "6.2 oz",
    "UpcCode": "",
    "tax": 1.0,
    "spiceLevel": "",
    "aiselNo": "13",
    "store": "Market Basket",
    "weightType": "6.2 oz",
    "imageName": "6421.jpg",
    "defaultImage": "6421.jpg",
    "updatedTimestamp": "Jan 23, 2021 8:02:30 PM",
    "createdTimestamp": "Jan 23, 2021 8:02:30 PM",
    "isNewlyAdded": false,
    "isActive": true,
    "isDealsEnabled": false,
    "quantity": 0
  },
  {
    "id": 6414,
    "code": "Lundberg Family Farms Cinnamon Toast Organic Rice Cakes",
    "desc": "Lundberg Family Farms Cinnamon Toast Organic Rice Cakes",
    "shortDesc": "Lundberg Family Farms Cinnamon Toast Organic Rice Cakes",
    "tags": [
      "Rice Cake"
    ],
    "categories": [
      {
        "code": "Chips, Cookies & Snacks",
        "desc": "Chips, Cookies & Snacks"
      }
    ],
    "subCategories": [
      {
        "code": "Chips & Fruit Snacks",
        "desc": "Chips & Fruit Snacks"
      }
    ],
    "brands": [
      {
        "code": "Lundberg Family Farms",
        "desc": "Lundberg Family Farms"
      }
    ],
    "price": {
      "basePrice": 3.74,
      "discountPrice": 3.74
    },
    "type": {
      "code": "Rice Cake",
      "desc": "Rice Cake"
    },
    "weight": "9.5 oz",
    "UpcCode": "",
    "tax": 0.0,
    "spiceLevel": "",
    "aiselNo": "6",
    "store": "Market Basket",
    "weightType": "9.5 oz",
    "imageName": "15178.jpg",
    "defaultImage": "15178.jpg",
    "updatedTimestamp": "Jan 23, 2021 8:02:30 PM",
    "createdTimestamp": "Jan 23, 2021 8:02:30 PM",
    "isNewlyAdded": false,
    "isActive": true,
    "isDealsEnabled": false,
    "quantity": 0
  },
  {
    "id": 6158,
    "code": "Pepsi Caffeine Free Box of Cans",
    "desc": "Pepsi Caffeine Free Box of Cans",
    "shortDesc": "Pepsi Caffeine Free Box of Cans",
    "tags": [
      "Soft Drinks"
    ],
    "categories": [
      {
        "code": "Beverages & Juices",
        "desc": "Beverages & Juices"
      }
    ],
    "subCategories": [
      {
        "code": "Soft Drinks & Seltzers",
        "desc": "Soft Drinks & Seltzers"
      }
    ],
    "brands": [
      {
        "code": "Pepsi",
        "desc": "Pepsi"
      }
    ],
    "price": {
      "basePrice": 5.63,
      "discountPrice": 5.63
    },
    "type": {
      "code": "Soft Drinks",
      "desc": "Soft Drinks"
    },
    "weight": "12 x 12 fl oz",
    "UpcCode": "",
    "tax": 0.0,
    "spiceLevel": "",
    "aiselNo": "17",
    "store": "Market Basket",
    "weightType": "12 x 12 fl oz",
    "imageName": "3914.jpg",
    "defaultImage": "3914.jpg",
    "updatedTimestamp": "Jan 23, 2021 8:02:30 PM",
    "createdTimestamp": "Jan 23, 2021 8:02:30 PM",
    "isNewlyAdded": false,
    "isActive": true,
    "isDealsEnabled": false,
    "quantity": 0
  },
  {
    "id": 13624,
    "code": "BelGioioso Cheese Parmesan",
    "desc": "BelGioioso Cheese Parmesan",
    "shortDesc": "BelGioioso Cheese Parmesan",
    "tags": [
      "Packaged Cheese"
    ],
    "categories": [
      {
        "code": "Breakfast & Dairy",
        "desc": "Breakfast & Dairy"
      }
    ],
    "subCategories": [
      {
        "code": "Dairy & Eggs",
        "desc": "Dairy & Eggs"
      }
    ],
    "brands": [
      {
        "code": "BelGioioso",
        "desc": "BelGioioso"
      }
    ],
    "price": {
      "basePrice": 4.89,
      "discountPrice": 4.89
    },
    "type": {
      "code": "Packaged Cheese",
      "desc": "Packaged Cheese"
    },
    "weight": "8 oz",
    "UpcCode": "",
    "tax": 0.0,
    "spiceLevel": "",
    "aiselNo": "1",
    "store": "Market Basket",
    "weightType": "8 oz",
    "imageName": "14565.jpg",
    "defaultImage": "14565.jpg",
    "updatedTimestamp": "Jan 23, 2021 8:02:30 PM",
    "createdTimestamp": "Jan 23, 2021 8:02:30 PM",
    "isNewlyAdded": false,
    "isActive": true,
    "isDealsEnabled": false,
    "quantity": 0
  },
  {
    "id": 9023,
    "code": "Peter Pan Creamy Reduced Fat Peanut Spread",
    "desc": "Peter Pan Creamy Reduced Fat Peanut Spread",
    "shortDesc": "Peter Pan Creamy Reduced Fat Peanut Spread",
    "tags": [
      "Spreads"
    ],
    "categories": [
      {
        "code": "Condiments & Dressings",
        "desc": "Condiments & Dressings"
      }
    ],
    "subCategories": [
      {
        "code": "Preserved Dips & Spreads",
        "desc": "Preserved Dips & Spreads"
      }
    ],
    "brands": [
      {
        "code": "Peter Pan",
        "desc": "Peter Pan"
      }
    ],
    "price": {
      "basePrice": 3.09,
      "discountPrice": 3.09
    },
    "type": {
      "code": "Spreads",
      "desc": "Spreads"
    },
    "weight": "16.3 oz",
    "UpcCode": "",
    "tax": 0.0,
    "spiceLevel": "",
    "aiselNo": "3",
    "store": "Market Basket",
    "weightType": "16.3 oz",
    "imageName": "15419.jpg",
    "defaultImage": "15419.jpg",
    "updatedTimestamp": "Jan 23, 2021 8:02:30 PM",
    "createdTimestamp": "Jan 23, 2021 8:02:30 PM",
    "isNewlyAdded": false,
    "isActive": true,
    "isDealsEnabled": false,
    "quantity": 0
  },
  {
    "id": 7623,
    "code": "Del Monte No Sugar Added Sliced Pears",
    "desc": "Del Monte No Sugar Added Sliced Pears",
    "shortDesc": "Del Monte No Sugar Added Sliced Pears",
    "tags": [
      "Canned Fruit & Applesauce"
    ],
    "categories": [
      {
        "code": "Cooking Needs",
        "desc": "Cooking Needs"
      }
    ],
    "subCategories": [
      {
        "code": "Canned Food",
        "desc": "Canned Food"
      }
    ],
    "brands": [
      {
        "code": "Del Monte",
        "desc": "Del Monte"
      }
    ],
    "price": {
      "basePrice": 1.89,
      "discountPrice": 1.89
    },
    "type": {
      "code": "Canned Fruit & Applesauce",
      "desc": "Canned Fruit & Applesauce"
    },
    "weight": "14.5 oz",
    "UpcCode": "",
    "tax": 0.0,
    "spiceLevel": "",
    "aiselNo": "3",
    "store": "Market Basket",
    "weightType": "14.5 oz",
    "imageName": "4911.jpg",
    "defaultImage": "4911.jpg",
    "updatedTimestamp": "Jan 23, 2021 8:02:30 PM",
    "createdTimestamp": "Jan 23, 2021 8:02:30 PM",
    "isNewlyAdded": false,
    "isActive": true,
    "isDealsEnabled": false,
    "quantity": 0
  },
  {
    "id": 519,
    "code": "Ivory Snow Gentle Care Detergent 16 Loads",
    "desc": "Ivory Snow Gentle Care Detergent 16 Loads",
    "shortDesc": "Ivory Snow Gentle Care Detergent 16 Loads",
    "tags": [
      "Laundry Detergent"
    ],
    "categories": [
      {
        "code": "Laundry & Paper Goods",
        "desc": "Laundry & Paper Goods"
      }
    ],
    "subCategories": [
      {
        "code": "Laundry",
        "desc": "Laundry"
      }
    ],
    "brands": [
      {
        "code": "Ivory Snow",
        "desc": "Ivory Snow"
      }
    ],
    "price": {
      "basePrice": 6.86,
      "discountPrice": 6.86
    },
    "type": {
      "code": "Laundry Detergent",
      "desc": "Laundry Detergent"
    },
    "weight": "25 fl oz",
    "UpcCode": "",
    "tax": 1.0,
    "spiceLevel": "",
    "aiselNo": "15",
    "store": "Market Basket",
    "weightType": "25 fl oz",
    "imageName": "No Image.jpg",
    "defaultImage": "No Image.jpg",
    "updatedTimestamp": "Jan 23, 2021 8:02:30 PM",
    "createdTimestamp": "Jan 23, 2021 8:02:30 PM",
    "isNewlyAdded": false,
    "isActive": true,
    "isDealsEnabled": false,
    "quantity": 0
  },
  {
    "id": 15294,
    "code": "Ensure Plus Nutrition Shake Strawberry Ready-to-Drink Bottles",
    "desc": "Ensure Plus Nutrition Shake Strawberry Ready-to-Drink Bottles",
    "shortDesc": "Ensure Plus Nutrition Shake Strawberry Ready-to-Drink Bottles",
    "tags": [
      "Protien Drinks"
    ],
    "categories": [
      {
        "code": "Personal Care",
        "desc": "Personal Care"
      }
    ],
    "subCategories": [
      {
        "code": "Vitamins & Proteins",
        "desc": "Vitamins & Proteins"
      }
    ],
    "brands": [
      {
        "code": "Ensure",
        "desc": "Ensure"
      }
    ],
    "price": {
      "basePrice": 12.64,
      "discountPrice": 12.64
    },
    "type": {
      "code": "Protien Drinks",
      "desc": "Protien Drinks"
    },
    "weight": "6 x 8 fl oz",
    "UpcCode": "",
    "tax": 1.0,
    "spiceLevel": "",
    "aiselNo": "13",
    "store": "Market Basket",
    "weightType": "6 x 8 fl oz",
    "imageName": "6721.jpg",
    "defaultImage": "6721.jpg",
    "updatedTimestamp": "Jan 23, 2021 8:02:30 PM",
    "createdTimestamp": "Jan 23, 2021 8:02:30 PM",
    "isNewlyAdded": false,
    "isActive": true,
    "isDealsEnabled": false,
    "quantity": 0
  },
  {
    "id": 3744,
    "code": "Infinite Herbs Herbs Chives",
    "desc": "Infinite Herbs Herbs Chives",
    "shortDesc": "Infinite Herbs Herbs Chives",
    "tags": [
      "Chives"
    ],
    "categories": [
      {
        "code": "Fresh Produce",
        "desc": "Fresh Produce"
      }
    ],
    "subCategories": [
      {
        "code": "Fresh Herbs",
        "desc": "Fresh Herbs"
      }
    ],
    "brands": [
      {
        "code": "Infinite Herbs",
        "desc": "Infinite Herbs"
      }
    ],
    "price": {
      "basePrice": 4.7,
      "discountPrice": 4.7
    },
    "type": {
      "code": "Chives",
      "desc": "Chives"
    },
    "weight": "1 oz",
    "UpcCode": "",
    "tax": 0.0,
    "spiceLevel": "",
    "aiselNo": "20",
    "store": "Market Basket",
    "weightType": "1 oz",
    "imageName": "87.jpg",
    "defaultImage": "87.jpg",
    "updatedTimestamp": "Jan 23, 2021 8:02:30 PM",
    "createdTimestamp": "Jan 23, 2021 8:02:30 PM",
    "isNewlyAdded": false,
    "isActive": true,
    "isDealsEnabled": false,
    "quantity": 0
  },
  {
    "id": 12734,
    "code": "Roasted Garlic Ciabatta Bread",
    "desc": "Roasted Garlic Ciabatta Bread",
    "shortDesc": "Roasted Garlic Ciabatta Bread",
    "tags": [
      "Bread"
    ],
    "categories": [
      {
        "code": "Breakfast & Dairy",
        "desc": "Breakfast & Dairy"
      }
    ],
    "subCategories": [
      {
        "code": "Breads & Rolls",
        "desc": "Breads & Rolls"
      }
    ],
    "brands": [
      {
        "code": "Market Basket",
        "desc": "Market Basket"
      }
    ],
    "price": {
      "basePrice": 4.39,
      "discountPrice": 4.39
    },
    "type": {
      "code": "Bread",
      "desc": "Bread"
    },
    "weight": "15 oz",
    "UpcCode": "",
    "tax": 0.0,
    "spiceLevel": "",
    "aiselNo": "18",
    "store": "Market Basket",
    "weightType": "15 oz",
    "imageName": "Market Basket.jpg",
    "defaultImage": "Market Basket.jpg",
    "updatedTimestamp": "Jan 23, 2021 8:02:30 PM",
    "createdTimestamp": "Jan 23, 2021 8:02:30 PM",
    "isNewlyAdded": false,
    "isActive": true,
    "isDealsEnabled": false,
    "quantity": 0
  },
  {
    "id": 7493,
    "code": "Very Young Small Sweet Peas",
    "desc": "Very Young Small Sweet Peas",
    "shortDesc": "Very Young Small Sweet Peas",
    "tags": [
      "Canned & Jarred Vegetables"
    ],
    "categories": [
      {
        "code": "Cooking Needs",
        "desc": "Cooking Needs"
      }
    ],
    "subCategories": [
      {
        "code": "Canned Food",
        "desc": "Canned Food"
      }
    ],
    "brands": [
      {
        "code": "Le Sueur",
        "desc": "Le Sueur"
      }
    ],
    "price": {
      "basePrice": 1.89,
      "discountPrice": 1.89
    },
    "type": {
      "code": "Canned & Jarred Vegetables",
      "desc": "Canned & Jarred Vegetables"
    },
    "weight": "15 oz",
    "UpcCode": "",
    "tax": 0.0,
    "spiceLevel": "",
    "aiselNo": "9",
    "store": "Market Basket",
    "weightType": "15 oz",
    "imageName": "17085.jpg",
    "defaultImage": "17085.jpg",
    "updatedTimestamp": "Jan 23, 2021 8:02:30 PM",
    "createdTimestamp": "Jan 23, 2021 8:02:30 PM",
    "isNewlyAdded": false,
    "isActive": true,
    "isDealsEnabled": false,
    "quantity": 0
  },
  {
    "id": 14446,
    "code": "New England Coffee Hazelnut Creme Ground Coffee",
    "desc": "New England Coffee Hazelnut Creme Ground Coffee",
    "shortDesc": "New England Coffee Hazelnut Creme Ground Coffee",
    "tags": [
      "Coffee"
    ],
    "categories": [
      {
        "code": "Breakfast & Dairy",
        "desc": "Breakfast & Dairy"
      }
    ],
    "subCategories": [
      {
        "code": "Tea & Coffee",
        "desc": "Tea & Coffee"
      }
    ],
    "brands": [
      {
        "code": "New England Coffee",
        "desc": "New England Coffee"
      }
    ],
    "price": {
      "basePrice": 7.39,
      "discountPrice": 7.39
    },
    "type": {
      "code": "Coffee",
      "desc": "Coffee"
    },
    "weight": "11 oz",
    "UpcCode": "",
    "tax": 0.0,
    "spiceLevel": "",
    "aiselNo": "8",
    "store": "Market Basket",
    "weightType": "11 oz",
    "imageName": "3373.jpg",
    "defaultImage": "3373.jpg",
    "updatedTimestamp": "Jan 23, 2021 8:02:30 PM",
    "createdTimestamp": "Jan 23, 2021 8:02:30 PM",
    "isNewlyAdded": false,
    "isActive": true,
    "isDealsEnabled": false,
    "quantity": 0
  },
  {
    "id": 6445,
    "code": "Market Basket Diet Orange Soda",
    "desc": "Market Basket Diet Orange Soda",
    "shortDesc": "Market Basket Diet Orange Soda",
    "tags": [
      "Soft Drinks"
    ],
    "categories": [
      {
        "code": "Beverages & Juices",
        "desc": "Beverages & Juices"
      }
    ],
    "subCategories": [
      {
        "code": "Soft Drinks & Seltzers",
        "desc": "Soft Drinks & Seltzers"
      }
    ],
    "brands": [
      {
        "code": "Market Basket",
        "desc": "Market Basket"
      }
    ],
    "price": {
      "basePrice": 3.75,
      "discountPrice": 3.75
    },
    "type": {
      "code": "Soft Drinks",
      "desc": "Soft Drinks"
    },
    "weight": "12 x 12 fl oz",
    "UpcCode": "",
    "tax": 0.0,
    "spiceLevel": "",
    "aiselNo": "17",
    "store": "Market Basket",
    "weightType": "12 x 12 fl oz",
    "imageName": "Market Basket.jpg",
    "defaultImage": "Market Basket.jpg",
    "updatedTimestamp": "Jan 23, 2021 8:02:30 PM",
    "createdTimestamp": "Jan 23, 2021 8:02:30 PM",
    "isNewlyAdded": false,
    "isActive": true,
    "isDealsEnabled": false,
    "quantity": 0
  },
  {
    "id": 6218,
    "code": "Adirondack Beverages Seltzer, Mandarin Orange",
    "desc": "Adirondack Beverages Seltzer, Mandarin Orange",
    "shortDesc": "Adirondack Beverages Seltzer, Mandarin Orange",
    "tags": [
      "Seltzer"
    ],
    "categories": [
      {
        "code": "Beverages & Juices",
        "desc": "Beverages & Juices"
      }
    ],
    "subCategories": [
      {
        "code": "Soft Drinks & Seltzers",
        "desc": "Soft Drinks & Seltzers"
      }
    ],
    "brands": [
      {
        "code": "Adirondack",
        "desc": "Adirondack"
      }
    ],
    "price": {
      "basePrice": 3.13,
      "discountPrice": 3.13
    },
    "type": {
      "code": "Seltzer",
      "desc": "Seltzer"
    },
    "weight": "6 x 16.9 fl oz",
    "UpcCode": "",
    "tax": 0.0,
    "spiceLevel": "",
    "aiselNo": "11",
    "store": "Market Basket",
    "weightType": "6 x 16.9 fl oz",
    "imageName": "No Image.jpg",
    "defaultImage": "No Image.jpg",
    "updatedTimestamp": "Jan 23, 2021 8:02:30 PM",
    "createdTimestamp": "Jan 23, 2021 8:02:30 PM",
    "isNewlyAdded": false,
    "isActive": true,
    "isDealsEnabled": false,
    "quantity": 0
  },
  {
    "id": 6282,
    "code": "Market Basket Distilled Water",
    "desc": "Market Basket Distilled Water",
    "shortDesc": "Market Basket Distilled Water",
    "tags": [
      "Water"
    ],
    "categories": [
      {
        "code": "Beverages & Juices",
        "desc": "Beverages & Juices"
      }
    ],
    "subCategories": [
      {
        "code": "Water",
        "desc": "Water"
      }
    ],
    "brands": [
      {
        "code": "Market Basket",
        "desc": "Market Basket"
      }
    ],
    "price": {
      "basePrice": 1.24,
      "discountPrice": 1.24
    },
    "type": {
      "code": "Water",
      "desc": "Water"
    },
    "weight": "1 gal",
    "UpcCode": "",
    "tax": 0.0,
    "spiceLevel": "",
    "aiselNo": "11",
    "store": "Market Basket",
    "weightType": "1 gal",
    "imageName": "Market Basket.jpg",
    "defaultImage": "Market Basket.jpg",
    "updatedTimestamp": "Jan 23, 2021 8:02:30 PM",
    "createdTimestamp": "Jan 23, 2021 8:02:30 PM",
    "isNewlyAdded": false,
    "isActive": true,
    "isDealsEnabled": false,
    "quantity": 0
  },
  {
    "id": 4277,
    "code": "Smithfield Slow Roasted Golden Rotisserrie Marinated Tenderloin",
    "desc": "Smithfield Slow Roasted Golden Rotisserrie Marinated Tenderloin",
    "shortDesc": "Smithfield Slow Roasted Golden Rotisserrie Marinated Tenderloin",
    "tags": [
      "Tenderloin"
    ],
    "categories": [
      {
        "code": "Meat & Seafood",
        "desc": "Meat & Seafood"
      }
    ],
    "subCategories": [
      {
        "code": "Packaged Meat & Seafood",
        "desc": "Packaged Meat & Seafood"
      }
    ],
    "brands": [
      {
        "code": "Smithfield",
        "desc": "Smithfield"
      }
    ],
    "price": {
      "basePrice": 8.59,
      "discountPrice": 8.59
    },
    "type": {
      "code": "Tenderloin",
      "desc": "Tenderloin"
    },
    "weight": "18.4 oz",
    "UpcCode": "",
    "tax": 0.0,
    "spiceLevel": "",
    "aiselNo": "22",
    "store": "Market Basket",
    "weightType": "18.4 oz",
    "imageName": "4077.jpg",
    "defaultImage": "4077.jpg",
    "updatedTimestamp": "Jan 23, 2021 8:02:30 PM",
    "createdTimestamp": "Jan 23, 2021 8:02:30 PM",
    "isNewlyAdded": false,
    "isActive": true,
    "isDealsEnabled": false,
    "quantity": 0
  },
  {
    "id": 5655,
    "code": "LifeSavers Mints Spear O Mint",
    "desc": "LifeSavers Mints Spear O Mint",
    "shortDesc": "LifeSavers Mints Spear O Mint",
    "tags": [
      "Mint & Gum"
    ],
    "categories": [
      {
        "code": "Chips, Cookies & Snacks",
        "desc": "Chips, Cookies & Snacks"
      }
    ],
    "subCategories": [
      {
        "code": "Candy & Chocolates",
        "desc": "Candy & Chocolates"
      }
    ],
    "brands": [
      {
        "code": "LifeSavers",
        "desc": "LifeSavers"
      }
    ],
    "price": {
      "basePrice": 2.19,
      "discountPrice": 2.19
    },
    "type": {
      "code": "Mint & Gum",
      "desc": "Mint & Gum"
    },
    "weight": "6.25 oz",
    "UpcCode": "",
    "tax": 0.0,
    "spiceLevel": "",
    "aiselNo": "3",
    "store": "Market Basket",
    "weightType": "6.25 oz",
    "imageName": "1504.jpg",
    "defaultImage": "1504.jpg",
    "updatedTimestamp": "Jan 23, 2021 8:02:30 PM",
    "createdTimestamp": "Jan 23, 2021 8:02:30 PM",
    "isNewlyAdded": false,
    "isActive": true,
    "isDealsEnabled": false,
    "quantity": 0
  },
  {
    "id": 6214,
    "code": "Sunkist Orange Soda",
    "desc": "Sunkist Orange Soda",
    "shortDesc": "Sunkist Orange Soda",
    "tags": [
      "Soft Drinks"
    ],
    "categories": [
      {
        "code": "Beverages & Juices",
        "desc": "Beverages & Juices"
      }
    ],
    "subCategories": [
      {
        "code": "Soft Drinks & Seltzers",
        "desc": "Soft Drinks & Seltzers"
      }
    ],
    "brands": [
      {
        "code": "Sunkist",
        "desc": "Sunkist"
      }
    ],
    "price": {
      "basePrice": 2.11,
      "discountPrice": 2.11
    },
    "type": {
      "code": "Soft Drinks",
      "desc": "Soft Drinks"
    },
    "weight": "2 L",
    "UpcCode": "",
    "tax": 0.0,
    "spiceLevel": "",
    "aiselNo": "17",
    "store": "Market Basket",
    "weightType": "2 L",
    "imageName": "16597.jpg",
    "defaultImage": "16597.jpg",
    "updatedTimestamp": "Jan 23, 2021 8:02:30 PM",
    "createdTimestamp": "Jan 23, 2021 8:02:30 PM",
    "isNewlyAdded": false,
    "isActive": true,
    "isDealsEnabled": false,
    "quantity": 0
  },
  {
    "id": 13268,
    "code": "Benecol Vegetable Oil Spread, 39%, Light",
    "desc": "Benecol Vegetable Oil Spread, 39%, Light",
    "shortDesc": "Benecol Vegetable Oil Spread, 39%, Light",
    "tags": [
      "Butter"
    ],
    "categories": [
      {
        "code": "Breakfast & Dairy",
        "desc": "Breakfast & Dairy"
      }
    ],
    "subCategories": [
      {
        "code": "Dairy & Eggs",
        "desc": "Dairy & Eggs"
      }
    ],
    "brands": [
      {
        "code": "Benecol",
        "desc": "Benecol"
      }
    ],
    "price": {
      "basePrice": 3.29,
      "discountPrice": 3.29
    },
    "type": {
      "code": "Butter",
      "desc": "Butter"
    },
    "weight": "8 oz",
    "UpcCode": "",
    "tax": 0.0,
    "spiceLevel": "",
    "aiselNo": "1",
    "store": "Market Basket",
    "weightType": "8 oz",
    "imageName": "14778.jpg",
    "defaultImage": "14778.jpg",
    "updatedTimestamp": "Jan 23, 2021 8:02:30 PM",
    "createdTimestamp": "Jan 23, 2021 8:02:30 PM",
    "isNewlyAdded": false,
    "isActive": true,
    "isDealsEnabled": false,
    "quantity": 0
  },
  {
    "id": 4778,
    "code": "Frozen Wild Haddock",
    "desc": "Frozen Wild Haddock",
    "shortDesc": "Frozen Wild Haddock",
    "tags": [
      "Frozen Haddock"
    ],
    "categories": [
      {
        "code": "Meat & Seafood",
        "desc": "Meat & Seafood"
      }
    ],
    "subCategories": [
      {
        "code": "Frozen Meat & Seafood",
        "desc": "Frozen Meat & Seafood"
      }
    ],
    "brands": [
      {
        "code": "Market Basket",
        "desc": "Market Basket"
      }
    ],
    "price": {
      "basePrice": 7.59,
      "discountPrice": 7.59
    },
    "type": {
      "code": "Frozen Haddock",
      "desc": "Frozen Haddock"
    },
    "weight": "1 lb",
    "UpcCode": "",
    "tax": 0.0,
    "spiceLevel": "",
    "aiselNo": "18",
    "store": "Market Basket",
    "weightType": "1 lb",
    "imageName": "Market Basket.jpg",
    "defaultImage": "Market Basket.jpg",
    "updatedTimestamp": "Jan 23, 2021 8:02:30 PM",
    "createdTimestamp": "Jan 23, 2021 8:02:30 PM",
    "isNewlyAdded": false,
    "isActive": true,
    "isDealsEnabled": false,
    "quantity": 0
  },
  {
    "id": 4240,
    "code": "Smithfield Anytime Favorites Hardwood Smoked Steak Ham",
    "desc": "Smithfield Anytime Favorites Hardwood Smoked Steak Ham",
    "shortDesc": "Smithfield Anytime Favorites Hardwood Smoked Steak Ham",
    "tags": [
      "Ham"
    ],
    "categories": [
      {
        "code": "Meat & Seafood",
        "desc": "Meat & Seafood"
      }
    ],
    "subCategories": [
      {
        "code": "Packaged Meat & Seafood",
        "desc": "Packaged Meat & Seafood"
      }
    ],
    "brands": [
      {
        "code": "Smithfield",
        "desc": "Smithfield"
      }
    ],
    "price": {
      "basePrice": 4.49,
      "discountPrice": 4.49
    },
    "type": {
      "code": "Ham",
      "desc": "Ham"
    },
    "weight": "1.23 oz",
    "UpcCode": "",
    "tax": 0.0,
    "spiceLevel": "",
    "aiselNo": "22",
    "store": "Market Basket",
    "weightType": "1.23 oz",
    "imageName": "No Image.jpg",
    "defaultImage": "No Image.jpg",
    "updatedTimestamp": "Jan 23, 2021 8:02:30 PM",
    "createdTimestamp": "Jan 23, 2021 8:02:30 PM",
    "isNewlyAdded": false,
    "isActive": true,
    "isDealsEnabled": false,
    "quantity": 0
  },
  {
    "id": 4049,
    "code": "Certified Angus Beef Cap Off London Broil",
    "desc": "Certified Angus Beef Cap Off London Broil",
    "shortDesc": "Certified Angus Beef Cap Off London Broil",
    "tags": [
      "Beef"
    ],
    "categories": [
      {
        "code": "Meat & Seafood",
        "desc": "Meat & Seafood"
      }
    ],
    "subCategories": [
      {
        "code": "Meat & Seafood Counter",
        "desc": "Meat & Seafood Counter"
      }
    ],
    "brands": [
      {
        "code": "Certified Angus Beef",
        "desc": "Certified Angus Beef"
      }
    ],
    "price": {
      "basePrice": 4.09,
      "discountPrice": 4.09
    },
    "type": {
      "code": "Beef",
      "desc": "Beef"
    },
    "weight": "1 lb",
    "UpcCode": "",
    "tax": 0.0,
    "spiceLevel": "",
    "aiselNo": "22",
    "store": "Market Basket",
    "weightType": "1 lb",
    "imageName": "No Image.jpg",
    "defaultImage": "No Image.jpg",
    "updatedTimestamp": "Jan 23, 2021 8:02:30 PM",
    "createdTimestamp": "Jan 23, 2021 8:02:30 PM",
    "isNewlyAdded": false,
    "isActive": true,
    "isDealsEnabled": false,
    "quantity": 0
  },
  {
    "id": 5590,
    "code": "Bunch of Candy Beets",
    "desc": "Bunch of Candy Beets",
    "shortDesc": "Bunch of Candy Beets",
    "tags": [
      "Candy & Chocolate"
    ],
    "categories": [
      {
        "code": "Chips, Cookies & Snacks",
        "desc": "Chips, Cookies & Snacks"
      }
    ],
    "subCategories": [
      {
        "code": "Candy & Chocolates",
        "desc": "Candy & Chocolates"
      }
    ],
    "brands": [
      {
        "code": "Store Brand",
        "desc": "Store Brand"
      }
    ],
    "price": {
      "basePrice": 3.09,
      "discountPrice": 3.09
    },
    "type": {
      "code": "Candy & Chocolate",
      "desc": "Candy & Chocolate"
    },
    "weight": "1 ct",
    "UpcCode": "",
    "tax": 0.0,
    "spiceLevel": "",
    "aiselNo": "3",
    "store": "Market Basket",
    "weightType": "1 ct",
    "imageName": "Market Basket.jpg",
    "defaultImage": "Market Basket.jpg",
    "updatedTimestamp": "Jan 23, 2021 8:02:30 PM",
    "createdTimestamp": "Jan 23, 2021 8:02:30 PM",
    "isNewlyAdded": false,
    "isActive": true,
    "isDealsEnabled": false,
    "quantity": 0
  },
  {
    "id": 7967,
    "code": "Campbell's Condensed Cheddar Cheese Soup",
    "desc": "Campbell's Condensed Cheddar Cheese Soup",
    "shortDesc": "Campbell's Condensed Cheddar Cheese Soup",
    "tags": [
      "Soup, Broth & Bouillon"
    ],
    "categories": [
      {
        "code": "Cooking Needs",
        "desc": "Cooking Needs"
      }
    ],
    "subCategories": [
      {
        "code": "Canned Food",
        "desc": "Canned Food"
      }
    ],
    "brands": [
      {
        "code": "Campbell's",
        "desc": "Campbell's"
      }
    ],
    "price": {
      "basePrice": 2.09,
      "discountPrice": 2.09
    },
    "type": {
      "code": "Soup, Broth & Bouillon",
      "desc": "Soup, Broth & Bouillon"
    },
    "weight": "10.75 oz",
    "UpcCode": "",
    "tax": 0.0,
    "spiceLevel": "",
    "aiselNo": "2",
    "store": "Market Basket",
    "weightType": "10.75 oz",
    "imageName": "5313.jpg",
    "defaultImage": "5313.jpg",
    "updatedTimestamp": "Jan 23, 2021 8:02:30 PM",
    "createdTimestamp": "Jan 23, 2021 8:02:30 PM",
    "isNewlyAdded": false,
    "isActive": true,
    "isDealsEnabled": false,
    "quantity": 0
  },
  {
    "id": 15196,
    "code": "Crest Tartar Protection Toothpaste Regular",
    "desc": "Crest Tartar Protection Toothpaste Regular",
    "shortDesc": "Crest Tartar Protection Toothpaste Regular",
    "tags": [
      "Oral Hygiene"
    ],
    "categories": [
      {
        "code": "Personal Care",
        "desc": "Personal Care"
      }
    ],
    "subCategories": [
      {
        "code": "Personal Needs",
        "desc": "Personal Needs"
      }
    ],
    "brands": [
      {
        "code": "Crest",
        "desc": "Crest"
      }
    ],
    "price": {
      "basePrice": 2.86,
      "discountPrice": 2.86
    },
    "type": {
      "code": "Oral Hygiene",
      "desc": "Oral Hygiene"
    },
    "weight": "1 count",
    "UpcCode": "",
    "tax": 1.0,
    "spiceLevel": "",
    "aiselNo": "13",
    "store": "Market Basket",
    "weightType": "1 count",
    "imageName": "6405.jpg",
    "defaultImage": "6405.jpg",
    "updatedTimestamp": "Jan 23, 2021 8:02:30 PM",
    "createdTimestamp": "Jan 23, 2021 8:02:30 PM",
    "isNewlyAdded": false,
    "isActive": true,
    "isDealsEnabled": false,
    "quantity": 0
  },
  {
    "id": 7368,
    "code": "Nu Salt Salt Substitute",
    "desc": "Nu Salt Salt Substitute",
    "shortDesc": "Nu Salt Salt Substitute",
    "tags": [
      "Spices & Seasonings"
    ],
    "categories": [
      {
        "code": "Cooking Needs",
        "desc": "Cooking Needs"
      }
    ],
    "subCategories": [
      {
        "code": "Spices & Seasonings",
        "desc": "Spices & Seasonings"
      }
    ],
    "brands": [
      {
        "code": "Nu-Salt",
        "desc": "Nu-Salt"
      }
    ],
    "price": {
      "basePrice": 2.19,
      "discountPrice": 2.19
    },
    "type": {
      "code": "Spices & Seasonings",
      "desc": "Spices & Seasonings"
    },
    "weight": "3 oz",
    "UpcCode": "",
    "tax": 0.0,
    "spiceLevel": "",
    "aiselNo": "9",
    "store": "Market Basket",
    "weightType": "3 oz",
    "imageName": "15652.jpg",
    "defaultImage": "15652.jpg",
    "updatedTimestamp": "Jan 23, 2021 8:02:30 PM",
    "createdTimestamp": "Jan 23, 2021 8:02:30 PM",
    "isNewlyAdded": false,
    "isActive": true,
    "isDealsEnabled": false,
    "quantity": 0
  },
  {
    "id": 7439,
    "code": "Goya Blackeye Peas",
    "desc": "Goya Blackeye Peas",
    "shortDesc": "Goya Blackeye Peas",
    "tags": [
      "Canned & Jarred Vegetables"
    ],
    "categories": [
      {
        "code": "Cooking Needs",
        "desc": "Cooking Needs"
      }
    ],
    "subCategories": [
      {
        "code": "Canned Food",
        "desc": "Canned Food"
      }
    ],
    "brands": [
      {
        "code": "Goya",
        "desc": "Goya"
      }
    ],
    "price": {
      "basePrice": 0.99,
      "discountPrice": 0.99
    },
    "type": {
      "code": "Canned & Jarred Vegetables",
      "desc": "Canned & Jarred Vegetables"
    },
    "weight": "15.5 oz",
    "UpcCode": "",
    "tax": 0.0,
    "spiceLevel": "",
    "aiselNo": "9",
    "store": "Market Basket",
    "weightType": "15.5 oz",
    "imageName": "5049.jpg",
    "defaultImage": "5049.jpg",
    "updatedTimestamp": "Jan 23, 2021 8:02:30 PM",
    "createdTimestamp": "Jan 23, 2021 8:02:30 PM",
    "isNewlyAdded": false,
    "isActive": true,
    "isDealsEnabled": false,
    "quantity": 0
  },
  {
    "id": 7141,
    "code": "Marukan Rice Vinegar",
    "desc": "Marukan Rice Vinegar",
    "shortDesc": "Marukan Rice Vinegar",
    "tags": [
      "Oils & Vinegars"
    ],
    "categories": [
      {
        "code": "Cooking Needs",
        "desc": "Cooking Needs"
      }
    ],
    "subCategories": [
      {
        "code": "Oils & Vinegars",
        "desc": "Oils & Vinegars"
      }
    ],
    "brands": [
      {
        "code": "Marukan",
        "desc": "Marukan"
      }
    ],
    "price": {
      "basePrice": 3.69,
      "discountPrice": 3.69
    },
    "type": {
      "code": "Oils & Vinegars",
      "desc": "Oils & Vinegars"
    },
    "weight": "12 oz",
    "UpcCode": "",
    "tax": 0.0,
    "spiceLevel": "",
    "aiselNo": "2",
    "store": "Market Basket",
    "weightType": "12 oz",
    "imageName": "15495.jpg",
    "defaultImage": "15495.jpg",
    "updatedTimestamp": "Jan 23, 2021 8:02:30 PM",
    "createdTimestamp": "Jan 23, 2021 8:02:30 PM",
    "isNewlyAdded": false,
    "isActive": true,
    "isDealsEnabled": false,
    "quantity": 0
  },
  {
    "id": 8730,
    "code": "Fritos Bean Original Flavor Dip",
    "desc": "Fritos Bean Original Flavor Dip",
    "shortDesc": "Fritos Bean Original Flavor Dip",
    "tags": [
      "Preserved Dips & Salsa"
    ],
    "categories": [
      {
        "code": "Condiments & Dressings",
        "desc": "Condiments & Dressings"
      }
    ],
    "subCategories": [
      {
        "code": "Preserved Dips & Spreads",
        "desc": "Preserved Dips & Spreads"
      }
    ],
    "brands": [
      {
        "code": "Fritos",
        "desc": "Fritos"
      }
    ],
    "price": {
      "basePrice": 3.69,
      "discountPrice": 3.69
    },
    "type": {
      "code": "Preserved Dips & Salsa",
      "desc": "Preserved Dips & Salsa"
    },
    "weight": "9 oz",
    "UpcCode": "",
    "tax": 0.0,
    "spiceLevel": "",
    "aiselNo": "1",
    "store": "Market Basket",
    "weightType": "9 oz",
    "imageName": "2010.jpg",
    "defaultImage": "2010.jpg",
    "updatedTimestamp": "Jan 23, 2021 8:02:30 PM",
    "createdTimestamp": "Jan 23, 2021 8:02:30 PM",
    "isNewlyAdded": false,
    "isActive": true,
    "isDealsEnabled": false,
    "quantity": 0
  },
  {
    "id": 9765,
    "code": "Birds Eye Creamed Spinach",
    "desc": "Birds Eye Creamed Spinach",
    "shortDesc": "Birds Eye Creamed Spinach",
    "tags": [
      "Frozen Produce"
    ],
    "categories": [
      {
        "code": "Frozen Food",
        "desc": "Frozen Food"
      }
    ],
    "subCategories": [
      {
        "code": "Frozen Produce",
        "desc": "Frozen Produce"
      }
    ],
    "brands": [
      {
        "code": "Birds Eye",
        "desc": "Birds Eye"
      }
    ],
    "price": {
      "basePrice": 1.69,
      "discountPrice": 1.69
    },
    "type": {
      "code": "Frozen Produce",
      "desc": "Frozen Produce"
    },
    "weight": "9 oz",
    "UpcCode": "",
    "tax": 0.0,
    "spiceLevel": "",
    "aiselNo": "19",
    "store": "Market Basket",
    "weightType": "9 oz",
    "imageName": "2434.jpg",
    "defaultImage": "2434.jpg",
    "updatedTimestamp": "Jan 23, 2021 8:02:30 PM",
    "createdTimestamp": "Jan 23, 2021 8:02:30 PM",
    "isNewlyAdded": false,
    "isActive": true,
    "isDealsEnabled": false,
    "quantity": 0
  },
  {
    "id": 5025,
    "code": "Wise Salt & Vinegar Potato Chips",
    "desc": "Wise Salt & Vinegar Potato Chips",
    "shortDesc": "Wise Salt & Vinegar Potato Chips",
    "tags": [
      "Chips & Pretzels"
    ],
    "categories": [
      {
        "code": "Chips, Cookies & Snacks",
        "desc": "Chips, Cookies & Snacks"
      }
    ],
    "subCategories": [
      {
        "code": "Chips & Fruit Snacks",
        "desc": "Chips & Fruit Snacks"
      }
    ],
    "brands": [
      {
        "code": "Wise",
        "desc": "Wise"
      }
    ],
    "price": {
      "basePrice": 3.13,
      "discountPrice": 3.13
    },
    "type": {
      "code": "Chips & Pretzels",
      "desc": "Chips & Pretzels"
    },
    "weight": "5.75 oz",
    "UpcCode": "",
    "tax": 0.0,
    "spiceLevel": "",
    "aiselNo": "0",
    "store": "Market Basket",
    "weightType": "5.75 oz",
    "imageName": "946.jpg",
    "defaultImage": "946.jpg",
    "updatedTimestamp": "Jan 23, 2021 8:02:30 PM",
    "createdTimestamp": "Jan 23, 2021 8:02:30 PM",
    "isNewlyAdded": false,
    "isActive": true,
    "isDealsEnabled": false,
    "quantity": 0
  },
  {
    "id": 6382,
    "code": "Polar Pineapple Pomello Sparkling Water",
    "desc": "Polar Pineapple Pomello Sparkling Water",
    "shortDesc": "Polar Pineapple Pomello Sparkling Water",
    "tags": [
      "Sparkling Water"
    ],
    "categories": [
      {
        "code": "Beverages & Juices",
        "desc": "Beverages & Juices"
      }
    ],
    "subCategories": [
      {
        "code": "Water",
        "desc": "Water"
      }
    ],
    "brands": [
      {
        "code": "Polar",
        "desc": "Polar"
      }
    ],
    "price": {
      "basePrice": 1.24,
      "discountPrice": 1.24
    },
    "type": {
      "code": "Sparkling Water",
      "desc": "Sparkling Water"
    },
    "weight": "1 L",
    "UpcCode": "",
    "tax": 0.0,
    "spiceLevel": "",
    "aiselNo": "11",
    "store": "Market Basket",
    "weightType": "1 L",
    "imageName": "No Image.jpg",
    "defaultImage": "No Image.jpg",
    "updatedTimestamp": "Jan 23, 2021 8:02:30 PM",
    "createdTimestamp": "Jan 23, 2021 8:02:30 PM",
    "isNewlyAdded": false,
    "isActive": true,
    "isDealsEnabled": false,
    "quantity": 0
  },
  {
    "id": 439,
    "code": "Glad Tall Kitchen Drawstring Bags Lavender",
    "desc": "Glad Tall Kitchen Drawstring Bags Lavender",
    "shortDesc": "Glad Tall Kitchen Drawstring Bags Lavender",
    "tags": [
      "Tall Trash Bags"
    ],
    "categories": [
      {
        "code": "Kitchen & Cleaning",
        "desc": "Kitchen & Cleaning"
      }
    ],
    "subCategories": [
      {
        "code": "Trash Bags & Liners",
        "desc": "Trash Bags & Liners"
      }
    ],
    "brands": [
      {
        "code": "Glad",
        "desc": "Glad"
      }
    ],
    "price": {
      "basePrice": 9.19,
      "discountPrice": 9.19
    },
    "type": {
      "code": "Tall Trash Bags",
      "desc": "Tall Trash Bags"
    },
    "weight": "40 count",
    "UpcCode": "",
    "tax": 1.0,
    "spiceLevel": "",
    "aiselNo": "12",
    "store": "Market Basket",
    "weightType": "40 count",
    "imageName": "4666.jpg",
    "defaultImage": "4666.jpg",
    "updatedTimestamp": "Jan 23, 2021 8:02:30 PM",
    "createdTimestamp": "Jan 23, 2021 8:02:30 PM",
    "isNewlyAdded": false,
    "isActive": true,
    "isDealsEnabled": false,
    "quantity": 0
  },
  {
    "id": 15295,
    "code": "Glucerna Diabetes Nutritional Shake",
    "desc": "Glucerna Diabetes Nutritional Shake",
    "shortDesc": "Glucerna Diabetes Nutritional Shake",
    "tags": [
      "Protien Drinks"
    ],
    "categories": [
      {
        "code": "Personal Care",
        "desc": "Personal Care"
      }
    ],
    "subCategories": [
      {
        "code": "Vitamins & Proteins",
        "desc": "Vitamins & Proteins"
      }
    ],
    "brands": [
      {
        "code": "Glucerna",
        "desc": "Glucerna"
      }
    ],
    "price": {
      "basePrice": 14.02,
      "discountPrice": 14.02
    },
    "type": {
      "code": "Protien Drinks",
      "desc": "Protien Drinks"
    },
    "weight": "6 x 8 fl oz",
    "UpcCode": "",
    "tax": 1.0,
    "spiceLevel": "",
    "aiselNo": "13",
    "store": "Market Basket",
    "weightType": "6 x 8 fl oz",
    "imageName": "6743.jpg",
    "defaultImage": "6743.jpg",
    "updatedTimestamp": "Jan 23, 2021 8:02:30 PM",
    "createdTimestamp": "Jan 23, 2021 8:02:30 PM",
    "isNewlyAdded": false,
    "isActive": true,
    "isDealsEnabled": false,
    "quantity": 0
  },
  {
    "id": 4984,
    "code": "Utz Kettle Classic Original Potato Chips",
    "desc": "Utz Kettle Classic Original Potato Chips",
    "shortDesc": "Utz Kettle Classic Original Potato Chips",
    "tags": [
      "Chips & Pretzels"
    ],
    "categories": [
      {
        "code": "Chips, Cookies & Snacks",
        "desc": "Chips, Cookies & Snacks"
      }
    ],
    "subCategories": [
      {
        "code": "Chips & Fruit Snacks",
        "desc": "Chips & Fruit Snacks"
      }
    ],
    "brands": [
      {
        "code": "Utz",
        "desc": "Utz"
      }
    ],
    "price": {
      "basePrice": 4.69,
      "discountPrice": 4.69
    },
    "type": {
      "code": "Chips & Pretzels",
      "desc": "Chips & Pretzels"
    },
    "weight": "8 oz",
    "UpcCode": "",
    "tax": 0.0,
    "spiceLevel": "",
    "aiselNo": "0",
    "store": "Market Basket",
    "weightType": "8 oz",
    "imageName": "No Image.jpg",
    "defaultImage": "No Image.jpg",
    "updatedTimestamp": "Jan 23, 2021 8:02:30 PM",
    "createdTimestamp": "Jan 23, 2021 8:02:30 PM",
    "isNewlyAdded": false,
    "isActive": true,
    "isDealsEnabled": false,
    "quantity": 0
  },
  {
    "id": 14896,
    "code": "U by Kotex - Premium Regular Maxi Pads",
    "desc": "U by Kotex - Premium Regular Maxi Pads",
    "shortDesc": "U by Kotex - Premium Regular Maxi Pads",
    "tags": [
      "Menstrual Pads"
    ],
    "categories": [
      {
        "code": "Personal Care",
        "desc": "Personal Care"
      }
    ],
    "subCategories": [
      {
        "code": "Feminine Care",
        "desc": "Feminine Care"
      }
    ],
    "brands": [
      {
        "code": "U by Kotex",
        "desc": "U by Kotex"
      }
    ],
    "price": {
      "basePrice": 4.47,
      "discountPrice": 4.47
    },
    "type": {
      "code": "Menstrual Pads",
      "desc": "Menstrual Pads"
    },
    "weight": "24 count",
    "UpcCode": "",
    "tax": 1.0,
    "spiceLevel": "",
    "aiselNo": "13",
    "store": "Market Basket",
    "weightType": "24 count",
    "imageName": "6521.jpg",
    "defaultImage": "6521.jpg",
    "updatedTimestamp": "Jan 23, 2021 8:02:30 PM",
    "createdTimestamp": "Jan 23, 2021 8:02:30 PM",
    "isNewlyAdded": false,
    "isActive": true,
    "isDealsEnabled": false,
    "quantity": 0
  },
  {
    "id": 7853,
    "code": "Goya Squid, Pieces, in their Own Ink, Hot Sauce",
    "desc": "Goya Squid, Pieces, in their Own Ink, Hot Sauce",
    "shortDesc": "Goya Squid, Pieces, in their Own Ink, Hot Sauce",
    "tags": [
      "Canned Meat & Seafood"
    ],
    "categories": [
      {
        "code": "Cooking Needs",
        "desc": "Cooking Needs"
      }
    ],
    "subCategories": [
      {
        "code": "Canned Food",
        "desc": "Canned Food"
      }
    ],
    "brands": [
      {
        "code": "Goya",
        "desc": "Goya"
      }
    ],
    "price": {
      "basePrice": 2.19,
      "discountPrice": 2.19
    },
    "type": {
      "code": "Canned Meat & Seafood",
      "desc": "Canned Meat & Seafood"
    },
    "weight": "4 oz",
    "UpcCode": "",
    "tax": 0.0,
    "spiceLevel": "",
    "aiselNo": "2",
    "store": "Market Basket",
    "weightType": "4 oz",
    "imageName": "5225.jpg",
    "defaultImage": "5225.jpg",
    "updatedTimestamp": "Jan 23, 2021 8:02:30 PM",
    "createdTimestamp": "Jan 23, 2021 8:02:30 PM",
    "isNewlyAdded": false,
    "isActive": true,
    "isDealsEnabled": false,
    "quantity": 0
  },
  {
    "id": 15144,
    "code": "Aim Multi-Benefit Cavity Protection Ultra Mint Gel Toothpaste",
    "desc": "Aim Multi-Benefit Cavity Protection Ultra Mint Gel Toothpaste",
    "shortDesc": "Aim Multi-Benefit Cavity Protection Ultra Mint Gel Toothpaste",
    "tags": [
      "Oral Hygiene"
    ],
    "categories": [
      {
        "code": "Personal Care",
        "desc": "Personal Care"
      }
    ],
    "subCategories": [
      {
        "code": "Personal Needs",
        "desc": "Personal Needs"
      }
    ],
    "brands": [
      {
        "code": "Aim",
        "desc": "Aim"
      }
    ],
    "price": {
      "basePrice": 1.48,
      "discountPrice": 1.48
    },
    "type": {
      "code": "Oral Hygiene",
      "desc": "Oral Hygiene"
    },
    "weight": "5.5 oz",
    "UpcCode": "",
    "tax": 1.0,
    "spiceLevel": "",
    "aiselNo": "13",
    "store": "Market Basket",
    "weightType": "5.5 oz",
    "imageName": "17786.jpg",
    "defaultImage": "17786.jpg",
    "updatedTimestamp": "Jan 23, 2021 8:02:30 PM",
    "createdTimestamp": "Jan 23, 2021 8:02:30 PM",
    "isNewlyAdded": false,
    "isActive": true,
    "isDealsEnabled": false,
    "quantity": 0
  },
  {
    "id": 6376,
    "code": "Polar Lemon Sparkling Water",
    "desc": "Polar Lemon Sparkling Water",
    "shortDesc": "Polar Lemon Sparkling Water",
    "tags": [
      "Sparkling Water"
    ],
    "categories": [
      {
        "code": "Beverages & Juices",
        "desc": "Beverages & Juices"
      }
    ],
    "subCategories": [
      {
        "code": "Water",
        "desc": "Water"
      }
    ],
    "brands": [
      {
        "code": "Polar",
        "desc": "Polar"
      }
    ],
    "price": {
      "basePrice": 1.24,
      "discountPrice": 1.24
    },
    "type": {
      "code": "Sparkling Water",
      "desc": "Sparkling Water"
    },
    "weight": "1 L",
    "UpcCode": "",
    "tax": 0.0,
    "spiceLevel": "",
    "aiselNo": "11",
    "store": "Market Basket",
    "weightType": "1 L",
    "imageName": "No Image.jpg",
    "defaultImage": "No Image.jpg",
    "updatedTimestamp": "Jan 23, 2021 8:02:30 PM",
    "createdTimestamp": "Jan 23, 2021 8:02:30 PM",
    "isNewlyAdded": false,
    "isActive": true,
    "isDealsEnabled": false,
    "quantity": 0
  },
  {
    "id": 562,
    "code": "woolite Delicates 8 washes Laundry Detergent",
    "desc": "woolite Delicates 8 washes Laundry Detergent",
    "shortDesc": "woolite Delicates 8 washes Laundry Detergent",
    "tags": [
      "Laundry Detergent"
    ],
    "categories": [
      {
        "code": "Laundry & Paper Goods",
        "desc": "Laundry & Paper Goods"
      }
    ],
    "subCategories": [
      {
        "code": "Laundry",
        "desc": "Laundry"
      }
    ],
    "brands": [
      {
        "code": "Woolite",
        "desc": "Woolite"
      }
    ],
    "price": {
      "basePrice": 6.24,
      "discountPrice": 6.24
    },
    "type": {
      "code": "Laundry Detergent",
      "desc": "Laundry Detergent"
    },
    "weight": "16 fl oz",
    "UpcCode": "",
    "tax": 1.0,
    "spiceLevel": "",
    "aiselNo": "15",
    "store": "Market Basket",
    "weightType": "16 fl oz",
    "imageName": "No Image.jpg",
    "defaultImage": "No Image.jpg",
    "updatedTimestamp": "Jan 23, 2021 8:02:30 PM",
    "createdTimestamp": "Jan 23, 2021 8:02:30 PM",
    "isNewlyAdded": false,
    "isActive": true,
    "isDealsEnabled": false,
    "quantity": 0
  },
  {
    "id": 14970,
    "code": "TopCare Sheer Bandages",
    "desc": "TopCare Sheer Bandages",
    "shortDesc": "TopCare Sheer Bandages",
    "tags": [
      "First Aid"
    ],
    "categories": [
      {
        "code": "Personal Care",
        "desc": "Personal Care"
      }
    ],
    "subCategories": [
      {
        "code": "First Aid & Healthcare",
        "desc": "First Aid & Healthcare"
      }
    ],
    "brands": [
      {
        "code": "Topcare",
        "desc": "Topcare"
      }
    ],
    "price": {
      "basePrice": 3.55,
      "discountPrice": 3.55
    },
    "type": {
      "code": "First Aid",
      "desc": "First Aid"
    },
    "weight": "10 count",
    "UpcCode": "",
    "tax": 1.0,
    "spiceLevel": "",
    "aiselNo": "13",
    "store": "Market Basket",
    "weightType": "10 count",
    "imageName": "6536.jpg",
    "defaultImage": "6536.jpg",
    "updatedTimestamp": "Jan 23, 2021 8:02:30 PM",
    "createdTimestamp": "Jan 23, 2021 8:02:30 PM",
    "isNewlyAdded": false,
    "isActive": true,
    "isDealsEnabled": false,
    "quantity": 0
  },
  {
    "id": 6318,
    "code": "Poland Spring Sparkling Water, White Peach Ginger",
    "desc": "Poland Spring Sparkling Water, White Peach Ginger",
    "shortDesc": "Poland Spring Sparkling Water, White Peach Ginger",
    "tags": [
      "Sparkling Water"
    ],
    "categories": [
      {
        "code": "Beverages & Juices",
        "desc": "Beverages & Juices"
      }
    ],
    "subCategories": [
      {
        "code": "Water",
        "desc": "Water"
      }
    ],
    "brands": [
      {
        "code": "Poland Spring",
        "desc": "Poland Spring"
      }
    ],
    "price": {
      "basePrice": 3.74,
      "discountPrice": 3.74
    },
    "type": {
      "code": "Sparkling Water",
      "desc": "Sparkling Water"
    },
    "weight": "8 x 12 fl oz",
    "UpcCode": "",
    "tax": 0.0,
    "spiceLevel": "",
    "aiselNo": "11",
    "store": "Market Basket",
    "weightType": "8 x 12 fl oz",
    "imageName": "No Image.jpg",
    "defaultImage": "No Image.jpg",
    "updatedTimestamp": "Jan 23, 2021 8:02:30 PM",
    "createdTimestamp": "Jan 23, 2021 8:02:30 PM",
    "isNewlyAdded": false,
    "isActive": true,
    "isDealsEnabled": false,
    "quantity": 0
  },
  {
    "id": 8601,
    "code": "Claussen Kosher Deli Style Pickle Halves",
    "desc": "Claussen Kosher Deli Style Pickle Halves",
    "shortDesc": "Claussen Kosher Deli Style Pickle Halves",
    "tags": [
      "Pickled Goods & Olives"
    ],
    "categories": [
      {
        "code": "Condiments & Dressings",
        "desc": "Condiments & Dressings"
      }
    ],
    "subCategories": [
      {
        "code": "Pickled Goods & Olives",
        "desc": "Pickled Goods & Olives"
      }
    ],
    "brands": [
      {
        "code": "Claussen",
        "desc": "Claussen"
      }
    ],
    "price": {
      "basePrice": 3.69,
      "discountPrice": 3.69
    },
    "type": {
      "code": "Pickled Goods & Olives",
      "desc": "Pickled Goods & Olives"
    },
    "weight": "32 fl oz",
    "UpcCode": "",
    "tax": 0.0,
    "spiceLevel": "",
    "aiselNo": "2",
    "store": "Market Basket",
    "weightType": "32 fl oz",
    "imageName": "1923.jpg",
    "defaultImage": "1923.jpg",
    "updatedTimestamp": "Jan 23, 2021 8:02:30 PM",
    "createdTimestamp": "Jan 23, 2021 8:02:30 PM",
    "isNewlyAdded": false,
    "isActive": true,
    "isDealsEnabled": false,
    "quantity": 0
  },
  {
    "id": 6175,
    "code": "Pepsi Diet Caffeinee Free",
    "desc": "Pepsi Diet Caffeinee Free",
    "shortDesc": "Pepsi Diet Caffeinee Free",
    "tags": [
      "Soft Drinks"
    ],
    "categories": [
      {
        "code": "Beverages & Juices",
        "desc": "Beverages & Juices"
      }
    ],
    "subCategories": [
      {
        "code": "Soft Drinks & Seltzers",
        "desc": "Soft Drinks & Seltzers"
      }
    ],
    "brands": [
      {
        "code": "Pepsi",
        "desc": "Pepsi"
      }
    ],
    "price": {
      "basePrice": 5.0,
      "discountPrice": 5.0
    },
    "type": {
      "code": "Soft Drinks",
      "desc": "Soft Drinks"
    },
    "weight": "6 x 16.9 fl oz",
    "UpcCode": "",
    "tax": 0.0,
    "spiceLevel": "",
    "aiselNo": "17",
    "store": "Market Basket",
    "weightType": "6 x 16.9 fl oz",
    "imageName": "3916.jpg",
    "defaultImage": "3916.jpg",
    "updatedTimestamp": "Jan 23, 2021 8:02:30 PM",
    "createdTimestamp": "Jan 23, 2021 8:02:30 PM",
    "isNewlyAdded": false,
    "isActive": true,
    "isDealsEnabled": false,
    "quantity": 0
  },
  {
    "id": 15336,
    "code": "Nature Made Iron 65mg Tablets",
    "desc": "Nature Made Iron 65mg Tablets",
    "shortDesc": "Nature Made Iron 65mg Tablets",
    "tags": [
      "Vitamins & Supplements"
    ],
    "categories": [
      {
        "code": "Personal Care",
        "desc": "Personal Care"
      }
    ],
    "subCategories": [
      {
        "code": "Vitamins & Proteins",
        "desc": "Vitamins & Proteins"
      }
    ],
    "brands": [
      {
        "code": "Nature Made",
        "desc": "Nature Made"
      }
    ],
    "price": {
      "basePrice": 8.5,
      "discountPrice": 8.5
    },
    "type": {
      "code": "Vitamins & Supplements",
      "desc": "Vitamins & Supplements"
    },
    "weight": "180 count",
    "UpcCode": "",
    "tax": 1.0,
    "spiceLevel": "",
    "aiselNo": "13",
    "store": "Market Basket",
    "weightType": "180 count",
    "imageName": "6685.jpg",
    "defaultImage": "6685.jpg",
    "updatedTimestamp": "Jan 23, 2021 8:02:30 PM",
    "createdTimestamp": "Jan 23, 2021 8:02:30 PM",
    "isNewlyAdded": false,
    "isActive": true,
    "isDealsEnabled": false,
    "quantity": 0
  },
  {
    "id": 8751,
    "code": "Market Basket Hot Salsa",
    "desc": "Market Basket Hot Salsa",
    "shortDesc": "Market Basket Hot Salsa",
    "tags": [
      "Preserved Dips & Salsa"
    ],
    "categories": [
      {
        "code": "Condiments & Dressings",
        "desc": "Condiments & Dressings"
      }
    ],
    "subCategories": [
      {
        "code": "Preserved Dips & Spreads",
        "desc": "Preserved Dips & Spreads"
      }
    ],
    "brands": [
      {
        "code": "Market Basket",
        "desc": "Market Basket"
      }
    ],
    "price": {
      "basePrice": 1.89,
      "discountPrice": 1.89
    },
    "type": {
      "code": "Preserved Dips & Salsa",
      "desc": "Preserved Dips & Salsa"
    },
    "weight": "16 oz",
    "UpcCode": "",
    "tax": 0.0,
    "spiceLevel": "",
    "aiselNo": "1",
    "store": "Market Basket",
    "weightType": "16 oz",
    "imageName": "Market Basket.jpg",
    "defaultImage": "Market Basket.jpg",
    "updatedTimestamp": "Jan 23, 2021 8:02:30 PM",
    "createdTimestamp": "Jan 23, 2021 8:02:30 PM",
    "isNewlyAdded": false,
    "isActive": true,
    "isDealsEnabled": false,
    "quantity": 0
  },
  {
    "id": 7019,
    "code": "Pillsbury Moist Supreme Sugar Free Premium Cake Mix Classic Yellow",
    "desc": "Pillsbury Moist Supreme Sugar Free Premium Cake Mix Classic Yellow",
    "shortDesc": "Pillsbury Moist Supreme Sugar Free Premium Cake Mix Classic Yellow",
    "tags": [
      "Doughs, Gelatins & Bake Mixes"
    ],
    "categories": [
      {
        "code": "Cooking Needs",
        "desc": "Cooking Needs"
      }
    ],
    "subCategories": [
      {
        "code": "Baking & Cooking",
        "desc": "Baking & Cooking"
      }
    ],
    "brands": [
      {
        "code": "Pillsbury",
        "desc": "Pillsbury"
      }
    ],
    "price": {
      "basePrice": 1.49,
      "discountPrice": 1.49
    },
    "type": {
      "code": "Doughs, Gelatins & Bake Mixes",
      "desc": "Doughs, Gelatins & Bake Mixes"
    },
    "weight": "16 oz",
    "UpcCode": "",
    "tax": 0.0,
    "spiceLevel": "",
    "aiselNo": "8",
    "store": "Market Basket",
    "weightType": "16 oz",
    "imageName": "2043.jpg",
    "defaultImage": "2043.jpg",
    "updatedTimestamp": "Jan 23, 2021 8:02:30 PM",
    "createdTimestamp": "Jan 23, 2021 8:02:30 PM",
    "isNewlyAdded": false,
    "isActive": true,
    "isDealsEnabled": false,
    "quantity": 0
  },
  {
    "id": 4041,
    "code": "Chelsea Creek Farms Yellow Creamer Potatoes",
    "desc": "Chelsea Creek Farms Yellow Creamer Potatoes",
    "shortDesc": "Chelsea Creek Farms Yellow Creamer Potatoes",
    "tags": [
      "Yellow Potato"
    ],
    "categories": [
      {
        "code": "Fresh Produce",
        "desc": "Fresh Produce"
      }
    ],
    "subCategories": [
      {
        "code": "Fresh Vegetables",
        "desc": "Fresh Vegetables"
      }
    ],
    "brands": [
      {
        "code": "Chelsea Creek Farms",
        "desc": "Chelsea Creek Farms"
      }
    ],
    "price": {
      "basePrice": 4.24,
      "discountPrice": 4.24
    },
    "type": {
      "code": "Yellow Potato",
      "desc": "Yellow Potato"
    },
    "weight": "2 lb",
    "UpcCode": "",
    "tax": 0.0,
    "spiceLevel": "",
    "aiselNo": "20",
    "store": "Market Basket",
    "weightType": "2 lb",
    "imageName": "46.jpg",
    "defaultImage": "46.jpg",
    "updatedTimestamp": "Jan 23, 2021 8:02:30 PM",
    "createdTimestamp": "Jan 23, 2021 8:02:30 PM",
    "isNewlyAdded": false,
    "isActive": true,
    "isDealsEnabled": false,
    "quantity": 0
  },
  {
    "id": 15156,
    "code": "Arm & Hammer Spinbrush Pro White Soft Replacement Heads",
    "desc": "Arm & Hammer Spinbrush Pro White Soft Replacement Heads",
    "shortDesc": "Arm & Hammer Spinbrush Pro White Soft Replacement Heads",
    "tags": [
      "Oral Hygiene"
    ],
    "categories": [
      {
        "code": "Personal Care",
        "desc": "Personal Care"
      }
    ],
    "subCategories": [
      {
        "code": "Personal Needs",
        "desc": "Personal Needs"
      }
    ],
    "brands": [
      {
        "code": "Arm & Hammer",
        "desc": "Arm & Hammer"
      }
    ],
    "price": {
      "basePrice": 12.64,
      "discountPrice": 12.64
    },
    "type": {
      "code": "Oral Hygiene",
      "desc": "Oral Hygiene"
    },
    "weight": "2 count",
    "UpcCode": "",
    "tax": 1.0,
    "spiceLevel": "",
    "aiselNo": "13",
    "store": "Market Basket",
    "weightType": "2 count",
    "imageName": "6435.jpg",
    "defaultImage": "6435.jpg",
    "updatedTimestamp": "Jan 23, 2021 8:02:30 PM",
    "createdTimestamp": "Jan 23, 2021 8:02:30 PM",
    "isNewlyAdded": false,
    "isActive": true,
    "isDealsEnabled": false,
    "quantity": 0
  },
  {
    "id": 14977,
    "code": "Advil Ibuprofen",
    "desc": "Advil Ibuprofen",
    "shortDesc": "Advil Ibuprofen",
    "tags": [
      "Muscles, Joints & Pain Relief"
    ],
    "categories": [
      {
        "code": "Personal Care",
        "desc": "Personal Care"
      }
    ],
    "subCategories": [
      {
        "code": "First Aid & Healthcare",
        "desc": "First Aid & Healthcare"
      }
    ],
    "brands": [
      {
        "code": "Advil",
        "desc": "Advil"
      }
    ],
    "price": {
      "basePrice": 5.05,
      "discountPrice": 5.05
    },
    "type": {
      "code": "Muscles, Joints & Pain Relief",
      "desc": "Muscles, Joints & Pain Relief"
    },
    "weight": "20 count",
    "UpcCode": "",
    "tax": 1.0,
    "spiceLevel": "",
    "aiselNo": "13",
    "store": "Market Basket",
    "weightType": "20 count",
    "imageName": "6622.jpg",
    "defaultImage": "6622.jpg",
    "updatedTimestamp": "Jan 23, 2021 8:02:30 PM",
    "createdTimestamp": "Jan 23, 2021 8:02:30 PM",
    "isNewlyAdded": false,
    "isActive": true,
    "isDealsEnabled": false,
    "quantity": 0
  },
  {
    "id": 3991,
    "code": "Monterey Portabella Caps 6 Pack",
    "desc": "Monterey Portabella Caps 6 Pack",
    "shortDesc": "Monterey Portabella Caps 6 Pack",
    "tags": [
      "Speciality Produce"
    ],
    "categories": [
      {
        "code": "Fresh Produce",
        "desc": "Fresh Produce"
      }
    ],
    "subCategories": [
      {
        "code": "Fresh Vegetables",
        "desc": "Fresh Vegetables"
      }
    ],
    "brands": [
      {
        "code": "Monterey",
        "desc": "Monterey"
      }
    ],
    "price": {
      "basePrice": 5.62,
      "discountPrice": 5.62
    },
    "type": {
      "code": "Speciality Produce",
      "desc": "Speciality Produce"
    },
    "weight": "16 oz",
    "UpcCode": "",
    "tax": 0.0,
    "spiceLevel": "",
    "aiselNo": "20",
    "store": "Market Basket",
    "weightType": "16 oz",
    "imageName": "36.jpg",
    "defaultImage": "36.jpg",
    "updatedTimestamp": "Jan 23, 2021 8:02:30 PM",
    "createdTimestamp": "Jan 23, 2021 8:02:30 PM",
    "isNewlyAdded": false,
    "isActive": true,
    "isDealsEnabled": false,
    "quantity": 0
  },
  {
    "id": 6176,
    "code": "Pepsi Diet",
    "desc": "Pepsi Diet",
    "shortDesc": "Pepsi Diet",
    "tags": [
      "Soft Drinks"
    ],
    "categories": [
      {
        "code": "Beverages & Juices",
        "desc": "Beverages & Juices"
      }
    ],
    "subCategories": [
      {
        "code": "Soft Drinks & Seltzers",
        "desc": "Soft Drinks & Seltzers"
      }
    ],
    "brands": [
      {
        "code": "Pepsi",
        "desc": "Pepsi"
      }
    ],
    "price": {
      "basePrice": 1.49,
      "discountPrice": 1.49
    },
    "type": {
      "code": "Soft Drinks",
      "desc": "Soft Drinks"
    },
    "weight": "1.25 L",
    "UpcCode": "",
    "tax": 0.0,
    "spiceLevel": "",
    "aiselNo": "17",
    "store": "Market Basket",
    "weightType": "1.25 L",
    "imageName": "3921.jpg",
    "defaultImage": "3921.jpg",
    "updatedTimestamp": "Jan 23, 2021 8:02:30 PM",
    "createdTimestamp": "Jan 23, 2021 8:02:30 PM",
    "isNewlyAdded": false,
    "isActive": true,
    "isDealsEnabled": false,
    "quantity": 0
  },
  {
    "id": 4799,
    "code": "Market Basket Tuna Steaks",
    "desc": "Market Basket Tuna Steaks",
    "shortDesc": "Market Basket Tuna Steaks",
    "tags": [
      "Frozen Fish (All)"
    ],
    "categories": [
      {
        "code": "Meat & Seafood",
        "desc": "Meat & Seafood"
      }
    ],
    "subCategories": [
      {
        "code": "Frozen Meat & Seafood",
        "desc": "Frozen Meat & Seafood"
      }
    ],
    "brands": [
      {
        "code": "Market Basket",
        "desc": "Market Basket"
      }
    ],
    "price": {
      "basePrice": 8.59,
      "discountPrice": 8.59
    },
    "type": {
      "code": "Frozen Fish (All)",
      "desc": "Frozen Fish (All)"
    },
    "weight": "12 oz",
    "UpcCode": "",
    "tax": 0.0,
    "spiceLevel": "",
    "aiselNo": "18",
    "store": "Market Basket",
    "weightType": "12 oz",
    "imageName": "Market Basket.jpg",
    "defaultImage": "Market Basket.jpg",
    "updatedTimestamp": "Jan 23, 2021 8:02:30 PM",
    "createdTimestamp": "Jan 23, 2021 8:02:30 PM",
    "isNewlyAdded": false,
    "isActive": true,
    "isDealsEnabled": false,
    "quantity": 0
  },
  {
    "id": 9892,
    "code": "Market Basket Whole Green Beans",
    "desc": "Market Basket Whole Green Beans",
    "shortDesc": "Market Basket Whole Green Beans",
    "tags": [
      "Frozen Produce"
    ],
    "categories": [
      {
        "code": "Frozen Food",
        "desc": "Frozen Food"
      }
    ],
    "subCategories": [
      {
        "code": "Frozen Produce",
        "desc": "Frozen Produce"
      }
    ],
    "brands": [
      {
        "code": "Market Basket",
        "desc": "Market Basket"
      }
    ],
    "price": {
      "basePrice": 1.59,
      "discountPrice": 1.59
    },
    "type": {
      "code": "Frozen Produce",
      "desc": "Frozen Produce"
    },
    "weight": "16 oz",
    "UpcCode": "",
    "tax": 0.0,
    "spiceLevel": "",
    "aiselNo": "19",
    "store": "Market Basket",
    "weightType": "16 oz",
    "imageName": "Market Basket.jpg",
    "defaultImage": "Market Basket.jpg",
    "updatedTimestamp": "Jan 23, 2021 8:02:30 PM",
    "createdTimestamp": "Jan 23, 2021 8:02:30 PM",
    "isNewlyAdded": false,
    "isActive": true,
    "isDealsEnabled": false,
    "quantity": 0
  },
  {
    "id": 6236,
    "code": "Bubly Sparkling Water Blackberry",
    "desc": "Bubly Sparkling Water Blackberry",
    "shortDesc": "Bubly Sparkling Water Blackberry",
    "tags": [
      "Sparkling Water"
    ],
    "categories": [
      {
        "code": "Beverages & Juices",
        "desc": "Beverages & Juices"
      }
    ],
    "subCategories": [
      {
        "code": "Water",
        "desc": "Water"
      }
    ],
    "brands": [
      {
        "code": "Bubly",
        "desc": "Bubly"
      }
    ],
    "price": {
      "basePrice": 4.18,
      "discountPrice": 4.18
    },
    "type": {
      "code": "Sparkling Water",
      "desc": "Sparkling Water"
    },
    "weight": "8 x 12 fl oz",
    "UpcCode": "",
    "tax": 0.0,
    "spiceLevel": "",
    "aiselNo": "11",
    "store": "Market Basket",
    "weightType": "8 x 12 fl oz",
    "imageName": "No Image.jpg",
    "defaultImage": "No Image.jpg",
    "updatedTimestamp": "Jan 23, 2021 8:02:30 PM",
    "createdTimestamp": "Jan 23, 2021 8:02:30 PM",
    "isNewlyAdded": false,
    "isActive": true,
    "isDealsEnabled": false,
    "quantity": 0
  },
  {
    "id": 4158,
    "code": "Wild Canadian Smoked Herring Fillets",
    "desc": "Wild Canadian Smoked Herring Fillets",
    "shortDesc": "Wild Canadian Smoked Herring Fillets",
    "tags": [
      "Herring"
    ],
    "categories": [
      {
        "code": "Meat & Seafood",
        "desc": "Meat & Seafood"
      }
    ],
    "subCategories": [
      {
        "code": "Meat & Seafood Counter",
        "desc": "Meat & Seafood Counter"
      }
    ],
    "brands": [
      {
        "code": "Market Basket",
        "desc": "Market Basket"
      }
    ],
    "price": {
      "basePrice": 6.09,
      "discountPrice": 6.09
    },
    "type": {
      "code": "Herring",
      "desc": "Herring"
    },
    "weight": "1 lb",
    "UpcCode": "",
    "tax": 0.0,
    "spiceLevel": "",
    "aiselNo": "22",
    "store": "Market Basket",
    "weightType": "1 lb",
    "imageName": "Market Basket.jpg",
    "defaultImage": "Market Basket.jpg",
    "updatedTimestamp": "Jan 23, 2021 8:02:30 PM",
    "createdTimestamp": "Jan 23, 2021 8:02:30 PM",
    "isNewlyAdded": false,
    "isActive": true,
    "isDealsEnabled": false,
    "quantity": 0
  },
  {
    "id": 10210,
    "code": "Popsicle Ice Pops Sugar Free Orange Cherry Grape",
    "desc": "Popsicle Ice Pops Sugar Free Orange Cherry Grape",
    "shortDesc": "Popsicle Ice Pops Sugar Free Orange Cherry Grape",
    "tags": [
      "Ice Cream & Ice"
    ],
    "categories": [
      {
        "code": "Frozen Food",
        "desc": "Frozen Food"
      }
    ],
    "subCategories": [
      {
        "code": "Ice Cream & Ice",
        "desc": "Ice Cream & Ice"
      }
    ],
    "brands": [
      {
        "code": "Popsicle",
        "desc": "Popsicle"
      }
    ],
    "price": {
      "basePrice": 1.89,
      "discountPrice": 1.89
    },
    "type": {
      "code": "Ice Cream & Ice",
      "desc": "Ice Cream & Ice"
    },
    "weight": "8 x 1.65 fl oz",
    "UpcCode": "",
    "tax": 0.0,
    "spiceLevel": "",
    "aiselNo": "21",
    "store": "Market Basket",
    "weightType": "8 x 1.65 fl oz",
    "imageName": "3150.jpg",
    "defaultImage": "3150.jpg",
    "updatedTimestamp": "Jan 23, 2021 8:02:30 PM",
    "createdTimestamp": "Jan 23, 2021 8:02:30 PM",
    "isNewlyAdded": false,
    "isActive": true,
    "isDealsEnabled": false,
    "quantity": 0
  },
  {
    "id": 580,
    "code": "Downy Unstoppables inwash scent booster Lush Somptueux",
    "desc": "Downy Unstoppables inwash scent booster Lush Somptueux",
    "shortDesc": "Downy Unstoppables inwash scent booster Lush Somptueux",
    "tags": [
      "Scent Booster"
    ],
    "categories": [
      {
        "code": "Laundry & Paper Goods",
        "desc": "Laundry & Paper Goods"
      }
    ],
    "subCategories": [
      {
        "code": "Laundry",
        "desc": "Laundry"
      }
    ],
    "brands": [
      {
        "code": "Downy",
        "desc": "Downy"
      }
    ],
    "price": {
      "basePrice": 8.74,
      "discountPrice": 8.74
    },
    "type": {
      "code": "Scent Booster",
      "desc": "Scent Booster"
    },
    "weight": "285 g",
    "UpcCode": "",
    "tax": 1.0,
    "spiceLevel": "",
    "aiselNo": "15",
    "store": "Market Basket",
    "weightType": "285 g",
    "imageName": "No Image.jpg",
    "defaultImage": "No Image.jpg",
    "updatedTimestamp": "Jan 23, 2021 8:02:30 PM",
    "createdTimestamp": "Jan 23, 2021 8:02:30 PM",
    "isNewlyAdded": false,
    "isActive": true,
    "isDealsEnabled": false,
    "quantity": 0
  },
  {
    "id": 7178,
    "code": "Vermont Village Apple Cider Vinegar Raw & Organic",
    "desc": "Vermont Village Apple Cider Vinegar Raw & Organic",
    "shortDesc": "Vermont Village Apple Cider Vinegar Raw & Organic",
    "tags": [
      "Oils & Vinegars"
    ],
    "categories": [
      {
        "code": "Cooking Needs",
        "desc": "Cooking Needs"
      }
    ],
    "subCategories": [
      {
        "code": "Oils & Vinegars",
        "desc": "Oils & Vinegars"
      }
    ],
    "brands": [
      {
        "code": "Vermont Village",
        "desc": "Vermont Village"
      }
    ],
    "price": {
      "basePrice": 4.89,
      "discountPrice": 4.89
    },
    "type": {
      "code": "Oils & Vinegars",
      "desc": "Oils & Vinegars"
    },
    "weight": "16 fl oz",
    "UpcCode": "",
    "tax": 0.0,
    "spiceLevel": "",
    "aiselNo": "2",
    "store": "Market Basket",
    "weightType": "16 fl oz",
    "imageName": "15517.jpg",
    "defaultImage": "15517.jpg",
    "updatedTimestamp": "Jan 23, 2021 8:02:30 PM",
    "createdTimestamp": "Jan 23, 2021 8:02:30 PM",
    "isNewlyAdded": false,
    "isActive": true,
    "isDealsEnabled": false,
    "quantity": 0
  },
  {
    "id": 14153,
    "code": "Lifeway Madagascar Vanilla Cultured Lowfat Milk",
    "desc": "Lifeway Madagascar Vanilla Cultured Lowfat Milk",
    "shortDesc": "Lifeway Madagascar Vanilla Cultured Lowfat Milk",
    "tags": [
      "Yogurt"
    ],
    "categories": [
      {
        "code": "Breakfast & Dairy",
        "desc": "Breakfast & Dairy"
      }
    ],
    "subCategories": [
      {
        "code": "Dairy & Eggs",
        "desc": "Dairy & Eggs"
      }
    ],
    "brands": [
      {
        "code": "Lifeway",
        "desc": "Lifeway"
      }
    ],
    "price": {
      "basePrice": 3.69,
      "discountPrice": 3.69
    },
    "type": {
      "code": "Yogurt",
      "desc": "Yogurt"
    },
    "weight": "32 oz",
    "UpcCode": "",
    "tax": 0.0,
    "spiceLevel": "",
    "aiselNo": "1",
    "store": "Market Basket",
    "weightType": "32 oz",
    "imageName": "14676.jpg",
    "defaultImage": "14676.jpg",
    "updatedTimestamp": "Jan 23, 2021 8:02:30 PM",
    "createdTimestamp": "Jan 23, 2021 8:02:30 PM",
    "isNewlyAdded": false,
    "isActive": true,
    "isDealsEnabled": false,
    "quantity": 0
  },
  {
    "id": 13293,
    "code": "I Can't Believe It's Not Butter Vegetable Oil Spread Sticks Original",
    "desc": "I Can't Believe It's Not Butter Vegetable Oil Spread Sticks Original",
    "shortDesc": "I Can't Believe It's Not Butter Vegetable Oil Spread Sticks Original",
    "tags": [
      "Butter"
    ],
    "categories": [
      {
        "code": "Breakfast & Dairy",
        "desc": "Breakfast & Dairy"
      }
    ],
    "subCategories": [
      {
        "code": "Dairy & Eggs",
        "desc": "Dairy & Eggs"
      }
    ],
    "brands": [
      {
        "code": "I Can't Believe It's Not Butter",
        "desc": "I Can't Believe It's Not Butter"
      }
    ],
    "price": {
      "basePrice": 3.29,
      "discountPrice": 3.29
    },
    "type": {
      "code": "Butter",
      "desc": "Butter"
    },
    "weight": "4 oz",
    "UpcCode": "",
    "tax": 0.0,
    "spiceLevel": "",
    "aiselNo": "1",
    "store": "Market Basket",
    "weightType": "4 oz",
    "imageName": "637.jpg",
    "defaultImage": "637.jpg",
    "updatedTimestamp": "Jan 23, 2021 8:02:30 PM",
    "createdTimestamp": "Jan 23, 2021 8:02:30 PM",
    "isNewlyAdded": false,
    "isActive": true,
    "isDealsEnabled": false,
    "quantity": 0
  },
  {
    "id": 7973,
    "code": "Campbell's Condensed Healthy Request Tomato Soup",
    "desc": "Campbell's Condensed Healthy Request Tomato Soup",
    "shortDesc": "Campbell's Condensed Healthy Request Tomato Soup",
    "tags": [
      "Soup, Broth & Bouillon"
    ],
    "categories": [
      {
        "code": "Cooking Needs",
        "desc": "Cooking Needs"
      }
    ],
    "subCategories": [
      {
        "code": "Canned Food",
        "desc": "Canned Food"
      }
    ],
    "brands": [
      {
        "code": "Campbell's",
        "desc": "Campbell's"
      }
    ],
    "price": {
      "basePrice": 2.09,
      "discountPrice": 2.09
    },
    "type": {
      "code": "Soup, Broth & Bouillon",
      "desc": "Soup, Broth & Bouillon"
    },
    "weight": "10.75 oz",
    "UpcCode": "",
    "tax": 0.0,
    "spiceLevel": "",
    "aiselNo": "2",
    "store": "Market Basket",
    "weightType": "10.75 oz",
    "imageName": "5298.jpg",
    "defaultImage": "5298.jpg",
    "updatedTimestamp": "Jan 23, 2021 8:02:30 PM",
    "createdTimestamp": "Jan 23, 2021 8:02:30 PM",
    "isNewlyAdded": false,
    "isActive": true,
    "isDealsEnabled": false,
    "quantity": 0
  },
  {
    "id": 5269,
    "code": "Good Health Veggie Chips Cream Onion & Chive",
    "desc": "Good Health Veggie Chips Cream Onion & Chive",
    "shortDesc": "Good Health Veggie Chips Cream Onion & Chive",
    "tags": [
      "Chips & Pretzels"
    ],
    "categories": [
      {
        "code": "Chips, Cookies & Snacks",
        "desc": "Chips, Cookies & Snacks"
      }
    ],
    "subCategories": [
      {
        "code": "Chips & Fruit Snacks",
        "desc": "Chips & Fruit Snacks"
      }
    ],
    "brands": [
      {
        "code": "Good Health",
        "desc": "Good Health"
      }
    ],
    "price": {
      "basePrice": 4.69,
      "discountPrice": 4.69
    },
    "type": {
      "code": "Chips & Pretzels",
      "desc": "Chips & Pretzels"
    },
    "weight": "6.25 oz",
    "UpcCode": "",
    "tax": 0.0,
    "spiceLevel": "",
    "aiselNo": "0",
    "store": "Market Basket",
    "weightType": "6.25 oz",
    "imageName": "No Image.jpg",
    "defaultImage": "No Image.jpg",
    "updatedTimestamp": "Jan 23, 2021 8:02:30 PM",
    "createdTimestamp": "Jan 23, 2021 8:02:30 PM",
    "isNewlyAdded": false,
    "isActive": true,
    "isDealsEnabled": false,
    "quantity": 0
  },
  {
    "id": 6358,
    "code": "Polar Premium Collins Natural Citrus Flavor",
    "desc": "Polar Premium Collins Natural Citrus Flavor",
    "shortDesc": "Polar Premium Collins Natural Citrus Flavor",
    "tags": [
      "Soft Drinks"
    ],
    "categories": [
      {
        "code": "Beverages & Juices",
        "desc": "Beverages & Juices"
      }
    ],
    "subCategories": [
      {
        "code": "Soft Drinks & Seltzers",
        "desc": "Soft Drinks & Seltzers"
      }
    ],
    "brands": [
      {
        "code": "Polar",
        "desc": "Polar"
      }
    ],
    "price": {
      "basePrice": 1.49,
      "discountPrice": 1.49
    },
    "type": {
      "code": "Soft Drinks",
      "desc": "Soft Drinks"
    },
    "weight": "1 L",
    "UpcCode": "",
    "tax": 0.0,
    "spiceLevel": "",
    "aiselNo": "11",
    "store": "Market Basket",
    "weightType": "1 L",
    "imageName": "No Image.jpg",
    "defaultImage": "No Image.jpg",
    "updatedTimestamp": "Jan 23, 2021 8:02:30 PM",
    "createdTimestamp": "Jan 23, 2021 8:02:30 PM",
    "isNewlyAdded": false,
    "isActive": true,
    "isDealsEnabled": false,
    "quantity": 0
  },
  {
    "id": 572,
    "code": "Downy infusions CALM lavender & Vanilla bean 48 loads Laundry Detergent",
    "desc": "Downy infusions CALM lavender & Vanilla bean 48 loads Laundry Detergent",
    "shortDesc": "Downy infusions CALM lavender & Vanilla bean 48 loads Laundry Detergent",
    "tags": [
      "Laundry Detergent"
    ],
    "categories": [
      {
        "code": "Laundry & Paper Goods",
        "desc": "Laundry & Paper Goods"
      }
    ],
    "subCategories": [
      {
        "code": "Laundry",
        "desc": "Laundry"
      }
    ],
    "brands": [
      {
        "code": "Downy",
        "desc": "Downy"
      }
    ],
    "price": {
      "basePrice": 7.49,
      "discountPrice": 7.49
    },
    "type": {
      "code": "Laundry Detergent",
      "desc": "Laundry Detergent"
    },
    "weight": "0.96 L",
    "UpcCode": "",
    "tax": 1.0,
    "spiceLevel": "",
    "aiselNo": "15",
    "store": "Market Basket",
    "weightType": "0.96 L",
    "imageName": "No Image.jpg",
    "defaultImage": "No Image.jpg",
    "updatedTimestamp": "Jan 23, 2021 8:02:30 PM",
    "createdTimestamp": "Jan 23, 2021 8:02:30 PM",
    "isNewlyAdded": false,
    "isActive": true,
    "isDealsEnabled": false,
    "quantity": 0
  },
  {
    "id": 10023,
    "code": "Edy's/Dreyer's Vanilla Bean Ice Cream",
    "desc": "Edy's/Dreyer's Vanilla Bean Ice Cream",
    "shortDesc": "Edy's/Dreyer's Vanilla Bean Ice Cream",
    "tags": [
      "Ice Cream & Ice"
    ],
    "categories": [
      {
        "code": "Frozen Food",
        "desc": "Frozen Food"
      }
    ],
    "subCategories": [
      {
        "code": "Ice Cream & Ice",
        "desc": "Ice Cream & Ice"
      }
    ],
    "brands": [
      {
        "code": "Edy's/dreyer's",
        "desc": "Edy's/dreyer's"
      }
    ],
    "price": {
      "basePrice": 3.69,
      "discountPrice": 3.69
    },
    "type": {
      "code": "Ice Cream & Ice",
      "desc": "Ice Cream & Ice"
    },
    "weight": "1.5 quart",
    "UpcCode": "",
    "tax": 0.0,
    "spiceLevel": "",
    "aiselNo": "21",
    "store": "Market Basket",
    "weightType": "1.5 quart",
    "imageName": "3026.jpg",
    "defaultImage": "3026.jpg",
    "updatedTimestamp": "Jan 23, 2021 8:02:30 PM",
    "createdTimestamp": "Jan 23, 2021 8:02:30 PM",
    "isNewlyAdded": false,
    "isActive": true,
    "isDealsEnabled": false,
    "quantity": 0
  },
  {
    "id": 515,
    "code": "Market Basket Ultra Fabric Softener Spring Scent 40 Loads",
    "desc": "Market Basket Ultra Fabric Softener Spring Scent 40 Loads",
    "shortDesc": "Market Basket Ultra Fabric Softener Spring Scent 40 Loads",
    "tags": [
      "Fabric Softener"
    ],
    "categories": [
      {
        "code": "Laundry & Paper Goods",
        "desc": "Laundry & Paper Goods"
      }
    ],
    "subCategories": [
      {
        "code": "Laundry",
        "desc": "Laundry"
      }
    ],
    "brands": [
      {
        "code": "Market Basket",
        "desc": "Market Basket"
      }
    ],
    "price": {
      "basePrice": 4.99,
      "discountPrice": 4.99
    },
    "type": {
      "code": "Fabric Softener",
      "desc": "Fabric Softener"
    },
    "weight": "34 fl oz",
    "UpcCode": "",
    "tax": 1.0,
    "spiceLevel": "",
    "aiselNo": "15",
    "store": "Market Basket",
    "weightType": "34 fl oz",
    "imageName": "Market Basket.jpg",
    "defaultImage": "Market Basket.jpg",
    "updatedTimestamp": "Jan 23, 2021 8:02:30 PM",
    "createdTimestamp": "Jan 23, 2021 8:02:30 PM",
    "isNewlyAdded": false,
    "isActive": true,
    "isDealsEnabled": false,
    "quantity": 0
  },
  {
    "id": 7091,
    "code": "Golchin Grape Seed Oil",
    "desc": "Golchin Grape Seed Oil",
    "shortDesc": "Golchin Grape Seed Oil",
    "tags": [
      "Oils & Vinegars"
    ],
    "categories": [
      {
        "code": "Cooking Needs",
        "desc": "Cooking Needs"
      }
    ],
    "subCategories": [
      {
        "code": "Oils & Vinegars",
        "desc": "Oils & Vinegars"
      }
    ],
    "brands": [
      {
        "code": "Golchin",
        "desc": "Golchin"
      }
    ],
    "price": {
      "basePrice": 4.89,
      "discountPrice": 4.89
    },
    "type": {
      "code": "Oils & Vinegars",
      "desc": "Oils & Vinegars"
    },
    "weight": "1 L",
    "UpcCode": "",
    "tax": 0.0,
    "spiceLevel": "",
    "aiselNo": "2",
    "store": "Market Basket",
    "weightType": "1 L",
    "imageName": "15527.jpg",
    "defaultImage": "15527.jpg",
    "updatedTimestamp": "Jan 23, 2021 8:02:30 PM",
    "createdTimestamp": "Jan 23, 2021 8:02:30 PM",
    "isNewlyAdded": false,
    "isActive": true,
    "isDealsEnabled": false,
    "quantity": 0
  },
  {
    "id": 8741,
    "code": "Herdez Mild Salsa Verde",
    "desc": "Herdez Mild Salsa Verde",
    "shortDesc": "Herdez Mild Salsa Verde",
    "tags": [
      "Preserved Dips & Salsa"
    ],
    "categories": [
      {
        "code": "Condiments & Dressings",
        "desc": "Condiments & Dressings"
      }
    ],
    "subCategories": [
      {
        "code": "Preserved Dips & Spreads",
        "desc": "Preserved Dips & Spreads"
      }
    ],
    "brands": [
      {
        "code": "Herdez",
        "desc": "Herdez"
      }
    ],
    "price": {
      "basePrice": 2.49,
      "discountPrice": 2.49
    },
    "type": {
      "code": "Preserved Dips & Salsa",
      "desc": "Preserved Dips & Salsa"
    },
    "weight": "16 oz",
    "UpcCode": "",
    "tax": 0.0,
    "spiceLevel": "",
    "aiselNo": "1",
    "store": "Market Basket",
    "weightType": "16 oz",
    "imageName": "15583.jpg",
    "defaultImage": "15583.jpg",
    "updatedTimestamp": "Jan 23, 2021 8:02:30 PM",
    "createdTimestamp": "Jan 23, 2021 8:02:30 PM",
    "isNewlyAdded": false,
    "isActive": true,
    "isDealsEnabled": false,
    "quantity": 0
  },
  {
    "id": 8042,
    "code": "Market Basket Chicken Boullion Cubes",
    "desc": "Market Basket Chicken Boullion Cubes",
    "shortDesc": "Market Basket Chicken Boullion Cubes",
    "tags": [
      "Soup, Broth & Bouillon"
    ],
    "categories": [
      {
        "code": "Cooking Needs",
        "desc": "Cooking Needs"
      }
    ],
    "subCategories": [
      {
        "code": "Canned Food",
        "desc": "Canned Food"
      }
    ],
    "brands": [
      {
        "code": "Market Basket",
        "desc": "Market Basket"
      }
    ],
    "price": {
      "basePrice": 1.29,
      "discountPrice": 1.29
    },
    "type": {
      "code": "Soup, Broth & Bouillon",
      "desc": "Soup, Broth & Bouillon"
    },
    "weight": "3.4 oz",
    "UpcCode": "",
    "tax": 0.0,
    "spiceLevel": "",
    "aiselNo": "2",
    "store": "Market Basket",
    "weightType": "3.4 oz",
    "imageName": "Market Basket.jpg",
    "defaultImage": "Market Basket.jpg",
    "updatedTimestamp": "Jan 23, 2021 8:02:30 PM",
    "createdTimestamp": "Jan 23, 2021 8:02:30 PM",
    "isNewlyAdded": false,
    "isActive": true,
    "isDealsEnabled": false,
    "quantity": 0
  },
  {
    "id": 9698,
    "code": "Dr. Oetker Virtuoso Pizza Thin + Crispy Crust Vegetable Medley",
    "desc": "Dr. Oetker Virtuoso Pizza Thin + Crispy Crust Vegetable Medley",
    "shortDesc": "Dr. Oetker Virtuoso Pizza Thin + Crispy Crust Vegetable Medley",
    "tags": [
      "Frozen Pizza"
    ],
    "categories": [
      {
        "code": "Frozen Food",
        "desc": "Frozen Food"
      }
    ],
    "subCategories": [
      {
        "code": "Frozen Pizza",
        "desc": "Frozen Pizza"
      }
    ],
    "brands": [
      {
        "code": "Dr. Oetker",
        "desc": "Dr. Oetker"
      }
    ],
    "price": {
      "basePrice": 4.89,
      "discountPrice": 4.89
    },
    "type": {
      "code": "Frozen Pizza",
      "desc": "Frozen Pizza"
    },
    "weight": "13.6 oz",
    "UpcCode": "",
    "tax": 0.0,
    "spiceLevel": "",
    "aiselNo": "19",
    "store": "Market Basket",
    "weightType": "13.6 oz",
    "imageName": "16024.jpg",
    "defaultImage": "16024.jpg",
    "updatedTimestamp": "Jan 23, 2021 8:02:30 PM",
    "createdTimestamp": "Jan 23, 2021 8:02:30 PM",
    "isNewlyAdded": false,
    "isActive": true,
    "isDealsEnabled": false,
    "quantity": 0
  },
  {
    "id": 4636,
    "code": "Bumble Bee Premium Albacore Tuna In Water",
    "desc": "Bumble Bee Premium Albacore Tuna In Water",
    "shortDesc": "Bumble Bee Premium Albacore Tuna In Water",
    "tags": [
      "Canned Tuna"
    ],
    "categories": [
      {
        "code": "Meat & Seafood",
        "desc": "Meat & Seafood"
      }
    ],
    "subCategories": [
      {
        "code": "Canned Meat & Seafood",
        "desc": "Canned Meat & Seafood"
      }
    ],
    "brands": [
      {
        "code": "Bumble Bee",
        "desc": "Bumble Bee"
      }
    ],
    "price": {
      "basePrice": 3.69,
      "discountPrice": 3.69
    },
    "type": {
      "code": "Canned Tuna",
      "desc": "Canned Tuna"
    },
    "weight": "5 oz",
    "UpcCode": "",
    "tax": 0.0,
    "spiceLevel": "",
    "aiselNo": "2",
    "store": "Market Basket",
    "weightType": "5 oz",
    "imageName": "5194.jpg",
    "defaultImage": "5194.jpg",
    "updatedTimestamp": "Jan 23, 2021 8:02:30 PM",
    "createdTimestamp": "Jan 23, 2021 8:02:30 PM",
    "isNewlyAdded": false,
    "isActive": true,
    "isDealsEnabled": false,
    "quantity": 0
  },
  {
    "id": 8521,
    "code": "LouAna Pure Coconut Oil",
    "desc": "LouAna Pure Coconut Oil",
    "shortDesc": "LouAna Pure Coconut Oil",
    "tags": [
      "Oils & Vinegars"
    ],
    "categories": [
      {
        "code": "Cooking Needs",
        "desc": "Cooking Needs"
      }
    ],
    "subCategories": [
      {
        "code": "Oils & Vinegars",
        "desc": "Oils & Vinegars"
      }
    ],
    "brands": [
      {
        "code": "LouAna",
        "desc": "LouAna"
      }
    ],
    "price": {
      "basePrice": 4.29,
      "discountPrice": 4.29
    },
    "type": {
      "code": "Oils & Vinegars",
      "desc": "Oils & Vinegars"
    },
    "weight": "14 fl oz",
    "UpcCode": "",
    "tax": 0.0,
    "spiceLevel": "",
    "aiselNo": "2",
    "store": "Market Basket",
    "weightType": "14 fl oz",
    "imageName": "15518.jpg",
    "defaultImage": "15518.jpg",
    "updatedTimestamp": "Jan 23, 2021 8:02:30 PM",
    "createdTimestamp": "Jan 23, 2021 8:02:30 PM",
    "isNewlyAdded": false,
    "isActive": true,
    "isDealsEnabled": false,
    "quantity": 0
  },
  {
    "id": 3977,
    "code": "Jicama",
    "desc": "Jicama",
    "shortDesc": "Jicama",
    "tags": [
      "Speciality Produce"
    ],
    "categories": [
      {
        "code": "Fresh Produce",
        "desc": "Fresh Produce"
      }
    ],
    "subCategories": [
      {
        "code": "Fresh Vegetables",
        "desc": "Fresh Vegetables"
      }
    ],
    "brands": [
      {
        "code": "Market Basket",
        "desc": "Market Basket"
      }
    ],
    "price": {
      "basePrice": 2.17,
      "discountPrice": 2.17
    },
    "type": {
      "code": "Speciality Produce",
      "desc": "Speciality Produce"
    },
    "weight": "1 lb",
    "UpcCode": "",
    "tax": 0.0,
    "spiceLevel": "",
    "aiselNo": "20",
    "store": "Market Basket",
    "weightType": "1 lb",
    "imageName": "FP111.jpg",
    "defaultImage": "FP111.jpg",
    "updatedTimestamp": "Jan 23, 2021 8:02:30 PM",
    "createdTimestamp": "Jan 23, 2021 8:02:30 PM",
    "isNewlyAdded": false,
    "isActive": true,
    "isDealsEnabled": false,
    "quantity": 0
  },
  {
    "id": 7373,
    "code": "Olde Thompson Mediterranean Sea Salt Grinder",
    "desc": "Olde Thompson Mediterranean Sea Salt Grinder",
    "shortDesc": "Olde Thompson Mediterranean Sea Salt Grinder",
    "tags": [
      "Spices & Seasonings"
    ],
    "categories": [
      {
        "code": "Cooking Needs",
        "desc": "Cooking Needs"
      }
    ],
    "subCategories": [
      {
        "code": "Spices & Seasonings",
        "desc": "Spices & Seasonings"
      }
    ],
    "brands": [
      {
        "code": "Olde Thompson",
        "desc": "Olde Thompson"
      }
    ],
    "price": {
      "basePrice": 4.89,
      "discountPrice": 4.89
    },
    "type": {
      "code": "Spices & Seasonings",
      "desc": "Spices & Seasonings"
    },
    "weight": "11 oz",
    "UpcCode": "",
    "tax": 0.0,
    "spiceLevel": "",
    "aiselNo": "9",
    "store": "Market Basket",
    "weightType": "11 oz",
    "imageName": "15670.jpg",
    "defaultImage": "15670.jpg",
    "updatedTimestamp": "Jan 23, 2021 8:02:30 PM",
    "createdTimestamp": "Jan 23, 2021 8:02:30 PM",
    "isNewlyAdded": false,
    "isActive": true,
    "isDealsEnabled": false,
    "quantity": 0
  },
  {
    "id": 9043,
    "code": "Smucker's Goober Peanut Butter & Grape Jelly Stripes",
    "desc": "Smucker's Goober Peanut Butter & Grape Jelly Stripes",
    "shortDesc": "Smucker's Goober Peanut Butter & Grape Jelly Stripes",
    "tags": [
      "Spreads"
    ],
    "categories": [
      {
        "code": "Condiments & Dressings",
        "desc": "Condiments & Dressings"
      }
    ],
    "subCategories": [
      {
        "code": "Preserved Dips & Spreads",
        "desc": "Preserved Dips & Spreads"
      }
    ],
    "brands": [
      {
        "code": "Smucker's",
        "desc": "Smucker's"
      }
    ],
    "price": {
      "basePrice": 3.69,
      "discountPrice": 3.69
    },
    "type": {
      "code": "Spreads",
      "desc": "Spreads"
    },
    "weight": "18 oz",
    "UpcCode": "",
    "tax": 0.0,
    "spiceLevel": "",
    "aiselNo": "3",
    "store": "Market Basket",
    "weightType": "18 oz",
    "imageName": "1625.jpg",
    "defaultImage": "1625.jpg",
    "updatedTimestamp": "Jan 23, 2021 8:02:30 PM",
    "createdTimestamp": "Jan 23, 2021 8:02:30 PM",
    "isNewlyAdded": false,
    "isActive": true,
    "isDealsEnabled": false,
    "quantity": 0
  },
  {
    "id": 7571,
    "code": "Pastene Hearts of Palm",
    "desc": "Pastene Hearts of Palm",
    "shortDesc": "Pastene Hearts of Palm",
    "tags": [
      "Canned & Jarred Vegetables"
    ],
    "categories": [
      {
        "code": "Cooking Needs",
        "desc": "Cooking Needs"
      }
    ],
    "subCategories": [
      {
        "code": "Canned Food",
        "desc": "Canned Food"
      }
    ],
    "brands": [
      {
        "code": "Pastene",
        "desc": "Pastene"
      }
    ],
    "price": {
      "basePrice": 3.69,
      "discountPrice": 3.69
    },
    "type": {
      "code": "Canned & Jarred Vegetables",
      "desc": "Canned & Jarred Vegetables"
    },
    "weight": "7.7 oz",
    "UpcCode": "",
    "tax": 0.0,
    "spiceLevel": "",
    "aiselNo": "9",
    "store": "Market Basket",
    "weightType": "7.7 oz",
    "imageName": "4975.jpg",
    "defaultImage": "4975.jpg",
    "updatedTimestamp": "Jan 23, 2021 8:02:30 PM",
    "createdTimestamp": "Jan 23, 2021 8:02:30 PM",
    "isNewlyAdded": false,
    "isActive": true,
    "isDealsEnabled": false,
    "quantity": 0
  },
  {
    "id": 8773,
    "code": "Santa Barbara Medium Salsa",
    "desc": "Santa Barbara Medium Salsa",
    "shortDesc": "Santa Barbara Medium Salsa",
    "tags": [
      "Preserved Dips & Salsa"
    ],
    "categories": [
      {
        "code": "Condiments & Dressings",
        "desc": "Condiments & Dressings"
      }
    ],
    "subCategories": [
      {
        "code": "Preserved Dips & Spreads",
        "desc": "Preserved Dips & Spreads"
      }
    ],
    "brands": [
      {
        "code": "Santa Barbara",
        "desc": "Santa Barbara"
      }
    ],
    "price": {
      "basePrice": 3.09,
      "discountPrice": 3.09
    },
    "type": {
      "code": "Preserved Dips & Salsa",
      "desc": "Preserved Dips & Salsa"
    },
    "weight": "24 oz",
    "UpcCode": "",
    "tax": 0.0,
    "spiceLevel": "",
    "aiselNo": "1",
    "store": "Market Basket",
    "weightType": "24 oz",
    "imageName": "15591.jpg",
    "defaultImage": "15591.jpg",
    "updatedTimestamp": "Jan 23, 2021 8:02:30 PM",
    "createdTimestamp": "Jan 23, 2021 8:02:30 PM",
    "isNewlyAdded": false,
    "isActive": true,
    "isDealsEnabled": false,
    "quantity": 0
  },
  {
    "id": 13894,
    "code": "Suzie's Quinoamilk Beverage, Enriched, Unsweetened",
    "desc": "Suzie's Quinoamilk Beverage, Enriched, Unsweetened",
    "shortDesc": "Suzie's Quinoamilk Beverage, Enriched, Unsweetened",
    "tags": [
      "Soy & Lactose-Free"
    ],
    "categories": [
      {
        "code": "Breakfast & Dairy",
        "desc": "Breakfast & Dairy"
      }
    ],
    "subCategories": [
      {
        "code": "Dairy & Eggs",
        "desc": "Dairy & Eggs"
      }
    ],
    "brands": [
      {
        "code": "Market Basket",
        "desc": "Market Basket"
      }
    ],
    "price": {
      "basePrice": 4.89,
      "discountPrice": 4.89
    },
    "type": {
      "code": "Soy & Lactose-Free",
      "desc": "Soy & Lactose-Free"
    },
    "weight": "32 oz",
    "UpcCode": "",
    "tax": 0.0,
    "spiceLevel": "",
    "aiselNo": "1",
    "store": "Market Basket",
    "weightType": "32 oz",
    "imageName": "14797.jpg",
    "defaultImage": "14797.jpg",
    "updatedTimestamp": "Jan 23, 2021 8:02:30 PM",
    "createdTimestamp": "Jan 23, 2021 8:02:30 PM",
    "isNewlyAdded": false,
    "isActive": true,
    "isDealsEnabled": false,
    "quantity": 0
  },
  {
    "id": 10029,
    "code": "Elan Low Fat Frozen Yogurt Vanilla",
    "desc": "Elan Low Fat Frozen Yogurt Vanilla",
    "shortDesc": "Elan Low Fat Frozen Yogurt Vanilla",
    "tags": [
      "Ice Cream & Ice"
    ],
    "categories": [
      {
        "code": "Frozen Food",
        "desc": "Frozen Food"
      }
    ],
    "subCategories": [
      {
        "code": "Ice Cream & Ice",
        "desc": "Ice Cream & Ice"
      }
    ],
    "brands": [
      {
        "code": "Elan",
        "desc": "Elan"
      }
    ],
    "price": {
      "basePrice": 4.79,
      "discountPrice": 4.79
    },
    "type": {
      "code": "Ice Cream & Ice",
      "desc": "Ice Cream & Ice"
    },
    "weight": "1 quart",
    "UpcCode": "",
    "tax": 0.0,
    "spiceLevel": "",
    "aiselNo": "21",
    "store": "Market Basket",
    "weightType": "1 quart",
    "imageName": "16167.jpg",
    "defaultImage": "16167.jpg",
    "updatedTimestamp": "Jan 23, 2021 8:02:30 PM",
    "createdTimestamp": "Jan 23, 2021 8:02:30 PM",
    "isNewlyAdded": false,
    "isActive": true,
    "isDealsEnabled": false,
    "quantity": 0
  },
  {
    "id": 10003,
    "code": "Edy's/Dreyer's Chocolate Chip Ice Cream",
    "desc": "Edy's/Dreyer's Chocolate Chip Ice Cream",
    "shortDesc": "Edy's/Dreyer's Chocolate Chip Ice Cream",
    "tags": [
      "Ice Cream & Ice"
    ],
    "categories": [
      {
        "code": "Frozen Food",
        "desc": "Frozen Food"
      }
    ],
    "subCategories": [
      {
        "code": "Ice Cream & Ice",
        "desc": "Ice Cream & Ice"
      }
    ],
    "brands": [
      {
        "code": "Edy's/dreyer's",
        "desc": "Edy's/dreyer's"
      }
    ],
    "price": {
      "basePrice": 3.69,
      "discountPrice": 3.69
    },
    "type": {
      "code": "Ice Cream & Ice",
      "desc": "Ice Cream & Ice"
    },
    "weight": "1.5 quart",
    "UpcCode": "",
    "tax": 0.0,
    "spiceLevel": "",
    "aiselNo": "21",
    "store": "Market Basket",
    "weightType": "1.5 quart",
    "imageName": "3012.jpg",
    "defaultImage": "3012.jpg",
    "updatedTimestamp": "Jan 23, 2021 8:02:30 PM",
    "createdTimestamp": "Jan 23, 2021 8:02:30 PM",
    "isNewlyAdded": false,
    "isActive": true,
    "isDealsEnabled": false,
    "quantity": 0
  },
  {
    "id": 594,
    "code": "Febreze Odor Eliminator Quick Dry Mist Crisp Clean Laundry Detergent",
    "desc": "Febreze Odor Eliminator Quick Dry Mist Crisp Clean Laundry Detergent",
    "shortDesc": "Febreze Odor Eliminator Quick Dry Mist Crisp Clean Laundry Detergent",
    "tags": [
      "Laundry Detergent"
    ],
    "categories": [
      {
        "code": "Laundry & Paper Goods",
        "desc": "Laundry & Paper Goods"
      }
    ],
    "subCategories": [
      {
        "code": "Laundry",
        "desc": "Laundry"
      }
    ],
    "brands": [
      {
        "code": "Febreze",
        "desc": "Febreze"
      }
    ],
    "price": {
      "basePrice": 6.24,
      "discountPrice": 6.24
    },
    "type": {
      "code": "Laundry Detergent",
      "desc": "Laundry Detergent"
    },
    "weight": "15 fl oz",
    "UpcCode": "",
    "tax": 1.0,
    "spiceLevel": "",
    "aiselNo": "15",
    "store": "Market Basket",
    "weightType": "15 fl oz",
    "imageName": "No Image.jpg",
    "defaultImage": "No Image.jpg",
    "updatedTimestamp": "Jan 23, 2021 8:02:30 PM",
    "createdTimestamp": "Jan 23, 2021 8:02:30 PM",
    "isNewlyAdded": false,
    "isActive": true,
    "isDealsEnabled": false,
    "quantity": 0
  },
  {
    "id": 13882,
    "code": "Dream Blends Rice & Quinoa Drink, Original, Brick",
    "desc": "Dream Blends Rice & Quinoa Drink, Original, Brick",
    "shortDesc": "Dream Blends Rice & Quinoa Drink, Original, Brick",
    "tags": [
      "Soy & Lactose-Free"
    ],
    "categories": [
      {
        "code": "Breakfast & Dairy",
        "desc": "Breakfast & Dairy"
      }
    ],
    "subCategories": [
      {
        "code": "Dairy & Eggs",
        "desc": "Dairy & Eggs"
      }
    ],
    "brands": [
      {
        "code": "Dream Blends",
        "desc": "Dream Blends"
      }
    ],
    "price": {
      "basePrice": 3.69,
      "discountPrice": 3.69
    },
    "type": {
      "code": "Soy & Lactose-Free",
      "desc": "Soy & Lactose-Free"
    },
    "weight": "32 oz",
    "UpcCode": "",
    "tax": 0.0,
    "spiceLevel": "",
    "aiselNo": "1",
    "store": "Market Basket",
    "weightType": "32 oz",
    "imageName": "14810.jpg",
    "defaultImage": "14810.jpg",
    "updatedTimestamp": "Jan 23, 2021 8:02:30 PM",
    "createdTimestamp": "Jan 23, 2021 8:02:30 PM",
    "isNewlyAdded": false,
    "isActive": true,
    "isDealsEnabled": false,
    "quantity": 0
  },
  {
    "id": 7182,
    "code": "Badia Allspice",
    "desc": "Badia Allspice",
    "shortDesc": "Badia Allspice",
    "tags": [
      "Spices & Seasonings"
    ],
    "categories": [
      {
        "code": "Cooking Needs",
        "desc": "Cooking Needs"
      }
    ],
    "subCategories": [
      {
        "code": "Spices & Seasonings",
        "desc": "Spices & Seasonings"
      }
    ],
    "brands": [
      {
        "code": "Badia",
        "desc": "Badia"
      }
    ],
    "price": {
      "basePrice": 0.89,
      "discountPrice": 0.89
    },
    "type": {
      "code": "Spices & Seasonings",
      "desc": "Spices & Seasonings"
    },
    "weight": "0.5 oz",
    "UpcCode": "",
    "tax": 0.0,
    "spiceLevel": "",
    "aiselNo": "9",
    "store": "Market Basket",
    "weightType": "0.5 oz",
    "imageName": "2226.jpg",
    "defaultImage": "2226.jpg",
    "updatedTimestamp": "Jan 23, 2021 8:02:30 PM",
    "createdTimestamp": "Jan 23, 2021 8:02:30 PM",
    "isNewlyAdded": false,
    "isActive": true,
    "isDealsEnabled": false,
    "quantity": 0
  },
  {
    "id": 5272,
    "code": "Good Health Potato Chips Lime Ranch",
    "desc": "Good Health Potato Chips Lime Ranch",
    "shortDesc": "Good Health Potato Chips Lime Ranch",
    "tags": [
      "Chips & Pretzels"
    ],
    "categories": [
      {
        "code": "Chips, Cookies & Snacks",
        "desc": "Chips, Cookies & Snacks"
      }
    ],
    "subCategories": [
      {
        "code": "Chips & Fruit Snacks",
        "desc": "Chips & Fruit Snacks"
      }
    ],
    "brands": [
      {
        "code": "Good Health",
        "desc": "Good Health"
      }
    ],
    "price": {
      "basePrice": 4.69,
      "discountPrice": 4.69
    },
    "type": {
      "code": "Chips & Pretzels",
      "desc": "Chips & Pretzels"
    },
    "weight": "5 oz",
    "UpcCode": "",
    "tax": 0.0,
    "spiceLevel": "",
    "aiselNo": "0",
    "store": "Market Basket",
    "weightType": "5 oz",
    "imageName": "No Image.jpg",
    "defaultImage": "No Image.jpg",
    "updatedTimestamp": "Jan 23, 2021 8:02:30 PM",
    "createdTimestamp": "Jan 23, 2021 8:02:30 PM",
    "isNewlyAdded": false,
    "isActive": true,
    "isDealsEnabled": false,
    "quantity": 0
  },
  {
    "id": 4671,
    "code": "King Oscar Sardines Olive Oil Skinless & Boneless",
    "desc": "King Oscar Sardines Olive Oil Skinless & Boneless",
    "shortDesc": "King Oscar Sardines Olive Oil Skinless & Boneless",
    "tags": [
      "Canned Sardines"
    ],
    "categories": [
      {
        "code": "Meat & Seafood",
        "desc": "Meat & Seafood"
      }
    ],
    "subCategories": [
      {
        "code": "Canned Meat & Seafood",
        "desc": "Canned Meat & Seafood"
      }
    ],
    "brands": [
      {
        "code": "King Oscar",
        "desc": "King Oscar"
      }
    ],
    "price": {
      "basePrice": 2.69,
      "discountPrice": 2.69
    },
    "type": {
      "code": "Canned Sardines",
      "desc": "Canned Sardines"
    },
    "weight": "4.38 oz",
    "UpcCode": "",
    "tax": 0.0,
    "spiceLevel": "",
    "aiselNo": "2",
    "store": "Market Basket",
    "weightType": "4.38 oz",
    "imageName": "5230.jpg",
    "defaultImage": "5230.jpg",
    "updatedTimestamp": "Jan 23, 2021 8:02:30 PM",
    "createdTimestamp": "Jan 23, 2021 8:02:30 PM",
    "isNewlyAdded": false,
    "isActive": true,
    "isDealsEnabled": false,
    "quantity": 0
  },
  {
    "id": 5392,
    "code": "Mary's Gone Crackers Original",
    "desc": "Mary's Gone Crackers Original",
    "shortDesc": "Mary's Gone Crackers Original",
    "tags": [
      "Crackers"
    ],
    "categories": [
      {
        "code": "Chips, Cookies & Snacks",
        "desc": "Chips, Cookies & Snacks"
      }
    ],
    "subCategories": [
      {
        "code": "Cookies & Crackers",
        "desc": "Cookies & Crackers"
      }
    ],
    "brands": [
      {
        "code": "Mary's Gone Crackers",
        "desc": "Mary's Gone Crackers"
      }
    ],
    "price": {
      "basePrice": 6.23,
      "discountPrice": 6.23
    },
    "type": {
      "code": "Crackers",
      "desc": "Crackers"
    },
    "weight": "6.5 oz",
    "UpcCode": "",
    "tax": 0.0,
    "spiceLevel": "",
    "aiselNo": "6",
    "store": "Market Basket",
    "weightType": "6.5 oz",
    "imageName": "No Image.jpg",
    "defaultImage": "No Image.jpg",
    "updatedTimestamp": "Jan 23, 2021 8:02:30 PM",
    "createdTimestamp": "Jan 23, 2021 8:02:30 PM",
    "isNewlyAdded": false,
    "isActive": true,
    "isDealsEnabled": false,
    "quantity": 0
  },
  {
    "id": 272,
    "code": "Cascade Platinum ActionPacs Fresh Scent Dishwasher Detergent",
    "desc": "Cascade Platinum ActionPacs Fresh Scent Dishwasher Detergent",
    "shortDesc": "Cascade Platinum ActionPacs Fresh Scent Dishwasher Detergent",
    "tags": [
      "Dishwasher Detergent"
    ],
    "categories": [
      {
        "code": "Kitchen & Cleaning",
        "desc": "Kitchen & Cleaning"
      }
    ],
    "subCategories": [
      {
        "code": "Dish Detergents",
        "desc": "Dish Detergents"
      }
    ],
    "brands": [
      {
        "code": "Cascade",
        "desc": "Cascade"
      }
    ],
    "price": {
      "basePrice": 6.09,
      "discountPrice": 6.09
    },
    "type": {
      "code": "Dishwasher Detergent",
      "desc": "Dishwasher Detergent"
    },
    "weight": "23 count",
    "UpcCode": "",
    "tax": 1.0,
    "spiceLevel": "",
    "aiselNo": "15",
    "store": "Market Basket",
    "weightType": "23 count",
    "imageName": "4326.jpg",
    "defaultImage": "4326.jpg",
    "updatedTimestamp": "Jan 23, 2021 8:02:30 PM",
    "createdTimestamp": "Jan 23, 2021 8:02:30 PM",
    "isNewlyAdded": false,
    "isActive": true,
    "isDealsEnabled": false,
    "quantity": 0
  },
  {
    "id": 13378,
    "code": "Market Basket Whipping Cream",
    "desc": "Market Basket Whipping Cream",
    "shortDesc": "Market Basket Whipping Cream",
    "tags": [
      "Cream"
    ],
    "categories": [
      {
        "code": "Breakfast & Dairy",
        "desc": "Breakfast & Dairy"
      }
    ],
    "subCategories": [
      {
        "code": "Dairy & Eggs",
        "desc": "Dairy & Eggs"
      }
    ],
    "brands": [
      {
        "code": "Market Basket",
        "desc": "Market Basket"
      }
    ],
    "price": {
      "basePrice": 2.49,
      "discountPrice": 2.49
    },
    "type": {
      "code": "Cream",
      "desc": "Cream"
    },
    "weight": "16 fl oz",
    "UpcCode": "",
    "tax": 0.0,
    "spiceLevel": "",
    "aiselNo": "1",
    "store": "Market Basket",
    "weightType": "16 fl oz",
    "imageName": "Market Basket.jpg",
    "defaultImage": "Market Basket.jpg",
    "updatedTimestamp": "Jan 23, 2021 8:02:30 PM",
    "createdTimestamp": "Jan 23, 2021 8:02:30 PM",
    "isNewlyAdded": false,
    "isActive": true,
    "isDealsEnabled": false,
    "quantity": 0
  },
  {
    "id": 9835,
    "code": "Market Basket Broccoli Florets",
    "desc": "Market Basket Broccoli Florets",
    "shortDesc": "Market Basket Broccoli Florets",
    "tags": [
      "Frozen Produce"
    ],
    "categories": [
      {
        "code": "Frozen Food",
        "desc": "Frozen Food"
      }
    ],
    "subCategories": [
      {
        "code": "Frozen Produce",
        "desc": "Frozen Produce"
      }
    ],
    "brands": [
      {
        "code": "Market Basket",
        "desc": "Market Basket"
      }
    ],
    "price": {
      "basePrice": 2.49,
      "discountPrice": 2.49
    },
    "type": {
      "code": "Frozen Produce",
      "desc": "Frozen Produce"
    },
    "weight": "24 oz bag",
    "UpcCode": "",
    "tax": 0.0,
    "spiceLevel": "",
    "aiselNo": "19",
    "store": "Market Basket",
    "weightType": "24 oz bag",
    "imageName": "Market Basket.jpg",
    "defaultImage": "Market Basket.jpg",
    "updatedTimestamp": "Jan 23, 2021 8:02:30 PM",
    "createdTimestamp": "Jan 23, 2021 8:02:30 PM",
    "isNewlyAdded": false,
    "isActive": true,
    "isDealsEnabled": false,
    "quantity": 0
  },
  {
    "id": 14560,
    "code": "Dafruta Passion Fruit Tetra",
    "desc": "Dafruta Passion Fruit Tetra",
    "shortDesc": "Dafruta Passion Fruit Tetra",
    "tags": [
      "Tea"
    ],
    "categories": [
      {
        "code": "Breakfast & Dairy",
        "desc": "Breakfast & Dairy"
      }
    ],
    "subCategories": [
      {
        "code": "Tea & Coffee",
        "desc": "Tea & Coffee"
      }
    ],
    "brands": [
      {
        "code": "Dafruta",
        "desc": "Dafruta"
      }
    ],
    "price": {
      "basePrice": 2.49,
      "discountPrice": 2.49
    },
    "type": {
      "code": "Tea",
      "desc": "Tea"
    },
    "weight": "33.8 oz",
    "UpcCode": "",
    "tax": 0.0,
    "spiceLevel": "",
    "aiselNo": "8",
    "store": "Market Basket",
    "weightType": "33.8 oz",
    "imageName": "No Image.jpg",
    "defaultImage": "No Image.jpg",
    "updatedTimestamp": "Jan 23, 2021 8:02:30 PM",
    "createdTimestamp": "Jan 23, 2021 8:02:30 PM",
    "isNewlyAdded": false,
    "isActive": true,
    "isDealsEnabled": false,
    "quantity": 0
  },
  {
    "id": 4677,
    "code": "Pastene Fancy Solid Light Tuna in Olive Oil",
    "desc": "Pastene Fancy Solid Light Tuna in Olive Oil",
    "shortDesc": "Pastene Fancy Solid Light Tuna in Olive Oil",
    "tags": [
      "Canned Tuna"
    ],
    "categories": [
      {
        "code": "Meat & Seafood",
        "desc": "Meat & Seafood"
      }
    ],
    "subCategories": [
      {
        "code": "Canned Meat & Seafood",
        "desc": "Canned Meat & Seafood"
      }
    ],
    "brands": [
      {
        "code": "Pastene",
        "desc": "Pastene"
      }
    ],
    "price": {
      "basePrice": 1.89,
      "discountPrice": 1.89
    },
    "type": {
      "code": "Canned Tuna",
      "desc": "Canned Tuna"
    },
    "weight": "3 oz",
    "UpcCode": "",
    "tax": 0.0,
    "spiceLevel": "",
    "aiselNo": "2",
    "store": "Market Basket",
    "weightType": "3 oz",
    "imageName": "17160.jpg",
    "defaultImage": "17160.jpg",
    "updatedTimestamp": "Jan 23, 2021 8:02:30 PM",
    "createdTimestamp": "Jan 23, 2021 8:02:30 PM",
    "isNewlyAdded": false,
    "isActive": true,
    "isDealsEnabled": false,
    "quantity": 0
  },
  {
    "id": 7934,
    "code": "Campbell's Chunky Soup, Chicken Corn Chowder Soup",
    "desc": "Campbell's Chunky Soup, Chicken Corn Chowder Soup",
    "shortDesc": "Campbell's Chunky Soup, Chicken Corn Chowder Soup",
    "tags": [
      "Soup, Broth & Bouillon"
    ],
    "categories": [
      {
        "code": "Cooking Needs",
        "desc": "Cooking Needs"
      }
    ],
    "subCategories": [
      {
        "code": "Canned Food",
        "desc": "Canned Food"
      }
    ],
    "brands": [
      {
        "code": "Campbell's",
        "desc": "Campbell's"
      }
    ],
    "price": {
      "basePrice": 3.09,
      "discountPrice": 3.09
    },
    "type": {
      "code": "Soup, Broth & Bouillon",
      "desc": "Soup, Broth & Bouillon"
    },
    "weight": "18.8 oz",
    "UpcCode": "",
    "tax": 0.0,
    "spiceLevel": "",
    "aiselNo": "2",
    "store": "Market Basket",
    "weightType": "18.8 oz",
    "imageName": "5342.jpg",
    "defaultImage": "5342.jpg",
    "updatedTimestamp": "Jan 23, 2021 8:02:30 PM",
    "createdTimestamp": "Jan 23, 2021 8:02:30 PM",
    "isNewlyAdded": false,
    "isActive": true,
    "isDealsEnabled": false,
    "quantity": 0
  },
  {
    "id": 9874,
    "code": "Market Basket Pepper Strips",
    "desc": "Market Basket Pepper Strips",
    "shortDesc": "Market Basket Pepper Strips",
    "tags": [
      "Frozen Produce"
    ],
    "categories": [
      {
        "code": "Frozen Food",
        "desc": "Frozen Food"
      }
    ],
    "subCategories": [
      {
        "code": "Frozen Produce",
        "desc": "Frozen Produce"
      }
    ],
    "brands": [
      {
        "code": "Market Basket",
        "desc": "Market Basket"
      }
    ],
    "price": {
      "basePrice": 1.09,
      "discountPrice": 1.09
    },
    "type": {
      "code": "Frozen Produce",
      "desc": "Frozen Produce"
    },
    "weight": "8 oz",
    "UpcCode": "",
    "tax": 0.0,
    "spiceLevel": "",
    "aiselNo": "19",
    "store": "Market Basket",
    "weightType": "8 oz",
    "imageName": "Market Basket.jpg",
    "defaultImage": "Market Basket.jpg",
    "updatedTimestamp": "Jan 23, 2021 8:02:30 PM",
    "createdTimestamp": "Jan 23, 2021 8:02:30 PM",
    "isNewlyAdded": false,
    "isActive": true,
    "isDealsEnabled": false,
    "quantity": 0
  },
  {
    "id": 324,
    "code": "Market Basket Fold And Close Sandwich Bags",
    "desc": "Market Basket Fold And Close Sandwich Bags",
    "shortDesc": "Market Basket Fold And Close Sandwich Bags",
    "tags": [
      "Storage Bags"
    ],
    "categories": [
      {
        "code": "Kitchen & Cleaning",
        "desc": "Kitchen & Cleaning"
      }
    ],
    "subCategories": [
      {
        "code": "Food Storage & Kitchen Supplies",
        "desc": "Food Storage & Kitchen Supplies"
      }
    ],
    "brands": [
      {
        "code": "Market Basket",
        "desc": "Market Basket"
      }
    ],
    "price": {
      "basePrice": 2.49,
      "discountPrice": 2.49
    },
    "type": {
      "code": "Storage Bags",
      "desc": "Storage Bags"
    },
    "weight": "300 bag(s)",
    "UpcCode": "",
    "tax": 1.0,
    "spiceLevel": "",
    "aiselNo": "12",
    "store": "Market Basket",
    "weightType": "300 bag(s)",
    "imageName": "Market Basket.jpg",
    "defaultImage": "Market Basket.jpg",
    "updatedTimestamp": "Jan 23, 2021 8:02:30 PM",
    "createdTimestamp": "Jan 23, 2021 8:02:30 PM",
    "isNewlyAdded": false,
    "isActive": true,
    "isDealsEnabled": false,
    "quantity": 0
  },
  {
    "id": 4298,
    "code": "Market Basket Chinese Brand Links",
    "desc": "Market Basket Chinese Brand Links",
    "shortDesc": "Market Basket Chinese Brand Links",
    "tags": [
      "Other Meat"
    ],
    "categories": [
      {
        "code": "Meat & Seafood",
        "desc": "Meat & Seafood"
      }
    ],
    "subCategories": [
      {
        "code": "Meat & Seafood Counter",
        "desc": "Meat & Seafood Counter"
      }
    ],
    "brands": [
      {
        "code": "Market Basket",
        "desc": "Market Basket"
      }
    ],
    "price": {
      "basePrice": 4.06,
      "discountPrice": 4.06
    },
    "type": {
      "code": "Other Meat",
      "desc": "Other Meat"
    },
    "weight": "Approx: 1.10 lb at $3.69/lb",
    "UpcCode": "",
    "tax": 0.0,
    "spiceLevel": "",
    "aiselNo": "22",
    "store": "Market Basket",
    "weightType": "Approx: 1.10 lb at $3.69/lb",
    "imageName": "Market Basket.jpg",
    "defaultImage": "Market Basket.jpg",
    "updatedTimestamp": "Jan 23, 2021 8:02:30 PM",
    "createdTimestamp": "Jan 23, 2021 8:02:30 PM",
    "isNewlyAdded": false,
    "isActive": true,
    "isDealsEnabled": false,
    "quantity": 0
  },
  {
    "id": 7795,
    "code": "Market Basket No Salt Added French Style Green Beans",
    "desc": "Market Basket No Salt Added French Style Green Beans",
    "shortDesc": "Market Basket No Salt Added French Style Green Beans",
    "tags": [
      "Canned Meals & Beans"
    ],
    "categories": [
      {
        "code": "Cooking Needs",
        "desc": "Cooking Needs"
      }
    ],
    "subCategories": [
      {
        "code": "Canned Food",
        "desc": "Canned Food"
      }
    ],
    "brands": [
      {
        "code": "Market Basket",
        "desc": "Market Basket"
      }
    ],
    "price": {
      "basePrice": 0.79,
      "discountPrice": 0.79
    },
    "type": {
      "code": "Canned Meals & Beans",
      "desc": "Canned Meals & Beans"
    },
    "weight": "14.5 oz",
    "UpcCode": "",
    "tax": 0.0,
    "spiceLevel": "",
    "aiselNo": "2",
    "store": "Market Basket",
    "weightType": "14.5 oz",
    "imageName": "Market Basket.jpg",
    "defaultImage": "Market Basket.jpg",
    "updatedTimestamp": "Jan 23, 2021 8:02:30 PM",
    "createdTimestamp": "Jan 23, 2021 8:02:30 PM",
    "isNewlyAdded": false,
    "isActive": true,
    "isDealsEnabled": false,
    "quantity": 0
  },
  {
    "id": 9884,
    "code": "Market Basket Sweet Peas",
    "desc": "Market Basket Sweet Peas",
    "shortDesc": "Market Basket Sweet Peas",
    "tags": [
      "Frozen Produce"
    ],
    "categories": [
      {
        "code": "Frozen Food",
        "desc": "Frozen Food"
      }
    ],
    "subCategories": [
      {
        "code": "Frozen Produce",
        "desc": "Frozen Produce"
      }
    ],
    "brands": [
      {
        "code": "Market Basket",
        "desc": "Market Basket"
      }
    ],
    "price": {
      "basePrice": 1.29,
      "discountPrice": 1.29
    },
    "type": {
      "code": "Frozen Produce",
      "desc": "Frozen Produce"
    },
    "weight": "32 oz",
    "UpcCode": "",
    "tax": 0.0,
    "spiceLevel": "",
    "aiselNo": "19",
    "store": "Market Basket",
    "weightType": "32 oz",
    "imageName": "Market Basket.jpg",
    "defaultImage": "Market Basket.jpg",
    "updatedTimestamp": "Jan 23, 2021 8:02:30 PM",
    "createdTimestamp": "Jan 23, 2021 8:02:30 PM",
    "isNewlyAdded": false,
    "isActive": true,
    "isDealsEnabled": false,
    "quantity": 0
  },
  {
    "id": 10073,
    "code": "Haagen dazs Pineapple Coconut Ice Cream",
    "desc": "Haagen dazs Pineapple Coconut Ice Cream",
    "shortDesc": "Haagen dazs Pineapple Coconut Ice Cream",
    "tags": [
      "Ice Cream & Ice"
    ],
    "categories": [
      {
        "code": "Frozen Food",
        "desc": "Frozen Food"
      }
    ],
    "subCategories": [
      {
        "code": "Ice Cream & Ice",
        "desc": "Ice Cream & Ice"
      }
    ],
    "brands": [
      {
        "code": "Haagen-dazs",
        "desc": "Haagen-dazs"
      }
    ],
    "price": {
      "basePrice": 4.29,
      "discountPrice": 4.29
    },
    "type": {
      "code": "Ice Cream & Ice",
      "desc": "Ice Cream & Ice"
    },
    "weight": "1 pint",
    "UpcCode": "",
    "tax": 0.0,
    "spiceLevel": "",
    "aiselNo": "21",
    "store": "Market Basket",
    "weightType": "1 pint",
    "imageName": "3082.jpg",
    "defaultImage": "3082.jpg",
    "updatedTimestamp": "Jan 23, 2021 8:02:30 PM",
    "createdTimestamp": "Jan 23, 2021 8:02:30 PM",
    "isNewlyAdded": false,
    "isActive": true,
    "isDealsEnabled": false,
    "quantity": 0
  },
  {
    "id": 3860,
    "code": "Dandelion Greens",
    "desc": "Dandelion Greens",
    "shortDesc": "Dandelion Greens",
    "tags": [
      "Greens"
    ],
    "categories": [
      {
        "code": "Fresh Produce",
        "desc": "Fresh Produce"
      }
    ],
    "subCategories": [
      {
        "code": "Fresh Vegetables",
        "desc": "Fresh Vegetables"
      }
    ],
    "brands": [
      {
        "code": "Market Basket",
        "desc": "Market Basket"
      }
    ],
    "price": {
      "basePrice": 3.21,
      "discountPrice": 3.21
    },
    "type": {
      "code": "Greens",
      "desc": "Greens"
    },
    "weight": "1 bunch",
    "UpcCode": "",
    "tax": 0.0,
    "spiceLevel": "",
    "aiselNo": "20",
    "store": "Market Basket",
    "weightType": "1 bunch",
    "imageName": "FP105.jpg",
    "defaultImage": "FP105.jpg",
    "updatedTimestamp": "Jan 23, 2021 8:02:30 PM",
    "createdTimestamp": "Jan 23, 2021 8:02:30 PM",
    "isNewlyAdded": false,
    "isActive": true,
    "isDealsEnabled": false,
    "quantity": 0
  },
  {
    "id": 5973,
    "code": "Master of Mixes Handcrafted Blood Orange Margarita Mixer",
    "desc": "Master of Mixes Handcrafted Blood Orange Margarita Mixer",
    "shortDesc": "Master of Mixes Handcrafted Blood Orange Margarita Mixer",
    "tags": [
      "Cocoa & Drink Mixes"
    ],
    "categories": [
      {
        "code": "Beverages & Juices",
        "desc": "Beverages & Juices"
      }
    ],
    "subCategories": [
      {
        "code": "Cocoa & Drink Mixes",
        "desc": "Cocoa & Drink Mixes"
      }
    ],
    "brands": [
      {
        "code": "Master of Mixes",
        "desc": "Master of Mixes"
      }
    ],
    "price": {
      "basePrice": 4.99,
      "discountPrice": 4.99
    },
    "type": {
      "code": "Cocoa & Drink Mixes",
      "desc": "Cocoa & Drink Mixes"
    },
    "weight": "33.8 fl oz",
    "UpcCode": "",
    "tax": 0.0,
    "spiceLevel": "",
    "aiselNo": "17",
    "store": "Market Basket",
    "weightType": "33.8 fl oz",
    "imageName": "No Image.jpg",
    "defaultImage": "No Image.jpg",
    "updatedTimestamp": "Jan 23, 2021 8:02:29 PM",
    "createdTimestamp": "Jan 23, 2021 8:02:29 PM",
    "isNewlyAdded": false,
    "isActive": true,
    "isDealsEnabled": false,
    "quantity": 0
  },
  {
    "id": 5361,
    "code": "Tate's Bake Shop Walnut Chocolate Chip Cookies",
    "desc": "Tate's Bake Shop Walnut Chocolate Chip Cookies",
    "shortDesc": "Tate's Bake Shop Walnut Chocolate Chip Cookies",
    "tags": [
      "Cookies & Cakes"
    ],
    "categories": [
      {
        "code": "Chips, Cookies & Snacks",
        "desc": "Chips, Cookies & Snacks"
      }
    ],
    "subCategories": [
      {
        "code": "Cookies & Crackers",
        "desc": "Cookies & Crackers"
      }
    ],
    "brands": [
      {
        "code": "Tate's Bake Shop",
        "desc": "Tate's Bake Shop"
      }
    ],
    "price": {
      "basePrice": 6.23,
      "discountPrice": 6.23
    },
    "type": {
      "code": "Cookies & Cakes",
      "desc": "Cookies & Cakes"
    },
    "weight": "7 oz",
    "UpcCode": "",
    "tax": 0.0,
    "spiceLevel": "",
    "aiselNo": "6",
    "store": "Market Basket",
    "weightType": "7 oz",
    "imageName": "No Image.jpg",
    "defaultImage": "No Image.jpg",
    "updatedTimestamp": "Jan 23, 2021 8:02:30 PM",
    "createdTimestamp": "Jan 23, 2021 8:02:30 PM",
    "isNewlyAdded": false,
    "isActive": true,
    "isDealsEnabled": false,
    "quantity": 0
  },
  {
    "id": 14728,
    "code": "Garnier Fructis For Dry, Damaged Hair Triple Nutrition Conditioner",
    "desc": "Garnier Fructis For Dry, Damaged Hair Triple Nutrition Conditioner",
    "shortDesc": "Garnier Fructis For Dry, Damaged Hair Triple Nutrition Conditioner",
    "tags": [
      "Hair Care"
    ],
    "categories": [
      {
        "code": "Personal Care",
        "desc": "Personal Care"
      }
    ],
    "subCategories": [
      {
        "code": "Body Wash, Soap & Hair Care",
        "desc": "Body Wash, Soap & Hair Care"
      }
    ],
    "brands": [
      {
        "code": "Garnier",
        "desc": "Garnier"
      }
    ],
    "price": {
      "basePrice": 4.93,
      "discountPrice": 4.93
    },
    "type": {
      "code": "Hair Care",
      "desc": "Hair Care"
    },
    "weight": "13 fl oz",
    "UpcCode": "",
    "tax": 1.0,
    "spiceLevel": "",
    "aiselNo": "13",
    "store": "Market Basket",
    "weightType": "13 fl oz",
    "imageName": "6610.jpg",
    "defaultImage": "6610.jpg",
    "updatedTimestamp": "Jan 23, 2021 8:02:30 PM",
    "createdTimestamp": "Jan 23, 2021 8:02:30 PM",
    "isNewlyAdded": false,
    "isActive": true,
    "isDealsEnabled": false,
    "quantity": 0
  },
  {
    "id": 15171,
    "code": "Colgate Toothpaste, Anticavity Fluoride, Baking Soda & Peroxide Whitening, Brisk Mint",
    "desc": "Colgate Toothpaste, Anticavity Fluoride, Baking Soda & Peroxide Whitening, Brisk Mint",
    "shortDesc": "Colgate Toothpaste, Anticavity Fluoride, Baking Soda & Peroxide Whitening, Brisk Mint",
    "tags": [
      "Oral Hygiene"
    ],
    "categories": [
      {
        "code": "Personal Care",
        "desc": "Personal Care"
      }
    ],
    "subCategories": [
      {
        "code": "Personal Needs",
        "desc": "Personal Needs"
      }
    ],
    "brands": [
      {
        "code": "Colgate",
        "desc": "Colgate"
      }
    ],
    "price": {
      "basePrice": 2.86,
      "discountPrice": 2.86
    },
    "type": {
      "code": "Oral Hygiene",
      "desc": "Oral Hygiene"
    },
    "weight": "8 oz",
    "UpcCode": "",
    "tax": 1.0,
    "spiceLevel": "",
    "aiselNo": "13",
    "store": "Market Basket",
    "weightType": "8 oz",
    "imageName": "6396.jpg",
    "defaultImage": "6396.jpg",
    "updatedTimestamp": "Jan 23, 2021 8:02:30 PM",
    "createdTimestamp": "Jan 23, 2021 8:02:30 PM",
    "isNewlyAdded": false,
    "isActive": true,
    "isDealsEnabled": false,
    "quantity": 0
  },
  {
    "id": 15285,
    "code": "Boost Original Very Vanilla",
    "desc": "Boost Original Very Vanilla",
    "shortDesc": "Boost Original Very Vanilla",
    "tags": [
      "Protien Drinks"
    ],
    "categories": [
      {
        "code": "Personal Care",
        "desc": "Personal Care"
      }
    ],
    "subCategories": [
      {
        "code": "Vitamins & Proteins",
        "desc": "Vitamins & Proteins"
      }
    ],
    "brands": [
      {
        "code": "Boost",
        "desc": "Boost"
      }
    ],
    "price": {
      "basePrice": 11.26,
      "discountPrice": 11.26
    },
    "type": {
      "code": "Protien Drinks",
      "desc": "Protien Drinks"
    },
    "weight": "6 x 8 fl oz",
    "UpcCode": "",
    "tax": 1.0,
    "spiceLevel": "",
    "aiselNo": "13",
    "store": "Market Basket",
    "weightType": "6 x 8 fl oz",
    "imageName": "6741.jpg",
    "defaultImage": "6741.jpg",
    "updatedTimestamp": "Jan 23, 2021 8:02:30 PM",
    "createdTimestamp": "Jan 23, 2021 8:02:30 PM",
    "isNewlyAdded": false,
    "isActive": true,
    "isDealsEnabled": false,
    "quantity": 0
  },
  {
    "id": 6819,
    "code": "Diamond Of California Shelled Walnuts",
    "desc": "Diamond Of California Shelled Walnuts",
    "shortDesc": "Diamond Of California Shelled Walnuts",
    "tags": [
      "Baking Ingredients"
    ],
    "categories": [
      {
        "code": "Cooking Needs",
        "desc": "Cooking Needs"
      }
    ],
    "subCategories": [
      {
        "code": "Baking & Cooking",
        "desc": "Baking & Cooking"
      }
    ],
    "brands": [
      {
        "code": "Diamond",
        "desc": "Diamond"
      }
    ],
    "price": {
      "basePrice": 9.19,
      "discountPrice": 9.19
    },
    "type": {
      "code": "Baking Ingredients",
      "desc": "Baking Ingredients"
    },
    "weight": "1 lb",
    "UpcCode": "",
    "tax": 0.0,
    "spiceLevel": "",
    "aiselNo": "8",
    "store": "Market Basket",
    "weightType": "1 lb",
    "imageName": "15690.jpg",
    "defaultImage": "15690.jpg",
    "updatedTimestamp": "Jan 23, 2021 8:02:30 PM",
    "createdTimestamp": "Jan 23, 2021 8:02:30 PM",
    "isNewlyAdded": false,
    "isActive": true,
    "isDealsEnabled": false,
    "quantity": 0
  },
  {
    "id": 14419,
    "code": "Maxwell House Light Roast Breakfast Blend Ground Coffee, Caffeinated",
    "desc": "Maxwell House Light Roast Breakfast Blend Ground Coffee, Caffeinated",
    "shortDesc": "Maxwell House Light Roast Breakfast Blend Ground Coffee, Caffeinated",
    "tags": [
      "Coffee"
    ],
    "categories": [
      {
        "code": "Breakfast & Dairy",
        "desc": "Breakfast & Dairy"
      }
    ],
    "subCategories": [
      {
        "code": "Tea & Coffee",
        "desc": "Tea & Coffee"
      }
    ],
    "brands": [
      {
        "code": "Maxwell House",
        "desc": "Maxwell House"
      }
    ],
    "price": {
      "basePrice": 5.99,
      "discountPrice": 5.99
    },
    "type": {
      "code": "Coffee",
      "desc": "Coffee"
    },
    "weight": "11 oz",
    "UpcCode": "",
    "tax": 0.0,
    "spiceLevel": "",
    "aiselNo": "8",
    "store": "Market Basket",
    "weightType": "11 oz",
    "imageName": "3391.jpg",
    "defaultImage": "3391.jpg",
    "updatedTimestamp": "Jan 23, 2021 8:02:30 PM",
    "createdTimestamp": "Jan 23, 2021 8:02:30 PM",
    "isNewlyAdded": false,
    "isActive": true,
    "isDealsEnabled": false,
    "quantity": 0
  },
  {
    "id": 14890,
    "code": "Market Basket Sensitive Maxi Pads w/ Wings Long/Super",
    "desc": "Market Basket Sensitive Maxi Pads w/ Wings Long/Super",
    "shortDesc": "Market Basket Sensitive Maxi Pads w/ Wings Long/Super",
    "tags": [
      "Menstrual Pads"
    ],
    "categories": [
      {
        "code": "Personal Care",
        "desc": "Personal Care"
      }
    ],
    "subCategories": [
      {
        "code": "Feminine Care",
        "desc": "Feminine Care"
      }
    ],
    "brands": [
      {
        "code": "Market Basket",
        "desc": "Market Basket"
      }
    ],
    "price": {
      "basePrice": 3.21,
      "discountPrice": 3.21
    },
    "type": {
      "code": "Menstrual Pads",
      "desc": "Menstrual Pads"
    },
    "weight": "20 count",
    "UpcCode": "",
    "tax": 1.0,
    "spiceLevel": "",
    "aiselNo": "13",
    "store": "Market Basket",
    "weightType": "20 count",
    "imageName": "Market Basket.jpg",
    "defaultImage": "Market Basket.jpg",
    "updatedTimestamp": "Jan 23, 2021 8:02:30 PM",
    "createdTimestamp": "Jan 23, 2021 8:02:30 PM",
    "isNewlyAdded": false,
    "isActive": true,
    "isDealsEnabled": false,
    "quantity": 0
  },
  {
    "id": 5913,
    "code": "Starbucks Frappuccino Mocha Bottles 4 Pack",
    "desc": "Starbucks Frappuccino Mocha Bottles 4 Pack",
    "shortDesc": "Starbucks Frappuccino Mocha Bottles 4 Pack",
    "tags": [
      "Single To-Go Coffee"
    ],
    "categories": [
      {
        "code": "Beverages & Juices",
        "desc": "Beverages & Juices"
      }
    ],
    "subCategories": [
      {
        "code": "Tea, Coffee, Milk & Coconut Water",
        "desc": "Tea, Coffee, Milk & Coconut Water"
      }
    ],
    "brands": [
      {
        "code": "StarBucks",
        "desc": "StarBucks"
      }
    ],
    "price": {
      "basePrice": 6.24,
      "discountPrice": 6.24
    },
    "type": {
      "code": "Single To-Go Coffee",
      "desc": "Single To-Go Coffee"
    },
    "weight": "4 x 9.5 fl oz",
    "UpcCode": "",
    "tax": 0.0,
    "spiceLevel": "",
    "aiselNo": "17",
    "store": "Market Basket",
    "weightType": "4 x 9.5 fl oz",
    "imageName": "No Image.jpg",
    "defaultImage": "No Image.jpg",
    "updatedTimestamp": "Jan 23, 2021 8:02:30 PM",
    "createdTimestamp": "Jan 23, 2021 8:02:30 PM",
    "isNewlyAdded": false,
    "isActive": true,
    "isDealsEnabled": false,
    "quantity": 0
  },
  {
    "id": 13615,
    "code": "Apple Smoked Cheese Apple Smoked Cheddar Cheese",
    "desc": "Apple Smoked Cheese Apple Smoked Cheddar Cheese",
    "shortDesc": "Apple Smoked Cheese Apple Smoked Cheddar Cheese",
    "tags": [
      "Packaged Cheese"
    ],
    "categories": [
      {
        "code": "Breakfast & Dairy",
        "desc": "Breakfast & Dairy"
      }
    ],
    "subCategories": [
      {
        "code": "Dairy & Eggs",
        "desc": "Dairy & Eggs"
      }
    ],
    "brands": [
      {
        "code": "Apple Smoked",
        "desc": "Apple Smoked"
      }
    ],
    "price": {
      "basePrice": 4.89,
      "discountPrice": 4.89
    },
    "type": {
      "code": "Packaged Cheese",
      "desc": "Packaged Cheese"
    },
    "weight": "8 oz",
    "UpcCode": "",
    "tax": 0.0,
    "spiceLevel": "",
    "aiselNo": "1",
    "store": "Market Basket",
    "weightType": "8 oz",
    "imageName": "14625.jpg",
    "defaultImage": "14625.jpg",
    "updatedTimestamp": "Jan 23, 2021 8:02:30 PM",
    "createdTimestamp": "Jan 23, 2021 8:02:30 PM",
    "isNewlyAdded": false,
    "isActive": true,
    "isDealsEnabled": false,
    "quantity": 0
  },
  {
    "id": 14759,
    "code": "L'OrealÂ® Paris Color Vibrancy Protecting Conditioner",
    "desc": "L'OrealÂ® Paris Color Vibrancy Protecting Conditioner",
    "shortDesc": "L'OrealÂ® Paris Color Vibrancy Protecting Conditioner",
    "tags": [
      "Hair Care"
    ],
    "categories": [
      {
        "code": "Personal Care",
        "desc": "Personal Care"
      }
    ],
    "subCategories": [
      {
        "code": "Body Wash, Soap & Hair Care",
        "desc": "Body Wash, Soap & Hair Care"
      }
    ],
    "brands": [
      {
        "code": "L'Oreal",
        "desc": "L'Oreal"
      }
    ],
    "price": {
      "basePrice": 6.08,
      "discountPrice": 6.08
    },
    "type": {
      "code": "Hair Care",
      "desc": "Hair Care"
    },
    "weight": "12.6 fl oz",
    "UpcCode": "",
    "tax": 1.0,
    "spiceLevel": "",
    "aiselNo": "13",
    "store": "Market Basket",
    "weightType": "12.6 fl oz",
    "imageName": "17812.jpg",
    "defaultImage": "17812.jpg",
    "updatedTimestamp": "Jan 23, 2021 8:02:30 PM",
    "createdTimestamp": "Jan 23, 2021 8:02:30 PM",
    "isNewlyAdded": false,
    "isActive": true,
    "isDealsEnabled": false,
    "quantity": 0
  },
  {
    "id": 6201,
    "code": "7 Up Diet Lemon Lime Box of Cans",
    "desc": "7 Up Diet Lemon Lime Box of Cans",
    "shortDesc": "7 Up Diet Lemon Lime Box of Cans",
    "tags": [
      "Soft Drinks"
    ],
    "categories": [
      {
        "code": "Beverages & Juices",
        "desc": "Beverages & Juices"
      }
    ],
    "subCategories": [
      {
        "code": "Soft Drinks & Seltzers",
        "desc": "Soft Drinks & Seltzers"
      }
    ],
    "brands": [
      {
        "code": "7 up",
        "desc": "7 up"
      }
    ],
    "price": {
      "basePrice": 6.86,
      "discountPrice": 6.86
    },
    "type": {
      "code": "Soft Drinks",
      "desc": "Soft Drinks"
    },
    "weight": "12 x 12 fl oz",
    "UpcCode": "",
    "tax": 0.0,
    "spiceLevel": "",
    "aiselNo": "17",
    "store": "Market Basket",
    "weightType": "12 x 12 fl oz",
    "imageName": "No Image.jpg",
    "defaultImage": "No Image.jpg",
    "updatedTimestamp": "Jan 23, 2021 8:02:30 PM",
    "createdTimestamp": "Jan 23, 2021 8:02:30 PM",
    "isNewlyAdded": false,
    "isActive": true,
    "isDealsEnabled": false,
    "quantity": 0
  },
  {
    "id": 6341,
    "code": "Polar Diet Pink Grapefruit Dry Box of Cans",
    "desc": "Polar Diet Pink Grapefruit Dry Box of Cans",
    "shortDesc": "Polar Diet Pink Grapefruit Dry Box of Cans",
    "tags": [
      "Soft Drinks"
    ],
    "categories": [
      {
        "code": "Beverages & Juices",
        "desc": "Beverages & Juices"
      }
    ],
    "subCategories": [
      {
        "code": "Soft Drinks & Seltzers",
        "desc": "Soft Drinks & Seltzers"
      }
    ],
    "brands": [
      {
        "code": "Polar",
        "desc": "Polar"
      }
    ],
    "price": {
      "basePrice": 4.36,
      "discountPrice": 4.36
    },
    "type": {
      "code": "Soft Drinks",
      "desc": "Soft Drinks"
    },
    "weight": "8 x 12 fl oz",
    "UpcCode": "",
    "tax": 0.0,
    "spiceLevel": "",
    "aiselNo": "11",
    "store": "Market Basket",
    "weightType": "8 x 12 fl oz",
    "imageName": "No Image.jpg",
    "defaultImage": "No Image.jpg",
    "updatedTimestamp": "Jan 23, 2021 8:02:30 PM",
    "createdTimestamp": "Jan 23, 2021 8:02:30 PM",
    "isNewlyAdded": false,
    "isActive": true,
    "isDealsEnabled": false,
    "quantity": 0
  },
  {
    "id": 5664,
    "code": "Orbit Sweet Mint Sugarfree Gum multi total",
    "desc": "Orbit Sweet Mint Sugarfree Gum multi total",
    "shortDesc": "Orbit Sweet Mint Sugarfree Gum multi total",
    "tags": [
      "Mint & Gum"
    ],
    "categories": [
      {
        "code": "Chips, Cookies & Snacks",
        "desc": "Chips, Cookies & Snacks"
      }
    ],
    "subCategories": [
      {
        "code": "Candy & Chocolates",
        "desc": "Candy & Chocolates"
      }
    ],
    "brands": [
      {
        "code": "Orbit",
        "desc": "Orbit"
      }
    ],
    "price": {
      "basePrice": 2.49,
      "discountPrice": 2.49
    },
    "type": {
      "code": "Mint & Gum",
      "desc": "Mint & Gum"
    },
    "weight": "42 ct",
    "UpcCode": "",
    "tax": 0.0,
    "spiceLevel": "",
    "aiselNo": "3",
    "store": "Market Basket",
    "weightType": "42 ct",
    "imageName": "1487.jpg",
    "defaultImage": "1487.jpg",
    "updatedTimestamp": "Jan 23, 2021 8:02:30 PM",
    "createdTimestamp": "Jan 23, 2021 8:02:30 PM",
    "isNewlyAdded": false,
    "isActive": true,
    "isDealsEnabled": false,
    "quantity": 0
  },
  {
    "id": 5691,
    "code": "Market Basket Rainbow's End Trail Mix",
    "desc": "Market Basket Rainbow's End Trail Mix",
    "shortDesc": "Market Basket Rainbow's End Trail Mix",
    "tags": [
      "Trail Mix & Snack Mix"
    ],
    "categories": [
      {
        "code": "Chips, Cookies & Snacks",
        "desc": "Chips, Cookies & Snacks"
      }
    ],
    "subCategories": [
      {
        "code": "Nuts, Seeds & Dried Fruit",
        "desc": "Nuts, Seeds & Dried Fruit"
      }
    ],
    "brands": [
      {
        "code": "Market Basket",
        "desc": "Market Basket"
      }
    ],
    "price": {
      "basePrice": 4.89,
      "discountPrice": 4.89
    },
    "type": {
      "code": "Trail Mix & Snack Mix",
      "desc": "Trail Mix & Snack Mix"
    },
    "weight": "12 oz",
    "UpcCode": "",
    "tax": 0.0,
    "spiceLevel": "",
    "aiselNo": "21",
    "store": "Market Basket",
    "weightType": "12 oz",
    "imageName": "Market Basket.jpg",
    "defaultImage": "Market Basket.jpg",
    "updatedTimestamp": "Jan 23, 2021 8:02:30 PM",
    "createdTimestamp": "Jan 23, 2021 8:02:30 PM",
    "isNewlyAdded": false,
    "isActive": true,
    "isDealsEnabled": false,
    "quantity": 0
  },
  {
    "id": 5679,
    "code": "Trident White Sugar Free Gum, Peppermint Flavor",
    "desc": "Trident White Sugar Free Gum, Peppermint Flavor",
    "shortDesc": "Trident White Sugar Free Gum, Peppermint Flavor",
    "tags": [
      "Mint & Gum"
    ],
    "categories": [
      {
        "code": "Chips, Cookies & Snacks",
        "desc": "Chips, Cookies & Snacks"
      }
    ],
    "subCategories": [
      {
        "code": "Candy & Chocolates",
        "desc": "Candy & Chocolates"
      }
    ],
    "brands": [
      {
        "code": "Trident",
        "desc": "Trident"
      }
    ],
    "price": {
      "basePrice": 3.12,
      "discountPrice": 3.12
    },
    "type": {
      "code": "Mint & Gum",
      "desc": "Mint & Gum"
    },
    "weight": "3 ct",
    "UpcCode": "",
    "tax": 0.0,
    "spiceLevel": "",
    "aiselNo": "3",
    "store": "Market Basket",
    "weightType": "3 ct",
    "imageName": "1481.jpg",
    "defaultImage": "1481.jpg",
    "updatedTimestamp": "Jan 23, 2021 8:02:30 PM",
    "createdTimestamp": "Jan 23, 2021 8:02:30 PM",
    "isNewlyAdded": false,
    "isActive": true,
    "isDealsEnabled": false,
    "quantity": 0
  },
  {
    "id": 13901,
    "code": "Parmalat Whole Milk Vitamin D",
    "desc": "Parmalat Whole Milk Vitamin D",
    "shortDesc": "Parmalat Whole Milk Vitamin D",
    "tags": [
      "Soy & Lactose-Free"
    ],
    "categories": [
      {
        "code": "Breakfast & Dairy",
        "desc": "Breakfast & Dairy"
      }
    ],
    "subCategories": [
      {
        "code": "Dairy & Eggs",
        "desc": "Dairy & Eggs"
      }
    ],
    "brands": [
      {
        "code": "Parmalat",
        "desc": "Parmalat"
      }
    ],
    "price": {
      "basePrice": 3.99,
      "discountPrice": 3.99
    },
    "type": {
      "code": "Soy & Lactose-Free",
      "desc": "Soy & Lactose-Free"
    },
    "weight": "1 count",
    "UpcCode": "",
    "tax": 0.0,
    "spiceLevel": "",
    "aiselNo": "1",
    "store": "Market Basket",
    "weightType": "1 count",
    "imageName": "14795.jpg",
    "defaultImage": "14795.jpg",
    "updatedTimestamp": "Jan 23, 2021 8:02:30 PM",
    "createdTimestamp": "Jan 23, 2021 8:02:30 PM",
    "isNewlyAdded": false,
    "isActive": true,
    "isDealsEnabled": false,
    "quantity": 0
  },
  {
    "id": 7766,
    "code": "Goya Small Red Beans",
    "desc": "Goya Small Red Beans",
    "shortDesc": "Goya Small Red Beans",
    "tags": [
      "Canned Meals & Beans"
    ],
    "categories": [
      {
        "code": "Cooking Needs",
        "desc": "Cooking Needs"
      }
    ],
    "subCategories": [
      {
        "code": "Canned Food",
        "desc": "Canned Food"
      }
    ],
    "brands": [
      {
        "code": "Goya",
        "desc": "Goya"
      }
    ],
    "price": {
      "basePrice": 2.19,
      "discountPrice": 2.19
    },
    "type": {
      "code": "Canned Meals & Beans",
      "desc": "Canned Meals & Beans"
    },
    "weight": "29 oz",
    "UpcCode": "",
    "tax": 0.0,
    "spiceLevel": "",
    "aiselNo": "7",
    "store": "Market Basket",
    "weightType": "29 oz",
    "imageName": "5119.jpg",
    "defaultImage": "5119.jpg",
    "updatedTimestamp": "Jan 23, 2021 8:02:30 PM",
    "createdTimestamp": "Jan 23, 2021 8:02:30 PM",
    "isNewlyAdded": false,
    "isActive": true,
    "isDealsEnabled": false,
    "quantity": 0
  },
  {
    "id": 4989,
    "code": "Utz Kettle Classic Dark Russet Potato Chips",
    "desc": "Utz Kettle Classic Dark Russet Potato Chips",
    "shortDesc": "Utz Kettle Classic Dark Russet Potato Chips",
    "tags": [
      "Chips & Pretzels"
    ],
    "categories": [
      {
        "code": "Chips, Cookies & Snacks",
        "desc": "Chips, Cookies & Snacks"
      }
    ],
    "subCategories": [
      {
        "code": "Chips & Fruit Snacks",
        "desc": "Chips & Fruit Snacks"
      }
    ],
    "brands": [
      {
        "code": "Utz",
        "desc": "Utz"
      }
    ],
    "price": {
      "basePrice": 4.69,
      "discountPrice": 4.69
    },
    "type": {
      "code": "Chips & Pretzels",
      "desc": "Chips & Pretzels"
    },
    "weight": "8 oz",
    "UpcCode": "",
    "tax": 0.0,
    "spiceLevel": "",
    "aiselNo": "0",
    "store": "Market Basket",
    "weightType": "8 oz",
    "imageName": "865.jpg",
    "defaultImage": "865.jpg",
    "updatedTimestamp": "Jan 23, 2021 8:02:30 PM",
    "createdTimestamp": "Jan 23, 2021 8:02:30 PM",
    "isNewlyAdded": false,
    "isActive": true,
    "isDealsEnabled": false,
    "quantity": 0
  },
  {
    "id": 10182,
    "code": "Breyer's Frozen Dairy Dessert Oreo Cookies & Cream",
    "desc": "Breyer's Frozen Dairy Dessert Oreo Cookies & Cream",
    "shortDesc": "Breyer's Frozen Dairy Dessert Oreo Cookies & Cream",
    "tags": [
      "Ice Cream & Ice"
    ],
    "categories": [
      {
        "code": "Frozen Food",
        "desc": "Frozen Food"
      }
    ],
    "subCategories": [
      {
        "code": "Ice Cream & Ice",
        "desc": "Ice Cream & Ice"
      }
    ],
    "brands": [
      {
        "code": "Oreo",
        "desc": "Oreo"
      }
    ],
    "price": {
      "basePrice": 4.09,
      "discountPrice": 4.09
    },
    "type": {
      "code": "Ice Cream & Ice",
      "desc": "Ice Cream & Ice"
    },
    "weight": "48 oz",
    "UpcCode": "",
    "tax": 0.0,
    "spiceLevel": "",
    "aiselNo": "21",
    "store": "Market Basket",
    "weightType": "48 oz",
    "imageName": "17988.jpg",
    "defaultImage": "17988.jpg",
    "updatedTimestamp": "Jan 23, 2021 8:02:30 PM",
    "createdTimestamp": "Jan 23, 2021 8:02:30 PM",
    "isNewlyAdded": false,
    "isActive": true,
    "isDealsEnabled": false,
    "quantity": 0
  },
  {
    "id": 6032,
    "code": "Red Bull Coconut Edition - Coconut Berry",
    "desc": "Red Bull Coconut Edition - Coconut Berry",
    "shortDesc": "Red Bull Coconut Edition - Coconut Berry",
    "tags": [
      "Energy & Sports Drinks"
    ],
    "categories": [
      {
        "code": "Beverages & Juices",
        "desc": "Beverages & Juices"
      }
    ],
    "subCategories": [
      {
        "code": "Energy & Sports Drinks",
        "desc": "Energy & Sports Drinks"
      }
    ],
    "brands": [
      {
        "code": "Red Bull",
        "desc": "Red Bull"
      }
    ],
    "price": {
      "basePrice": 3.13,
      "discountPrice": 3.13
    },
    "type": {
      "code": "Energy & Sports Drinks",
      "desc": "Energy & Sports Drinks"
    },
    "weight": "12 fl oz",
    "UpcCode": "",
    "tax": 0.0,
    "spiceLevel": "",
    "aiselNo": "17",
    "store": "Market Basket",
    "weightType": "12 fl oz",
    "imageName": "No Image.jpg",
    "defaultImage": "No Image.jpg",
    "updatedTimestamp": "Jan 23, 2021 8:02:29 PM",
    "createdTimestamp": "Jan 23, 2021 8:02:29 PM",
    "isNewlyAdded": false,
    "isActive": true,
    "isDealsEnabled": false,
    "quantity": 0
  },
  {
    "id": 14618,
    "code": "Tetley Decaffeinated Classic Black Tea",
    "desc": "Tetley Decaffeinated Classic Black Tea",
    "shortDesc": "Tetley Decaffeinated Classic Black Tea",
    "tags": [
      "Tea"
    ],
    "categories": [
      {
        "code": "Breakfast & Dairy",
        "desc": "Breakfast & Dairy"
      }
    ],
    "subCategories": [
      {
        "code": "Tea & Coffee",
        "desc": "Tea & Coffee"
      }
    ],
    "brands": [
      {
        "code": "Tetley",
        "desc": "Tetley"
      }
    ],
    "price": {
      "basePrice": 3.69,
      "discountPrice": 3.69
    },
    "type": {
      "code": "Tea",
      "desc": "Tea"
    },
    "weight": "72 count",
    "UpcCode": "",
    "tax": 0.0,
    "spiceLevel": "",
    "aiselNo": "8",
    "store": "Market Basket",
    "weightType": "72 count",
    "imageName": "16316.jpg",
    "defaultImage": "16316.jpg",
    "updatedTimestamp": "Jan 23, 2021 8:02:30 PM",
    "createdTimestamp": "Jan 23, 2021 8:02:30 PM",
    "isNewlyAdded": false,
    "isActive": true,
    "isDealsEnabled": false,
    "quantity": 0
  },
  {
    "id": 15287,
    "code": "Boost Plus Very Vanilla",
    "desc": "Boost Plus Very Vanilla",
    "shortDesc": "Boost Plus Very Vanilla",
    "tags": [
      "Protien Drinks"
    ],
    "categories": [
      {
        "code": "Personal Care",
        "desc": "Personal Care"
      }
    ],
    "subCategories": [
      {
        "code": "Vitamins & Proteins",
        "desc": "Vitamins & Proteins"
      }
    ],
    "brands": [
      {
        "code": "Boost",
        "desc": "Boost"
      }
    ],
    "price": {
      "basePrice": 13.33,
      "discountPrice": 13.33
    },
    "type": {
      "code": "Protien Drinks",
      "desc": "Protien Drinks"
    },
    "weight": "6 x 8 fl oz",
    "UpcCode": "",
    "tax": 1.0,
    "spiceLevel": "",
    "aiselNo": "13",
    "store": "Market Basket",
    "weightType": "6 x 8 fl oz",
    "imageName": "6749.jpg",
    "defaultImage": "6749.jpg",
    "updatedTimestamp": "Jan 23, 2021 8:02:30 PM",
    "createdTimestamp": "Jan 23, 2021 8:02:30 PM",
    "isNewlyAdded": false,
    "isActive": true,
    "isDealsEnabled": false,
    "quantity": 0
  },
  {
    "id": 13603,
    "code": "Summer Maid Creamery Heavy Cream",
    "desc": "Summer Maid Creamery Heavy Cream",
    "shortDesc": "Summer Maid Creamery Heavy Cream",
    "tags": [
      "Other Creams & Cheeses"
    ],
    "categories": [
      {
        "code": "Breakfast & Dairy",
        "desc": "Breakfast & Dairy"
      }
    ],
    "subCategories": [
      {
        "code": "Dairy & Eggs",
        "desc": "Dairy & Eggs"
      }
    ],
    "brands": [
      {
        "code": "Market Basket",
        "desc": "Market Basket"
      }
    ],
    "price": {
      "basePrice": 4.89,
      "discountPrice": 4.89
    },
    "type": {
      "code": "Other Creams & Cheeses",
      "desc": "Other Creams & Cheeses"
    },
    "weight": "1 count",
    "UpcCode": "",
    "tax": 0.0,
    "spiceLevel": "",
    "aiselNo": "1",
    "store": "Market Basket",
    "weightType": "1 count",
    "imageName": "Market Basket.jpg",
    "defaultImage": "Market Basket.jpg",
    "updatedTimestamp": "Jan 23, 2021 8:02:30 PM",
    "createdTimestamp": "Jan 23, 2021 8:02:30 PM",
    "isNewlyAdded": false,
    "isActive": true,
    "isDealsEnabled": false,
    "quantity": 0
  },
  {
    "id": 486,
    "code": "Purex 4 in 1 Pacs Mountain Breeze 22 pack Laundry Detergent",
    "desc": "Purex 4 in 1 Pacs Mountain Breeze 22 pack Laundry Detergent",
    "shortDesc": "Purex 4 in 1 Pacs Mountain Breeze 22 pack Laundry Detergent",
    "tags": [
      "Laundry Detergent"
    ],
    "categories": [
      {
        "code": "Laundry & Paper Goods",
        "desc": "Laundry & Paper Goods"
      }
    ],
    "subCategories": [
      {
        "code": "Laundry",
        "desc": "Laundry"
      }
    ],
    "brands": [
      {
        "code": "Purex",
        "desc": "Purex"
      }
    ],
    "price": {
      "basePrice": 5.61,
      "discountPrice": 5.61
    },
    "type": {
      "code": "Laundry Detergent",
      "desc": "Laundry Detergent"
    },
    "weight": "22 pack",
    "UpcCode": "",
    "tax": 1.0,
    "spiceLevel": "",
    "aiselNo": "15",
    "store": "Market Basket",
    "weightType": "22 pack",
    "imageName": "No Image.jpg",
    "defaultImage": "No Image.jpg",
    "updatedTimestamp": "Jan 23, 2021 8:02:30 PM",
    "createdTimestamp": "Jan 23, 2021 8:02:30 PM",
    "isNewlyAdded": false,
    "isActive": true,
    "isDealsEnabled": false,
    "quantity": 0
  },
  {
    "id": 9353,
    "code": "Mrs. Smith's Original Flaky Crust Cherry Pie",
    "desc": "Mrs. Smith's Original Flaky Crust Cherry Pie",
    "shortDesc": "Mrs. Smith's Original Flaky Crust Cherry Pie",
    "tags": [
      "Frozen Dessert"
    ],
    "categories": [
      {
        "code": "Frozen Food",
        "desc": "Frozen Food"
      }
    ],
    "subCategories": [
      {
        "code": "Frozen Dessert",
        "desc": "Frozen Dessert"
      }
    ],
    "brands": [
      {
        "code": "Mrs. Smith's",
        "desc": "Mrs. Smith's"
      }
    ],
    "price": {
      "basePrice": 3.69,
      "discountPrice": 3.69
    },
    "type": {
      "code": "Frozen Dessert",
      "desc": "Frozen Dessert"
    },
    "weight": "35 oz",
    "UpcCode": "",
    "tax": 0.0,
    "spiceLevel": "",
    "aiselNo": "19",
    "store": "Market Basket",
    "weightType": "35 oz",
    "imageName": "2968.jpg",
    "defaultImage": "2968.jpg",
    "updatedTimestamp": "Jan 23, 2021 8:02:30 PM",
    "createdTimestamp": "Jan 23, 2021 8:02:30 PM",
    "isNewlyAdded": false,
    "isActive": true,
    "isDealsEnabled": false,
    "quantity": 0
  },
  {
    "id": 13377,
    "code": "Market Basket Whipped Topping",
    "desc": "Market Basket Whipped Topping",
    "shortDesc": "Market Basket Whipped Topping",
    "tags": [
      "Cream"
    ],
    "categories": [
      {
        "code": "Breakfast & Dairy",
        "desc": "Breakfast & Dairy"
      }
    ],
    "subCategories": [
      {
        "code": "Dairy & Eggs",
        "desc": "Dairy & Eggs"
      }
    ],
    "brands": [
      {
        "code": "Market Basket",
        "desc": "Market Basket"
      }
    ],
    "price": {
      "basePrice": 1.29,
      "discountPrice": 1.29
    },
    "type": {
      "code": "Cream",
      "desc": "Cream"
    },
    "weight": "8 oz",
    "UpcCode": "",
    "tax": 0.0,
    "spiceLevel": "",
    "aiselNo": "1",
    "store": "Market Basket",
    "weightType": "8 oz",
    "imageName": "Market Basket.jpg",
    "defaultImage": "Market Basket.jpg",
    "updatedTimestamp": "Jan 23, 2021 8:02:30 PM",
    "createdTimestamp": "Jan 23, 2021 8:02:30 PM",
    "isNewlyAdded": false,
    "isActive": true,
    "isDealsEnabled": false,
    "quantity": 0
  },
  {
    "id": 6384,
    "code": "Polar Black Cherry Sparkling Water",
    "desc": "Polar Black Cherry Sparkling Water",
    "shortDesc": "Polar Black Cherry Sparkling Water",
    "tags": [
      "Sparkling Water"
    ],
    "categories": [
      {
        "code": "Beverages & Juices",
        "desc": "Beverages & Juices"
      }
    ],
    "subCategories": [
      {
        "code": "Water",
        "desc": "Water"
      }
    ],
    "brands": [
      {
        "code": "Polar",
        "desc": "Polar"
      }
    ],
    "price": {
      "basePrice": 1.24,
      "discountPrice": 1.24
    },
    "type": {
      "code": "Sparkling Water",
      "desc": "Sparkling Water"
    },
    "weight": "1 L",
    "UpcCode": "",
    "tax": 0.0,
    "spiceLevel": "",
    "aiselNo": "11",
    "store": "Market Basket",
    "weightType": "1 L",
    "imageName": "No Image.jpg",
    "defaultImage": "No Image.jpg",
    "updatedTimestamp": "Jan 23, 2021 8:02:30 PM",
    "createdTimestamp": "Jan 23, 2021 8:02:30 PM",
    "isNewlyAdded": false,
    "isActive": true,
    "isDealsEnabled": false,
    "quantity": 0
  },
  {
    "id": 6219,
    "code": "Adirondack Beverages Seltzer, Original",
    "desc": "Adirondack Beverages Seltzer, Original",
    "shortDesc": "Adirondack Beverages Seltzer, Original",
    "tags": [
      "Seltzer"
    ],
    "categories": [
      {
        "code": "Beverages & Juices",
        "desc": "Beverages & Juices"
      }
    ],
    "subCategories": [
      {
        "code": "Soft Drinks & Seltzers",
        "desc": "Soft Drinks & Seltzers"
      }
    ],
    "brands": [
      {
        "code": "Adirondack",
        "desc": "Adirondack"
      }
    ],
    "price": {
      "basePrice": 3.13,
      "discountPrice": 3.13
    },
    "type": {
      "code": "Seltzer",
      "desc": "Seltzer"
    },
    "weight": "6 x 16.9 fl oz",
    "UpcCode": "",
    "tax": 0.0,
    "spiceLevel": "",
    "aiselNo": "11",
    "store": "Market Basket",
    "weightType": "6 x 16.9 fl oz",
    "imageName": "No Image.jpg",
    "defaultImage": "No Image.jpg",
    "updatedTimestamp": "Jan 23, 2021 8:02:30 PM",
    "createdTimestamp": "Jan 23, 2021 8:02:30 PM",
    "isNewlyAdded": false,
    "isActive": true,
    "isDealsEnabled": false,
    "quantity": 0
  },
  {
    "id": 5637,
    "code": "Dentyne Ice Pepermint Sugar Free Gum",
    "desc": "Dentyne Ice Pepermint Sugar Free Gum",
    "shortDesc": "Dentyne Ice Pepermint Sugar Free Gum",
    "tags": [
      "Mint & Gum"
    ],
    "categories": [
      {
        "code": "Chips, Cookies & Snacks",
        "desc": "Chips, Cookies & Snacks"
      }
    ],
    "subCategories": [
      {
        "code": "Candy & Chocolates",
        "desc": "Candy & Chocolates"
      }
    ],
    "brands": [
      {
        "code": "Dentyne",
        "desc": "Dentyne"
      }
    ],
    "price": {
      "basePrice": 1.29,
      "discountPrice": 1.29
    },
    "type": {
      "code": "Mint & Gum",
      "desc": "Mint & Gum"
    },
    "weight": "16 ct",
    "UpcCode": "",
    "tax": 0.0,
    "spiceLevel": "",
    "aiselNo": "3",
    "store": "Market Basket",
    "weightType": "16 ct",
    "imageName": "1514.jpg",
    "defaultImage": "1514.jpg",
    "updatedTimestamp": "Jan 23, 2021 8:02:30 PM",
    "createdTimestamp": "Jan 23, 2021 8:02:30 PM",
    "isNewlyAdded": false,
    "isActive": true,
    "isDealsEnabled": false,
    "quantity": 0
  },
  {
    "id": 14159,
    "code": "Light & Fit Greek Cherry Nonfat Yogurt",
    "desc": "Light & Fit Greek Cherry Nonfat Yogurt",
    "shortDesc": "Light & Fit Greek Cherry Nonfat Yogurt",
    "tags": [
      "Yogurt"
    ],
    "categories": [
      {
        "code": "Breakfast & Dairy",
        "desc": "Breakfast & Dairy"
      }
    ],
    "subCategories": [
      {
        "code": "Dairy & Eggs",
        "desc": "Dairy & Eggs"
      }
    ],
    "brands": [
      {
        "code": "Light & Fit",
        "desc": "Light & Fit"
      }
    ],
    "price": {
      "basePrice": 1.89,
      "discountPrice": 1.89
    },
    "type": {
      "code": "Yogurt",
      "desc": "Yogurt"
    },
    "weight": "5.3 oz",
    "UpcCode": "",
    "tax": 0.0,
    "spiceLevel": "",
    "aiselNo": "1",
    "store": "Market Basket",
    "weightType": "5.3 oz",
    "imageName": "14696.jpg",
    "defaultImage": "14696.jpg",
    "updatedTimestamp": "Jan 23, 2021 8:02:30 PM",
    "createdTimestamp": "Jan 23, 2021 8:02:30 PM",
    "isNewlyAdded": false,
    "isActive": true,
    "isDealsEnabled": false,
    "quantity": 0
  },
  {
    "id": 13267,
    "code": "Wheatena Whole Grain All Natural Toasted Wheat Whole Grain All Natural Toasted Wheat Cereal",
    "desc": "Wheatena Whole Grain All Natural Toasted Wheat Whole Grain All Natural Toasted Wheat Cereal",
    "shortDesc": "Wheatena Whole Grain All Natural Toasted Wheat Whole Grain All Natural Toasted Wheat Cereal",
    "tags": [
      "Cereal"
    ],
    "categories": [
      {
        "code": "Breakfast & Dairy",
        "desc": "Breakfast & Dairy"
      }
    ],
    "subCategories": [
      {
        "code": "Cereal",
        "desc": "Cereal"
      }
    ],
    "brands": [
      {
        "code": "Weatena",
        "desc": "Weatena"
      }
    ],
    "price": {
      "basePrice": 3.49,
      "discountPrice": 3.49
    },
    "type": {
      "code": "Cereal",
      "desc": "Cereal"
    },
    "weight": "20 oz",
    "UpcCode": "",
    "tax": 0.0,
    "spiceLevel": "",
    "aiselNo": "5",
    "store": "Market Basket",
    "weightType": "20 oz",
    "imageName": "17636.jpg",
    "defaultImage": "17636.jpg",
    "updatedTimestamp": "Jan 23, 2021 8:02:30 PM",
    "createdTimestamp": "Jan 23, 2021 8:02:30 PM",
    "isNewlyAdded": false,
    "isActive": true,
    "isDealsEnabled": false,
    "quantity": 0
  },
  {
    "id": 14160,
    "code": "Light & Fit Greek Crunch Caramel Fudge Pretzel",
    "desc": "Light & Fit Greek Crunch Caramel Fudge Pretzel",
    "shortDesc": "Light & Fit Greek Crunch Caramel Fudge Pretzel",
    "tags": [
      "Yogurt"
    ],
    "categories": [
      {
        "code": "Breakfast & Dairy",
        "desc": "Breakfast & Dairy"
      }
    ],
    "subCategories": [
      {
        "code": "Dairy & Eggs",
        "desc": "Dairy & Eggs"
      }
    ],
    "brands": [
      {
        "code": "Light & Fit",
        "desc": "Light & Fit"
      }
    ],
    "price": {
      "basePrice": 1.29,
      "discountPrice": 1.29
    },
    "type": {
      "code": "Yogurt",
      "desc": "Yogurt"
    },
    "weight": "5 oz",
    "UpcCode": "",
    "tax": 0.0,
    "spiceLevel": "",
    "aiselNo": "1",
    "store": "Market Basket",
    "weightType": "5 oz",
    "imageName": "14671.jpg",
    "defaultImage": "14671.jpg",
    "updatedTimestamp": "Jan 23, 2021 8:02:30 PM",
    "createdTimestamp": "Jan 23, 2021 8:02:30 PM",
    "isNewlyAdded": false,
    "isActive": true,
    "isDealsEnabled": false,
    "quantity": 0
  },
  {
    "id": 5172,
    "code": "Dare Grainsfirst Whole Grain Crackers",
    "desc": "Dare Grainsfirst Whole Grain Crackers",
    "shortDesc": "Dare Grainsfirst Whole Grain Crackers",
    "tags": [
      "Crackers"
    ],
    "categories": [
      {
        "code": "Chips, Cookies & Snacks",
        "desc": "Chips, Cookies & Snacks"
      }
    ],
    "subCategories": [
      {
        "code": "Cookies & Crackers",
        "desc": "Cookies & Crackers"
      }
    ],
    "brands": [
      {
        "code": "Dare",
        "desc": "Dare"
      }
    ],
    "price": {
      "basePrice": 3.13,
      "discountPrice": 3.13
    },
    "type": {
      "code": "Crackers",
      "desc": "Crackers"
    },
    "weight": "8.8 oz",
    "UpcCode": "",
    "tax": 0.0,
    "spiceLevel": "",
    "aiselNo": "6",
    "store": "Market Basket",
    "weightType": "8.8 oz",
    "imageName": "No Image.jpg",
    "defaultImage": "No Image.jpg",
    "updatedTimestamp": "Jan 23, 2021 8:02:30 PM",
    "createdTimestamp": "Jan 23, 2021 8:02:30 PM",
    "isNewlyAdded": false,
    "isActive": true,
    "isDealsEnabled": false,
    "quantity": 0
  },
  {
    "id": 7092,
    "code": "Goya Puro Olive Oil",
    "desc": "Goya Puro Olive Oil",
    "shortDesc": "Goya Puro Olive Oil",
    "tags": [
      "Oils & Vinegars"
    ],
    "categories": [
      {
        "code": "Cooking Needs",
        "desc": "Cooking Needs"
      }
    ],
    "subCategories": [
      {
        "code": "Oils & Vinegars",
        "desc": "Oils & Vinegars"
      }
    ],
    "brands": [
      {
        "code": "Goya",
        "desc": "Goya"
      }
    ],
    "price": {
      "basePrice": 4.39,
      "discountPrice": 4.39
    },
    "type": {
      "code": "Oils & Vinegars",
      "desc": "Oils & Vinegars"
    },
    "weight": "8.5 fl oz",
    "UpcCode": "",
    "tax": 0.0,
    "spiceLevel": "",
    "aiselNo": "2",
    "store": "Market Basket",
    "weightType": "8.5 fl oz",
    "imageName": "1846.jpg",
    "defaultImage": "1846.jpg",
    "updatedTimestamp": "Jan 23, 2021 8:02:30 PM",
    "createdTimestamp": "Jan 23, 2021 8:02:30 PM",
    "isNewlyAdded": false,
    "isActive": true,
    "isDealsEnabled": false,
    "quantity": 0
  },
  {
    "id": 6216,
    "code": "Adirondack Beverages Seltzer, Raspberry Lime",
    "desc": "Adirondack Beverages Seltzer, Raspberry Lime",
    "shortDesc": "Adirondack Beverages Seltzer, Raspberry Lime",
    "tags": [
      "Seltzer"
    ],
    "categories": [
      {
        "code": "Beverages & Juices",
        "desc": "Beverages & Juices"
      }
    ],
    "subCategories": [
      {
        "code": "Soft Drinks & Seltzers",
        "desc": "Soft Drinks & Seltzers"
      }
    ],
    "brands": [
      {
        "code": "Adirondack",
        "desc": "Adirondack"
      }
    ],
    "price": {
      "basePrice": 3.13,
      "discountPrice": 3.13
    },
    "type": {
      "code": "Seltzer",
      "desc": "Seltzer"
    },
    "weight": "6 x 16.9 fl oz",
    "UpcCode": "",
    "tax": 0.0,
    "spiceLevel": "",
    "aiselNo": "11",
    "store": "Market Basket",
    "weightType": "6 x 16.9 fl oz",
    "imageName": "16267.jpg",
    "defaultImage": "16267.jpg",
    "updatedTimestamp": "Jan 23, 2021 8:02:30 PM",
    "createdTimestamp": "Jan 23, 2021 8:02:30 PM",
    "isNewlyAdded": false,
    "isActive": true,
    "isDealsEnabled": false,
    "quantity": 0
  },
  {
    "id": 14921,
    "code": "Afrin No Drip Extra Moisturizing Pump Mist",
    "desc": "Afrin No Drip Extra Moisturizing Pump Mist",
    "shortDesc": "Afrin No Drip Extra Moisturizing Pump Mist",
    "tags": [
      "Cold, Flu & Allergy"
    ],
    "categories": [
      {
        "code": "Personal Care",
        "desc": "Personal Care"
      }
    ],
    "subCategories": [
      {
        "code": "First Aid & Healthcare",
        "desc": "First Aid & Healthcare"
      }
    ],
    "brands": [
      {
        "code": "Afrin No Drip",
        "desc": "Afrin No Drip"
      }
    ],
    "price": {
      "basePrice": 10.22,
      "discountPrice": 10.22
    },
    "type": {
      "code": "Cold, Flu & Allergy",
      "desc": "Cold, Flu & Allergy"
    },
    "weight": "0.5 fl oz",
    "UpcCode": "",
    "tax": 1.0,
    "spiceLevel": "",
    "aiselNo": "13",
    "store": "Market Basket",
    "weightType": "0.5 fl oz",
    "imageName": "6662.jpg",
    "defaultImage": "6662.jpg",
    "updatedTimestamp": "Jan 23, 2021 8:02:30 PM",
    "createdTimestamp": "Jan 23, 2021 8:02:30 PM",
    "isNewlyAdded": false,
    "isActive": true,
    "isDealsEnabled": false,
    "quantity": 0
  },
  {
    "id": 4293,
    "code": "Market Basket Cold Cooked Lobster Whole",
    "desc": "Market Basket Cold Cooked Lobster Whole",
    "shortDesc": "Market Basket Cold Cooked Lobster Whole",
    "tags": [
      "Lobster"
    ],
    "categories": [
      {
        "code": "Meat & Seafood",
        "desc": "Meat & Seafood"
      }
    ],
    "subCategories": [
      {
        "code": "Meat & Seafood Counter",
        "desc": "Meat & Seafood Counter"
      }
    ],
    "brands": [
      {
        "code": "Market Basket",
        "desc": "Market Basket"
      }
    ],
    "price": {
      "basePrice": 13.53,
      "discountPrice": 13.53
    },
    "type": {
      "code": "Lobster",
      "desc": "Lobster"
    },
    "weight": "Approx: 1.12 lb at $12.1/lb",
    "UpcCode": "",
    "tax": 0.0,
    "spiceLevel": "",
    "aiselNo": "22",
    "store": "Market Basket",
    "weightType": "Approx: 1.12 lb at $12.1/lb",
    "imageName": "Market Basket.jpg",
    "defaultImage": "Market Basket.jpg",
    "updatedTimestamp": "Jan 23, 2021 8:02:30 PM",
    "createdTimestamp": "Jan 23, 2021 8:02:30 PM",
    "isNewlyAdded": false,
    "isActive": true,
    "isDealsEnabled": false,
    "quantity": 0
  },
  {
    "id": 3990,
    "code": "Yuca Root",
    "desc": "Yuca Root",
    "shortDesc": "Yuca Root",
    "tags": [
      "Speciality Produce"
    ],
    "categories": [
      {
        "code": "Fresh Produce",
        "desc": "Fresh Produce"
      }
    ],
    "subCategories": [
      {
        "code": "Fresh Vegetables",
        "desc": "Fresh Vegetables"
      }
    ],
    "brands": [
      {
        "code": "Market Basket",
        "desc": "Market Basket"
      }
    ],
    "price": {
      "basePrice": 1.83,
      "discountPrice": 1.83
    },
    "type": {
      "code": "Speciality Produce",
      "desc": "Speciality Produce"
    },
    "weight": "1 lb",
    "UpcCode": "",
    "tax": 0.0,
    "spiceLevel": "",
    "aiselNo": "20",
    "store": "Market Basket",
    "weightType": "1 lb",
    "imageName": "FP149.jpg",
    "defaultImage": "FP149.jpg",
    "updatedTimestamp": "Jan 23, 2021 8:02:30 PM",
    "createdTimestamp": "Jan 23, 2021 8:02:30 PM",
    "isNewlyAdded": false,
    "isActive": true,
    "isDealsEnabled": false,
    "quantity": 0
  },
  {
    "id": 500,
    "code": "Tide Plus Coldwater Clean Detergent Original 59 Loads",
    "desc": "Tide Plus Coldwater Clean Detergent Original 59 Loads",
    "shortDesc": "Tide Plus Coldwater Clean Detergent Original 59 Loads",
    "tags": [
      "Laundry Detergent"
    ],
    "categories": [
      {
        "code": "Laundry & Paper Goods",
        "desc": "Laundry & Paper Goods"
      }
    ],
    "subCategories": [
      {
        "code": "Laundry",
        "desc": "Laundry"
      }
    ],
    "brands": [
      {
        "code": "Tide",
        "desc": "Tide"
      }
    ],
    "price": {
      "basePrice": 14.99,
      "discountPrice": 14.99
    },
    "type": {
      "code": "Laundry Detergent",
      "desc": "Laundry Detergent"
    },
    "weight": "92 fl oz",
    "UpcCode": "",
    "tax": 1.0,
    "spiceLevel": "",
    "aiselNo": "15",
    "store": "Market Basket",
    "weightType": "92 fl oz",
    "imageName": "No Image.jpg",
    "defaultImage": "No Image.jpg",
    "updatedTimestamp": "Jan 23, 2021 8:02:30 PM",
    "createdTimestamp": "Jan 23, 2021 8:02:30 PM",
    "isNewlyAdded": false,
    "isActive": true,
    "isDealsEnabled": false,
    "quantity": 0
  },
  {
    "id": 4022,
    "code": "Greenhouse Tomatoes",
    "desc": "Greenhouse Tomatoes",
    "shortDesc": "Greenhouse Tomatoes",
    "tags": [
      "Tomato"
    ],
    "categories": [
      {
        "code": "Fresh Produce",
        "desc": "Fresh Produce"
      }
    ],
    "subCategories": [
      {
        "code": "Fresh Vegetables",
        "desc": "Fresh Vegetables"
      }
    ],
    "brands": [
      {
        "code": "Market Basket",
        "desc": "Market Basket"
      }
    ],
    "price": {
      "basePrice": 1.64,
      "discountPrice": 1.64
    },
    "type": {
      "code": "Tomato",
      "desc": "Tomato"
    },
    "weight": "1 lb",
    "UpcCode": "",
    "tax": 0.0,
    "spiceLevel": "",
    "aiselNo": "20",
    "store": "Market Basket",
    "weightType": "1 lb",
    "imageName": "Market Basket.jpg",
    "defaultImage": "Market Basket.jpg",
    "updatedTimestamp": "Jan 23, 2021 8:02:30 PM",
    "createdTimestamp": "Jan 23, 2021 8:02:30 PM",
    "isNewlyAdded": false,
    "isActive": true,
    "isDealsEnabled": false,
    "quantity": 0
  },
  {
    "id": 14822,
    "code": "White Rain Ocean Mist Moisturizing Shampoo",
    "desc": "White Rain Ocean Mist Moisturizing Shampoo",
    "shortDesc": "White Rain Ocean Mist Moisturizing Shampoo",
    "tags": [
      "Hair Care"
    ],
    "categories": [
      {
        "code": "Personal Care",
        "desc": "Personal Care"
      }
    ],
    "subCategories": [
      {
        "code": "Body Wash, Soap & Hair Care",
        "desc": "Body Wash, Soap & Hair Care"
      }
    ],
    "brands": [
      {
        "code": "White Rain",
        "desc": "White Rain"
      }
    ],
    "price": {
      "basePrice": 1.48,
      "discountPrice": 1.48
    },
    "type": {
      "code": "Hair Care",
      "desc": "Hair Care"
    },
    "weight": "15 fl oz",
    "UpcCode": "",
    "tax": 1.0,
    "spiceLevel": "",
    "aiselNo": "13",
    "store": "Market Basket",
    "weightType": "15 fl oz",
    "imageName": "6604.jpg",
    "defaultImage": "6604.jpg",
    "updatedTimestamp": "Jan 23, 2021 8:02:30 PM",
    "createdTimestamp": "Jan 23, 2021 8:02:30 PM",
    "isNewlyAdded": false,
    "isActive": true,
    "isDealsEnabled": false,
    "quantity": 0
  },
  {
    "id": 8653,
    "code": "Mrs. Renfro's Jalapeno Peppers Nacho Sliced",
    "desc": "Mrs. Renfro's Jalapeno Peppers Nacho Sliced",
    "shortDesc": "Mrs. Renfro's Jalapeno Peppers Nacho Sliced",
    "tags": [
      "Pickled Goods & Olives"
    ],
    "categories": [
      {
        "code": "Condiments & Dressings",
        "desc": "Condiments & Dressings"
      }
    ],
    "subCategories": [
      {
        "code": "Pickled Goods & Olives",
        "desc": "Pickled Goods & Olives"
      }
    ],
    "brands": [
      {
        "code": "Mrs. Renfro's",
        "desc": "Mrs. Renfro's"
      }
    ],
    "price": {
      "basePrice": 3.69,
      "discountPrice": 3.69
    },
    "type": {
      "code": "Pickled Goods & Olives",
      "desc": "Pickled Goods & Olives"
    },
    "weight": "16 oz",
    "UpcCode": "",
    "tax": 0.0,
    "spiceLevel": "",
    "aiselNo": "2",
    "store": "Market Basket",
    "weightType": "16 oz",
    "imageName": "15531.jpg",
    "defaultImage": "15531.jpg",
    "updatedTimestamp": "Jan 23, 2021 8:02:30 PM",
    "createdTimestamp": "Jan 23, 2021 8:02:30 PM",
    "isNewlyAdded": false,
    "isActive": true,
    "isDealsEnabled": false,
    "quantity": 0
  },
  {
    "id": 9894,
    "code": "Market Basket Yellow Turnips",
    "desc": "Market Basket Yellow Turnips",
    "shortDesc": "Market Basket Yellow Turnips",
    "tags": [
      "Frozen Produce"
    ],
    "categories": [
      {
        "code": "Frozen Food",
        "desc": "Frozen Food"
      }
    ],
    "subCategories": [
      {
        "code": "Frozen Produce",
        "desc": "Frozen Produce"
      }
    ],
    "brands": [
      {
        "code": "Market Basket",
        "desc": "Market Basket"
      }
    ],
    "price": {
      "basePrice": 1.59,
      "discountPrice": 1.59
    },
    "type": {
      "code": "Frozen Produce",
      "desc": "Frozen Produce"
    },
    "weight": "20 oz",
    "UpcCode": "",
    "tax": 0.0,
    "spiceLevel": "",
    "aiselNo": "19",
    "store": "Market Basket",
    "weightType": "20 oz",
    "imageName": "Market Basket.jpg",
    "defaultImage": "Market Basket.jpg",
    "updatedTimestamp": "Jan 23, 2021 8:02:30 PM",
    "createdTimestamp": "Jan 23, 2021 8:02:30 PM",
    "isNewlyAdded": false,
    "isActive": true,
    "isDealsEnabled": false,
    "quantity": 0
  },
  {
    "id": 230,
    "code": "Ajax Bleach Alternative Grapefruit Dish Liquid",
    "desc": "Ajax Bleach Alternative Grapefruit Dish Liquid",
    "shortDesc": "Ajax Bleach Alternative Grapefruit Dish Liquid",
    "tags": [
      "Dish Liquid"
    ],
    "categories": [
      {
        "code": "Kitchen & Cleaning",
        "desc": "Kitchen & Cleaning"
      }
    ],
    "subCategories": [
      {
        "code": "Dish Detergents",
        "desc": "Dish Detergents"
      }
    ],
    "brands": [
      {
        "code": "Ajax",
        "desc": "Ajax"
      }
    ],
    "price": {
      "basePrice": 2.49,
      "discountPrice": 2.49
    },
    "type": {
      "code": "Dish Liquid",
      "desc": "Dish Liquid"
    },
    "weight": "30 fl oz",
    "UpcCode": "",
    "tax": 1.0,
    "spiceLevel": "",
    "aiselNo": "15",
    "store": "Market Basket",
    "weightType": "30 fl oz",
    "imageName": "4374.jpg",
    "defaultImage": "4374.jpg",
    "updatedTimestamp": "Jan 23, 2021 8:02:30 PM",
    "createdTimestamp": "Jan 23, 2021 8:02:30 PM",
    "isNewlyAdded": false,
    "isActive": true,
    "isDealsEnabled": false,
    "quantity": 0
  },
  {
    "id": 6031,
    "code": "Red Bull Orange Edition - Tangerine",
    "desc": "Red Bull Orange Edition - Tangerine",
    "shortDesc": "Red Bull Orange Edition - Tangerine",
    "tags": [
      "Energy & Sports Drinks"
    ],
    "categories": [
      {
        "code": "Beverages & Juices",
        "desc": "Beverages & Juices"
      }
    ],
    "subCategories": [
      {
        "code": "Energy & Sports Drinks",
        "desc": "Energy & Sports Drinks"
      }
    ],
    "brands": [
      {
        "code": "Red Bull",
        "desc": "Red Bull"
      }
    ],
    "price": {
      "basePrice": 3.13,
      "discountPrice": 3.13
    },
    "type": {
      "code": "Energy & Sports Drinks",
      "desc": "Energy & Sports Drinks"
    },
    "weight": "12 fl oz",
    "UpcCode": "",
    "tax": 0.0,
    "spiceLevel": "",
    "aiselNo": "17",
    "store": "Market Basket",
    "weightType": "12 fl oz",
    "imageName": "No Image.jpg",
    "defaultImage": "No Image.jpg",
    "updatedTimestamp": "Jan 23, 2021 8:02:29 PM",
    "createdTimestamp": "Jan 23, 2021 8:02:29 PM",
    "isNewlyAdded": false,
    "isActive": true,
    "isDealsEnabled": false,
    "quantity": 0
  },
  {
    "id": 6480,
    "code": "River Queen Spanish Peanuts",
    "desc": "River Queen Spanish Peanuts",
    "shortDesc": "River Queen Spanish Peanuts",
    "tags": [
      "Nuts, Seeds & Dried Fruit"
    ],
    "categories": [
      {
        "code": "Chips, Cookies & Snacks",
        "desc": "Chips, Cookies & Snacks"
      }
    ],
    "subCategories": [
      {
        "code": "Nuts, Seeds & Dried Fruit",
        "desc": "Nuts, Seeds & Dried Fruit"
      }
    ],
    "brands": [
      {
        "code": "River Queen",
        "desc": "River Queen"
      }
    ],
    "price": {
      "basePrice": 2.5,
      "discountPrice": 2.5
    },
    "type": {
      "code": "Nuts, Seeds & Dried Fruit",
      "desc": "Nuts, Seeds & Dried Fruit"
    },
    "weight": "13 oz",
    "UpcCode": "",
    "tax": 0.0,
    "spiceLevel": "",
    "aiselNo": "6",
    "store": "Market Basket",
    "weightType": "13 oz",
    "imageName": "No Image.jpg",
    "defaultImage": "No Image.jpg",
    "updatedTimestamp": "Jan 23, 2021 8:02:30 PM",
    "createdTimestamp": "Jan 23, 2021 8:02:30 PM",
    "isNewlyAdded": false,
    "isActive": true,
    "isDealsEnabled": false,
    "quantity": 0
  },
  {
    "id": 7985,
    "code": "Campbell's Tomato Family Size Condensed Soup",
    "desc": "Campbell's Tomato Family Size Condensed Soup",
    "shortDesc": "Campbell's Tomato Family Size Condensed Soup",
    "tags": [
      "Soup, Broth & Bouillon"
    ],
    "categories": [
      {
        "code": "Cooking Needs",
        "desc": "Cooking Needs"
      }
    ],
    "subCategories": [
      {
        "code": "Canned Food",
        "desc": "Canned Food"
      }
    ],
    "brands": [
      {
        "code": "Campbell's",
        "desc": "Campbell's"
      }
    ],
    "price": {
      "basePrice": 2.79,
      "discountPrice": 2.79
    },
    "type": {
      "code": "Soup, Broth & Bouillon",
      "desc": "Soup, Broth & Bouillon"
    },
    "weight": "26 oz",
    "UpcCode": "",
    "tax": 0.0,
    "spiceLevel": "",
    "aiselNo": "2",
    "store": "Market Basket",
    "weightType": "26 oz",
    "imageName": "17191.jpg",
    "defaultImage": "17191.jpg",
    "updatedTimestamp": "Jan 23, 2021 8:02:30 PM",
    "createdTimestamp": "Jan 23, 2021 8:02:30 PM",
    "isNewlyAdded": false,
    "isActive": true,
    "isDealsEnabled": false,
    "quantity": 0
  },
  {
    "id": 5132,
    "code": "Pepperidge Farm Pumpkin Spiced Cookies",
    "desc": "Pepperidge Farm Pumpkin Spiced Cookies",
    "shortDesc": "Pepperidge Farm Pumpkin Spiced Cookies",
    "tags": [
      "Cookies & Cakes"
    ],
    "categories": [
      {
        "code": "Chips, Cookies & Snacks",
        "desc": "Chips, Cookies & Snacks"
      }
    ],
    "subCategories": [
      {
        "code": "Cookies & Crackers",
        "desc": "Cookies & Crackers"
      }
    ],
    "brands": [
      {
        "code": "Pepperidge Farm",
        "desc": "Pepperidge Farm"
      }
    ],
    "price": {
      "basePrice": 4.69,
      "discountPrice": 4.69
    },
    "type": {
      "code": "Cookies & Cakes",
      "desc": "Cookies & Cakes"
    },
    "weight": "7 oz",
    "UpcCode": "",
    "tax": 0.0,
    "spiceLevel": "",
    "aiselNo": "6",
    "store": "Market Basket",
    "weightType": "7 oz",
    "imageName": "No Image.jpg",
    "defaultImage": "No Image.jpg",
    "updatedTimestamp": "Jan 23, 2021 8:02:30 PM",
    "createdTimestamp": "Jan 23, 2021 8:02:30 PM",
    "isNewlyAdded": false,
    "isActive": true,
    "isDealsEnabled": false,
    "quantity": 0
  },
  {
    "id": 15182,
    "code": "Crest Complete Toothpaste, Minty Fresh",
    "desc": "Crest Complete Toothpaste, Minty Fresh",
    "shortDesc": "Crest Complete Toothpaste, Minty Fresh",
    "tags": [
      "Oral Hygiene"
    ],
    "categories": [
      {
        "code": "Personal Care",
        "desc": "Personal Care"
      }
    ],
    "subCategories": [
      {
        "code": "Personal Needs",
        "desc": "Personal Needs"
      }
    ],
    "brands": [
      {
        "code": "Crest",
        "desc": "Crest"
      }
    ],
    "price": {
      "basePrice": 2.52,
      "discountPrice": 2.52
    },
    "type": {
      "code": "Oral Hygiene",
      "desc": "Oral Hygiene"
    },
    "weight": "2.7 oz",
    "UpcCode": "",
    "tax": 1.0,
    "spiceLevel": "",
    "aiselNo": "13",
    "store": "Market Basket",
    "weightType": "2.7 oz",
    "imageName": "18150.jpg",
    "defaultImage": "18150.jpg",
    "updatedTimestamp": "Jan 23, 2021 8:02:30 PM",
    "createdTimestamp": "Jan 23, 2021 8:02:30 PM",
    "isNewlyAdded": false,
    "isActive": true,
    "isDealsEnabled": false,
    "quantity": 0
  },
  {
    "id": 6334,
    "code": "Polar Ruby Red Grapefruit Seltzer",
    "desc": "Polar Ruby Red Grapefruit Seltzer",
    "shortDesc": "Polar Ruby Red Grapefruit Seltzer",
    "tags": [
      "Seltzer"
    ],
    "categories": [
      {
        "code": "Beverages & Juices",
        "desc": "Beverages & Juices"
      }
    ],
    "subCategories": [
      {
        "code": "Soft Drinks & Seltzers",
        "desc": "Soft Drinks & Seltzers"
      }
    ],
    "brands": [
      {
        "code": "Polar",
        "desc": "Polar"
      }
    ],
    "price": {
      "basePrice": 1.24,
      "discountPrice": 1.24
    },
    "type": {
      "code": "Seltzer",
      "desc": "Seltzer"
    },
    "weight": "2 L",
    "UpcCode": "",
    "tax": 0.0,
    "spiceLevel": "",
    "aiselNo": "11",
    "store": "Market Basket",
    "weightType": "2 L",
    "imageName": "No Image.jpg",
    "defaultImage": "No Image.jpg",
    "updatedTimestamp": "Jan 23, 2021 8:02:30 PM",
    "createdTimestamp": "Jan 23, 2021 8:02:30 PM",
    "isNewlyAdded": false,
    "isActive": true,
    "isDealsEnabled": false,
    "quantity": 0
  },
  {
    "id": 4549,
    "code": "Market Basket Shaved Pastrami",
    "desc": "Market Basket Shaved Pastrami",
    "shortDesc": "Market Basket Shaved Pastrami",
    "tags": [
      "Other Meat"
    ],
    "categories": [
      {
        "code": "Meat & Seafood",
        "desc": "Meat & Seafood"
      }
    ],
    "subCategories": [
      {
        "code": "Lunch Meat",
        "desc": "Lunch Meat"
      }
    ],
    "brands": [
      {
        "code": "Market Basket",
        "desc": "Market Basket"
      }
    ],
    "price": {
      "basePrice": 10.99,
      "discountPrice": 10.99
    },
    "type": {
      "code": "Other Meat",
      "desc": "Other Meat"
    },
    "weight": "16 oz",
    "UpcCode": "",
    "tax": 0.0,
    "spiceLevel": "",
    "aiselNo": "22",
    "store": "Market Basket",
    "weightType": "16 oz",
    "imageName": "Market Basket.jpg",
    "defaultImage": "Market Basket.jpg",
    "updatedTimestamp": "Jan 23, 2021 8:02:30 PM",
    "createdTimestamp": "Jan 23, 2021 8:02:30 PM",
    "isNewlyAdded": false,
    "isActive": true,
    "isDealsEnabled": false,
    "quantity": 0
  },
  {
    "id": 5137,
    "code": "Pepperidge Farm Verona Cherry",
    "desc": "Pepperidge Farm Verona Cherry",
    "shortDesc": "Pepperidge Farm Verona Cherry",
    "tags": [
      "Cookies & Cakes"
    ],
    "categories": [
      {
        "code": "Chips, Cookies & Snacks",
        "desc": "Chips, Cookies & Snacks"
      }
    ],
    "subCategories": [
      {
        "code": "Cookies & Crackers",
        "desc": "Cookies & Crackers"
      }
    ],
    "brands": [
      {
        "code": "Pepperidge Farm",
        "desc": "Pepperidge Farm"
      }
    ],
    "price": {
      "basePrice": 4.69,
      "discountPrice": 4.69
    },
    "type": {
      "code": "Cookies & Cakes",
      "desc": "Cookies & Cakes"
    },
    "weight": "6.75 oz",
    "UpcCode": "",
    "tax": 0.0,
    "spiceLevel": "",
    "aiselNo": "6",
    "store": "Market Basket",
    "weightType": "6.75 oz",
    "imageName": "No Image.jpg",
    "defaultImage": "No Image.jpg",
    "updatedTimestamp": "Jan 23, 2021 8:02:30 PM",
    "createdTimestamp": "Jan 23, 2021 8:02:30 PM",
    "isNewlyAdded": false,
    "isActive": true,
    "isDealsEnabled": false,
    "quantity": 0
  },
  {
    "id": 7061,
    "code": "California Olive Ranch Destination Series Everyday Extra Virgin Olive Oil",
    "desc": "California Olive Ranch Destination Series Everyday Extra Virgin Olive Oil",
    "shortDesc": "California Olive Ranch Destination Series Everyday Extra Virgin Olive Oil",
    "tags": [
      "Oils & Vinegars"
    ],
    "categories": [
      {
        "code": "Cooking Needs",
        "desc": "Cooking Needs"
      }
    ],
    "subCategories": [
      {
        "code": "Oils & Vinegars",
        "desc": "Oils & Vinegars"
      }
    ],
    "brands": [
      {
        "code": "Calfornia Olive Ranch",
        "desc": "Calfornia Olive Ranch"
      }
    ],
    "price": {
      "basePrice": 12.19,
      "discountPrice": 12.19
    },
    "type": {
      "code": "Oils & Vinegars",
      "desc": "Oils & Vinegars"
    },
    "weight": "25.4 fl oz",
    "UpcCode": "",
    "tax": 0.0,
    "spiceLevel": "",
    "aiselNo": "2",
    "store": "Market Basket",
    "weightType": "25.4 fl oz",
    "imageName": "15486.jpg",
    "defaultImage": "15486.jpg",
    "updatedTimestamp": "Jan 23, 2021 8:02:30 PM",
    "createdTimestamp": "Jan 23, 2021 8:02:30 PM",
    "isNewlyAdded": false,
    "isActive": true,
    "isDealsEnabled": false,
    "quantity": 0
  },
  {
    "id": 5022,
    "code": "Wise Onion & Garlic Flavored Potato Chips",
    "desc": "Wise Onion & Garlic Flavored Potato Chips",
    "shortDesc": "Wise Onion & Garlic Flavored Potato Chips",
    "tags": [
      "Chips & Pretzels"
    ],
    "categories": [
      {
        "code": "Chips, Cookies & Snacks",
        "desc": "Chips, Cookies & Snacks"
      }
    ],
    "subCategories": [
      {
        "code": "Chips & Fruit Snacks",
        "desc": "Chips & Fruit Snacks"
      }
    ],
    "brands": [
      {
        "code": "Wise",
        "desc": "Wise"
      }
    ],
    "price": {
      "basePrice": 4.69,
      "discountPrice": 4.69
    },
    "type": {
      "code": "Chips & Pretzels",
      "desc": "Chips & Pretzels"
    },
    "weight": "8.75 oz",
    "UpcCode": "",
    "tax": 0.0,
    "spiceLevel": "",
    "aiselNo": "0",
    "store": "Market Basket",
    "weightType": "8.75 oz",
    "imageName": "941.jpg",
    "defaultImage": "941.jpg",
    "updatedTimestamp": "Jan 23, 2021 8:02:30 PM",
    "createdTimestamp": "Jan 23, 2021 8:02:30 PM",
    "isNewlyAdded": false,
    "isActive": true,
    "isDealsEnabled": false,
    "quantity": 0
  },
  {
    "id": 232,
    "code": "Ajax Super Degreaser Dish Liquid Lemon",
    "desc": "Ajax Super Degreaser Dish Liquid Lemon",
    "shortDesc": "Ajax Super Degreaser Dish Liquid Lemon",
    "tags": [
      "Dish Liquid"
    ],
    "categories": [
      {
        "code": "Kitchen & Cleaning",
        "desc": "Kitchen & Cleaning"
      }
    ],
    "subCategories": [
      {
        "code": "Dish Detergents",
        "desc": "Dish Detergents"
      }
    ],
    "brands": [
      {
        "code": "Ajax",
        "desc": "Ajax"
      }
    ],
    "price": {
      "basePrice": 1.29,
      "discountPrice": 1.29
    },
    "type": {
      "code": "Dish Liquid",
      "desc": "Dish Liquid"
    },
    "weight": "12.6 fl oz",
    "UpcCode": "",
    "tax": 1.0,
    "spiceLevel": "",
    "aiselNo": "15",
    "store": "Market Basket",
    "weightType": "12.6 fl oz",
    "imageName": "4373.jpg",
    "defaultImage": "4373.jpg",
    "updatedTimestamp": "Jan 23, 2021 8:02:30 PM",
    "createdTimestamp": "Jan 23, 2021 8:02:30 PM",
    "isNewlyAdded": false,
    "isActive": true,
    "isDealsEnabled": false,
    "quantity": 0
  },
  {
    "id": 15009,
    "code": "Arrid Aerosol Antiperspirant Deodorant Ultra Fresh",
    "desc": "Arrid Aerosol Antiperspirant Deodorant Ultra Fresh",
    "shortDesc": "Arrid Aerosol Antiperspirant Deodorant Ultra Fresh",
    "tags": [
      "Deodorants"
    ],
    "categories": [
      {
        "code": "Personal Care",
        "desc": "Personal Care"
      }
    ],
    "subCategories": [
      {
        "code": "Personal Needs",
        "desc": "Personal Needs"
      }
    ],
    "brands": [
      {
        "code": "Arrid",
        "desc": "Arrid"
      }
    ],
    "price": {
      "basePrice": 6.2,
      "discountPrice": 6.2
    },
    "type": {
      "code": "Deodorants",
      "desc": "Deodorants"
    },
    "weight": "6 oz",
    "UpcCode": "",
    "tax": 1.0,
    "spiceLevel": "",
    "aiselNo": "13",
    "store": "Market Basket",
    "weightType": "6 oz",
    "imageName": "17697.jpg",
    "defaultImage": "17697.jpg",
    "updatedTimestamp": "Jan 23, 2021 8:02:30 PM",
    "createdTimestamp": "Jan 23, 2021 8:02:30 PM",
    "isNewlyAdded": false,
    "isActive": true,
    "isDealsEnabled": false,
    "quantity": 0
  },
  {
    "id": 4193,
    "code": "Perdue Whole Roaster Chicken",
    "desc": "Perdue Whole Roaster Chicken",
    "shortDesc": "Perdue Whole Roaster Chicken",
    "tags": [
      "Chicken"
    ],
    "categories": [
      {
        "code": "Meat & Seafood",
        "desc": "Meat & Seafood"
      }
    ],
    "subCategories": [
      {
        "code": "Packaged Meat & Seafood",
        "desc": "Packaged Meat & Seafood"
      }
    ],
    "brands": [
      {
        "code": "Perdue",
        "desc": "Perdue"
      }
    ],
    "price": {
      "basePrice": 8.45,
      "discountPrice": 8.45
    },
    "type": {
      "code": "Chicken",
      "desc": "Chicken"
    },
    "weight": "Approx: 5.00 lb at $1.69/lb",
    "UpcCode": "",
    "tax": 0.0,
    "spiceLevel": "",
    "aiselNo": "22",
    "store": "Market Basket",
    "weightType": "Approx: 5.00 lb at $1.69/lb",
    "imageName": "No Image.jpg",
    "defaultImage": "No Image.jpg",
    "updatedTimestamp": "Jan 23, 2021 8:02:30 PM",
    "createdTimestamp": "Jan 23, 2021 8:02:30 PM",
    "isNewlyAdded": false,
    "isActive": true,
    "isDealsEnabled": false,
    "quantity": 0
  },
  {
    "id": 6990,
    "code": "Jell O Sugar Free Strawberry Instant Gelatin Mix",
    "desc": "Jell O Sugar Free Strawberry Instant Gelatin Mix",
    "shortDesc": "Jell O Sugar Free Strawberry Instant Gelatin Mix",
    "tags": [
      "Doughs, Gelatins & Bake Mixes"
    ],
    "categories": [
      {
        "code": "Cooking Needs",
        "desc": "Cooking Needs"
      }
    ],
    "subCategories": [
      {
        "code": "Baking & Cooking",
        "desc": "Baking & Cooking"
      }
    ],
    "brands": [
      {
        "code": "Jell-O",
        "desc": "Jell-O"
      }
    ],
    "price": {
      "basePrice": 1.09,
      "discountPrice": 1.09
    },
    "type": {
      "code": "Doughs, Gelatins & Bake Mixes",
      "desc": "Doughs, Gelatins & Bake Mixes"
    },
    "weight": "0.3 oz",
    "UpcCode": "",
    "tax": 0.0,
    "spiceLevel": "",
    "aiselNo": "8",
    "store": "Market Basket",
    "weightType": "0.3 oz",
    "imageName": "2047.jpg",
    "defaultImage": "2047.jpg",
    "updatedTimestamp": "Jan 23, 2021 8:02:30 PM",
    "createdTimestamp": "Jan 23, 2021 8:02:30 PM",
    "isNewlyAdded": false,
    "isActive": true,
    "isDealsEnabled": false,
    "quantity": 0
  },
  {
    "id": 14869,
    "code": "Answer Early Value Pack Pregnancy Test",
    "desc": "Answer Early Value Pack Pregnancy Test",
    "shortDesc": "Answer Early Value Pack Pregnancy Test",
    "tags": [
      "Family Planning"
    ],
    "categories": [
      {
        "code": "Personal Care",
        "desc": "Personal Care"
      }
    ],
    "subCategories": [
      {
        "code": "Personal Needs",
        "desc": "Personal Needs"
      }
    ],
    "brands": [
      {
        "code": "Answer",
        "desc": "Answer"
      }
    ],
    "price": {
      "basePrice": 14.02,
      "discountPrice": 14.02
    },
    "type": {
      "code": "Family Planning",
      "desc": "Family Planning"
    },
    "weight": "2 count",
    "UpcCode": "",
    "tax": 1.0,
    "spiceLevel": "",
    "aiselNo": "13",
    "store": "Market Basket",
    "weightType": "2 count",
    "imageName": "6751.jpg",
    "defaultImage": "6751.jpg",
    "updatedTimestamp": "Jan 23, 2021 8:02:30 PM",
    "createdTimestamp": "Jan 23, 2021 8:02:30 PM",
    "isNewlyAdded": false,
    "isActive": true,
    "isDealsEnabled": false,
    "quantity": 0
  },
  {
    "id": 7918,
    "code": "Superior Touch Beef Base",
    "desc": "Superior Touch Beef Base",
    "shortDesc": "Superior Touch Beef Base",
    "tags": [
      "Soup, Broth & Bouillon"
    ],
    "categories": [
      {
        "code": "Cooking Needs",
        "desc": "Cooking Needs"
      }
    ],
    "subCategories": [
      {
        "code": "Canned Food",
        "desc": "Canned Food"
      }
    ],
    "brands": [
      {
        "code": "Better Than Bouillon",
        "desc": "Better Than Bouillon"
      }
    ],
    "price": {
      "basePrice": 4.89,
      "discountPrice": 4.89
    },
    "type": {
      "code": "Soup, Broth & Bouillon",
      "desc": "Soup, Broth & Bouillon"
    },
    "weight": "8 oz",
    "UpcCode": "",
    "tax": 0.0,
    "spiceLevel": "",
    "aiselNo": "2",
    "store": "Market Basket",
    "weightType": "8 oz",
    "imageName": "17213.jpg",
    "defaultImage": "17213.jpg",
    "updatedTimestamp": "Jan 23, 2021 8:02:30 PM",
    "createdTimestamp": "Jan 23, 2021 8:02:30 PM",
    "isNewlyAdded": false,
    "isActive": true,
    "isDealsEnabled": false,
    "quantity": 0
  },
  {
    "id": 10403,
    "code": "Goya Beans Black",
    "desc": "Goya Beans Black",
    "shortDesc": "Goya Beans Black",
    "tags": [
      "Canned Food"
    ],
    "categories": [
      {
        "code": "Cooking Needs",
        "desc": "Cooking Needs"
      }
    ],
    "subCategories": [
      {
        "code": "Canned Food",
        "desc": "Canned Food"
      }
    ],
    "brands": [
      {
        "code": "Goya",
        "desc": "Goya"
      }
    ],
    "price": {
      "basePrice": 6.69,
      "discountPrice": 6.69
    },
    "type": {
      "code": "Canned Food",
      "desc": "Canned Food"
    },
    "weight": "4 lb",
    "UpcCode": "",
    "tax": 0.0,
    "spiceLevel": "",
    "aiselNo": "7",
    "store": "Market Basket",
    "weightType": "4 lb",
    "imageName": "5828.jpg",
    "defaultImage": "5828.jpg",
    "updatedTimestamp": "Jan 23, 2021 8:02:30 PM",
    "createdTimestamp": "Jan 23, 2021 8:02:30 PM",
    "isNewlyAdded": false,
    "isActive": true,
    "isDealsEnabled": false,
    "quantity": 0
  },
  {
    "id": 9221,
    "code": "New York Bakery Texas Toast with Real Garlic",
    "desc": "New York Bakery Texas Toast with Real Garlic",
    "shortDesc": "New York Bakery Texas Toast with Real Garlic",
    "tags": [
      "Frozen Appetizers & Sides"
    ],
    "categories": [
      {
        "code": "Frozen Food",
        "desc": "Frozen Food"
      }
    ],
    "subCategories": [
      {
        "code": "Frozen Dinners & Entrees",
        "desc": "Frozen Dinners & Entrees"
      }
    ],
    "brands": [],
    "price": {
      "basePrice": 2.69,
      "discountPrice": 2.69
    },
    "type": {
      "code": "Frozen Appetizers & Sides",
      "desc": "Frozen Appetizers & Sides"
    },
    "weight": "8 x 11.25 oz",
    "UpcCode": "",
    "tax": 0.0,
    "spiceLevel": "",
    "aiselNo": "18",
    "store": "Market Basket",
    "weightType": "8 x 11.25 oz",
    "imageName": "2623.jpg",
    "defaultImage": "2623.jpg",
    "updatedTimestamp": "Jan 23, 2021 8:02:29 PM",
    "createdTimestamp": "Jan 23, 2021 8:02:29 PM",
    "isNewlyAdded": false,
    "isActive": true,
    "isDealsEnabled": false,
    "quantity": 0
  },
  {
    "id": 3514,
    "code": "Organic Stoplight Pepper",
    "desc": "Organic Stoplight Pepper",
    "shortDesc": "Organic Stoplight Pepper",
    "tags": [
      "Pepper"
    ],
    "categories": [
      {
        "code": "Fresh Produce",
        "desc": "Fresh Produce"
      }
    ],
    "subCategories": [
      {
        "code": "Fresh Organic Vegetables",
        "desc": "Fresh Organic Vegetables"
      }
    ],
    "brands": [
      {
        "code": "Market Basket",
        "desc": "Market Basket"
      }
    ],
    "price": {
      "basePrice": 7.14,
      "discountPrice": 7.14
    },
    "type": {
      "code": "Pepper",
      "desc": "Pepper"
    },
    "weight": "1 bag(s)",
    "UpcCode": "",
    "tax": 0.0,
    "spiceLevel": "",
    "aiselNo": "20",
    "store": "Market Basket",
    "weightType": "1 bag(s)",
    "imageName": "f133.jpg",
    "defaultImage": "f133.jpg",
    "updatedTimestamp": "Jan 23, 2021 8:02:30 PM",
    "createdTimestamp": "Jan 23, 2021 8:02:30 PM",
    "isNewlyAdded": false,
    "isActive": true,
    "isDealsEnabled": false,
    "quantity": 0
  },
  {
    "id": 9780,
    "code": "Birds Eye Steamfresh Roasted Red Potatoes with Chive Butter Sauce Vegetables",
    "desc": "Birds Eye Steamfresh Roasted Red Potatoes with Chive Butter Sauce Vegetables",
    "shortDesc": "Birds Eye Steamfresh Roasted Red Potatoes with Chive Butter Sauce Vegetables",
    "tags": [
      "Frozen Produce"
    ],
    "categories": [
      {
        "code": "Frozen Food",
        "desc": "Frozen Food"
      }
    ],
    "subCategories": [
      {
        "code": "Frozen Produce",
        "desc": "Frozen Produce"
      }
    ],
    "brands": [
      {
        "code": "Birds Eye",
        "desc": "Birds Eye"
      }
    ],
    "price": {
      "basePrice": 2.49,
      "discountPrice": 2.49
    },
    "type": {
      "code": "Frozen Produce",
      "desc": "Frozen Produce"
    },
    "weight": "12 oz",
    "UpcCode": "",
    "tax": 0.0,
    "spiceLevel": "",
    "aiselNo": "19",
    "store": "Market Basket",
    "weightType": "12 oz",
    "imageName": "2462.jpg",
    "defaultImage": "2462.jpg",
    "updatedTimestamp": "Jan 23, 2021 8:02:30 PM",
    "createdTimestamp": "Jan 23, 2021 8:02:30 PM",
    "isNewlyAdded": false,
    "isActive": true,
    "isDealsEnabled": false,
    "quantity": 0
  },
  {
    "id": 13547,
    "code": "Cabot Creamery Vermont Style Cottage Cheese With Vitamin D",
    "desc": "Cabot Creamery Vermont Style Cottage Cheese With Vitamin D",
    "shortDesc": "Cabot Creamery Vermont Style Cottage Cheese With Vitamin D",
    "tags": [
      "Other Creams & Cheeses"
    ],
    "categories": [
      {
        "code": "Breakfast & Dairy",
        "desc": "Breakfast & Dairy"
      }
    ],
    "subCategories": [
      {
        "code": "Dairy & Eggs",
        "desc": "Dairy & Eggs"
      }
    ],
    "brands": [
      {
        "code": "Cabot Creamery",
        "desc": "Cabot Creamery"
      }
    ],
    "price": {
      "basePrice": 2.49,
      "discountPrice": 2.49
    },
    "type": {
      "code": "Other Creams & Cheeses",
      "desc": "Other Creams & Cheeses"
    },
    "weight": "1 lb",
    "UpcCode": "",
    "tax": 0.0,
    "spiceLevel": "",
    "aiselNo": "1",
    "store": "Market Basket",
    "weightType": "1 lb",
    "imageName": "696.jpg",
    "defaultImage": "696.jpg",
    "updatedTimestamp": "Jan 23, 2021 8:02:30 PM",
    "createdTimestamp": "Jan 23, 2021 8:02:30 PM",
    "isNewlyAdded": false,
    "isActive": true,
    "isDealsEnabled": false,
    "quantity": 0
  },
  {
    "id": 9365,
    "code": "Sara Lee Cheesecake Strawberry",
    "desc": "Sara Lee Cheesecake Strawberry",
    "shortDesc": "Sara Lee Cheesecake Strawberry",
    "tags": [
      "Frozen Dessert"
    ],
    "categories": [
      {
        "code": "Frozen Food",
        "desc": "Frozen Food"
      }
    ],
    "subCategories": [
      {
        "code": "Frozen Dessert",
        "desc": "Frozen Dessert"
      }
    ],
    "brands": [
      {
        "code": "Sara Lee",
        "desc": "Sara Lee"
      }
    ],
    "price": {
      "basePrice": 6.09,
      "discountPrice": 6.09
    },
    "type": {
      "code": "Frozen Dessert",
      "desc": "Frozen Dessert"
    },
    "weight": "19 oz",
    "UpcCode": "",
    "tax": 0.0,
    "spiceLevel": "",
    "aiselNo": "19",
    "store": "Market Basket",
    "weightType": "19 oz",
    "imageName": "2978.jpg",
    "defaultImage": "2978.jpg",
    "updatedTimestamp": "Jan 23, 2021 8:02:30 PM",
    "createdTimestamp": "Jan 23, 2021 8:02:30 PM",
    "isNewlyAdded": false,
    "isActive": true,
    "isDealsEnabled": false,
    "quantity": 0
  },
  {
    "id": 3988,
    "code": "Watercress Bunch",
    "desc": "Watercress Bunch",
    "shortDesc": "Watercress Bunch",
    "tags": [
      "Speciality Produce"
    ],
    "categories": [
      {
        "code": "Fresh Produce",
        "desc": "Fresh Produce"
      }
    ],
    "subCategories": [
      {
        "code": "Fresh Vegetables",
        "desc": "Fresh Vegetables"
      }
    ],
    "brands": [
      {
        "code": "Market Basket",
        "desc": "Market Basket"
      }
    ],
    "price": {
      "basePrice": 2.17,
      "discountPrice": 2.17
    },
    "type": {
      "code": "Speciality Produce",
      "desc": "Speciality Produce"
    },
    "weight": "1 bunch",
    "UpcCode": "",
    "tax": 0.0,
    "spiceLevel": "",
    "aiselNo": "20",
    "store": "Market Basket",
    "weightType": "1 bunch",
    "imageName": "14388.jpg",
    "defaultImage": "14388.jpg",
    "updatedTimestamp": "Jan 23, 2021 8:02:30 PM",
    "createdTimestamp": "Jan 23, 2021 8:02:30 PM",
    "isNewlyAdded": false,
    "isActive": true,
    "isDealsEnabled": false,
    "quantity": 0
  },
  {
    "id": 7824,
    "code": "Bumble Bee Premium Select Fancy Smoked Oysters",
    "desc": "Bumble Bee Premium Select Fancy Smoked Oysters",
    "shortDesc": "Bumble Bee Premium Select Fancy Smoked Oysters",
    "tags": [
      "Canned Meat & Seafood"
    ],
    "categories": [
      {
        "code": "Cooking Needs",
        "desc": "Cooking Needs"
      }
    ],
    "subCategories": [
      {
        "code": "Canned Food",
        "desc": "Canned Food"
      }
    ],
    "brands": [
      {
        "code": "Bumble Bee",
        "desc": "Bumble Bee"
      }
    ],
    "price": {
      "basePrice": 2.49,
      "discountPrice": 2.49
    },
    "type": {
      "code": "Canned Meat & Seafood",
      "desc": "Canned Meat & Seafood"
    },
    "weight": "3.75 oz",
    "UpcCode": "",
    "tax": 0.0,
    "spiceLevel": "",
    "aiselNo": "2",
    "store": "Market Basket",
    "weightType": "3.75 oz",
    "imageName": "5189.jpg",
    "defaultImage": "5189.jpg",
    "updatedTimestamp": "Jan 23, 2021 8:02:30 PM",
    "createdTimestamp": "Jan 23, 2021 8:02:30 PM",
    "isNewlyAdded": false,
    "isActive": true,
    "isDealsEnabled": false,
    "quantity": 0
  },
  {
    "id": 7907,
    "code": "Amy's Organic Soups Vegetable Barley Low Fat",
    "desc": "Amy's Organic Soups Vegetable Barley Low Fat",
    "shortDesc": "Amy's Organic Soups Vegetable Barley Low Fat",
    "tags": [
      "Soup, Broth & Bouillon"
    ],
    "categories": [
      {
        "code": "Cooking Needs",
        "desc": "Cooking Needs"
      }
    ],
    "subCategories": [
      {
        "code": "Canned Food",
        "desc": "Canned Food"
      }
    ],
    "brands": [
      {
        "code": "Amy's",
        "desc": "Amy's"
      }
    ],
    "price": {
      "basePrice": 3.69,
      "discountPrice": 3.69
    },
    "type": {
      "code": "Soup, Broth & Bouillon",
      "desc": "Soup, Broth & Bouillon"
    },
    "weight": "14.1 oz",
    "UpcCode": "",
    "tax": 0.0,
    "spiceLevel": "",
    "aiselNo": "2",
    "store": "Market Basket",
    "weightType": "14.1 oz",
    "imageName": "17257.jpg",
    "defaultImage": "17257.jpg",
    "updatedTimestamp": "Jan 23, 2021 8:02:30 PM",
    "createdTimestamp": "Jan 23, 2021 8:02:30 PM",
    "isNewlyAdded": false,
    "isActive": true,
    "isDealsEnabled": false,
    "quantity": 0
  },
  {
    "id": 7991,
    "code": "College Inn Fat Free & Lower Sodium Broth Chicken",
    "desc": "College Inn Fat Free & Lower Sodium Broth Chicken",
    "shortDesc": "College Inn Fat Free & Lower Sodium Broth Chicken",
    "tags": [
      "Soup, Broth & Bouillon"
    ],
    "categories": [
      {
        "code": "Cooking Needs",
        "desc": "Cooking Needs"
      }
    ],
    "subCategories": [
      {
        "code": "Canned Food",
        "desc": "Canned Food"
      }
    ],
    "brands": [
      {
        "code": "College Inn",
        "desc": "College Inn"
      }
    ],
    "price": {
      "basePrice": 3.69,
      "discountPrice": 3.69
    },
    "type": {
      "code": "Soup, Broth & Bouillon",
      "desc": "Soup, Broth & Bouillon"
    },
    "weight": "48 oz",
    "UpcCode": "",
    "tax": 0.0,
    "spiceLevel": "",
    "aiselNo": "2",
    "store": "Market Basket",
    "weightType": "48 oz",
    "imageName": "5390.jpg",
    "defaultImage": "5390.jpg",
    "updatedTimestamp": "Jan 23, 2021 8:02:30 PM",
    "createdTimestamp": "Jan 23, 2021 8:02:30 PM",
    "isNewlyAdded": false,
    "isActive": true,
    "isDealsEnabled": false,
    "quantity": 0
  },
  {
    "id": 15044,
    "code": "Right Guard Xtreme Defense 5 Antiperspirant Arctic Refresh",
    "desc": "Right Guard Xtreme Defense 5 Antiperspirant Arctic Refresh",
    "shortDesc": "Right Guard Xtreme Defense 5 Antiperspirant Arctic Refresh",
    "tags": [
      "Deodorants"
    ],
    "categories": [
      {
        "code": "Personal Care",
        "desc": "Personal Care"
      }
    ],
    "subCategories": [
      {
        "code": "Personal Needs",
        "desc": "Personal Needs"
      }
    ],
    "brands": [
      {
        "code": "Right Guard",
        "desc": "Right Guard"
      }
    ],
    "price": {
      "basePrice": 6.08,
      "discountPrice": 6.08
    },
    "type": {
      "code": "Deodorants",
      "desc": "Deodorants"
    },
    "weight": "4 oz",
    "UpcCode": "",
    "tax": 1.0,
    "spiceLevel": "",
    "aiselNo": "13",
    "store": "Market Basket",
    "weightType": "4 oz",
    "imageName": "6328.jpg",
    "defaultImage": "6328.jpg",
    "updatedTimestamp": "Jan 23, 2021 8:02:30 PM",
    "createdTimestamp": "Jan 23, 2021 8:02:30 PM",
    "isNewlyAdded": false,
    "isActive": true,
    "isDealsEnabled": false,
    "quantity": 0
  },
  {
    "id": 8146,
    "code": "Wolfgang Puck Organic Hearty Garden Vegetable Soup",
    "desc": "Wolfgang Puck Organic Hearty Garden Vegetable Soup",
    "shortDesc": "Wolfgang Puck Organic Hearty Garden Vegetable Soup",
    "tags": [
      "Soup, Broth & Bouillon"
    ],
    "categories": [
      {
        "code": "Cooking Needs",
        "desc": "Cooking Needs"
      }
    ],
    "subCategories": [
      {
        "code": "Canned Food",
        "desc": "Canned Food"
      }
    ],
    "brands": [
      {
        "code": "Wolfgang Puck",
        "desc": "Wolfgang Puck"
      }
    ],
    "price": {
      "basePrice": 3.49,
      "discountPrice": 3.49
    },
    "type": {
      "code": "Soup, Broth & Bouillon",
      "desc": "Soup, Broth & Bouillon"
    },
    "weight": "14.5 oz",
    "UpcCode": "",
    "tax": 0.0,
    "spiceLevel": "",
    "aiselNo": "2",
    "store": "Market Basket",
    "weightType": "14.5 oz",
    "imageName": "17202.jpg",
    "defaultImage": "17202.jpg",
    "updatedTimestamp": "Jan 23, 2021 8:02:30 PM",
    "createdTimestamp": "Jan 23, 2021 8:02:30 PM",
    "isNewlyAdded": false,
    "isActive": true,
    "isDealsEnabled": false,
    "quantity": 0
  },
  {
    "id": 5690,
    "code": "Market Basket Organic Trek Mix",
    "desc": "Market Basket Organic Trek Mix",
    "shortDesc": "Market Basket Organic Trek Mix",
    "tags": [
      "Trail Mix & Snack Mix"
    ],
    "categories": [
      {
        "code": "Chips, Cookies & Snacks",
        "desc": "Chips, Cookies & Snacks"
      }
    ],
    "subCategories": [
      {
        "code": "Nuts, Seeds & Dried Fruit",
        "desc": "Nuts, Seeds & Dried Fruit"
      }
    ],
    "brands": [
      {
        "code": "Market Basket",
        "desc": "Market Basket"
      }
    ],
    "price": {
      "basePrice": 6.09,
      "discountPrice": 6.09
    },
    "type": {
      "code": "Trail Mix & Snack Mix",
      "desc": "Trail Mix & Snack Mix"
    },
    "weight": "11 oz",
    "UpcCode": "",
    "tax": 0.0,
    "spiceLevel": "",
    "aiselNo": "21",
    "store": "Market Basket",
    "weightType": "11 oz",
    "imageName": "Market Basket.jpg",
    "defaultImage": "Market Basket.jpg",
    "updatedTimestamp": "Jan 23, 2021 8:02:30 PM",
    "createdTimestamp": "Jan 23, 2021 8:02:30 PM",
    "isNewlyAdded": false,
    "isActive": true,
    "isDealsEnabled": false,
    "quantity": 0
  },
  {
    "id": 4115,
    "code": "Springer All Natural Whole Chicken",
    "desc": "Springer All Natural Whole Chicken",
    "shortDesc": "Springer All Natural Whole Chicken",
    "tags": [
      "Chicken"
    ],
    "categories": [
      {
        "code": "Meat & Seafood",
        "desc": "Meat & Seafood"
      }
    ],
    "subCategories": [
      {
        "code": "Meat & Seafood Counter",
        "desc": "Meat & Seafood Counter"
      }
    ],
    "brands": [
      {
        "code": "Springer",
        "desc": "Springer"
      }
    ],
    "price": {
      "basePrice": 57.95,
      "discountPrice": 57.95
    },
    "type": {
      "code": "Chicken",
      "desc": "Chicken"
    },
    "weight": "Approx: 5.04 lb at $11.5/lb",
    "UpcCode": "",
    "tax": 0.0,
    "spiceLevel": "",
    "aiselNo": "22",
    "store": "Market Basket",
    "weightType": "Approx: 5.04 lb at $11.5/lb",
    "imageName": "No Image.jpg",
    "defaultImage": "No Image.jpg",
    "updatedTimestamp": "Jan 23, 2021 8:02:30 PM",
    "createdTimestamp": "Jan 23, 2021 8:02:30 PM",
    "isNewlyAdded": false,
    "isActive": true,
    "isDealsEnabled": false,
    "quantity": 0
  },
  {
    "id": 5357,
    "code": "Nabisco Barnum's Animals Crackers 12 Packs",
    "desc": "Nabisco Barnum's Animals Crackers 12 Packs",
    "shortDesc": "Nabisco Barnum's Animals Crackers 12 Packs",
    "tags": [
      "Crackers"
    ],
    "categories": [
      {
        "code": "Chips, Cookies & Snacks",
        "desc": "Chips, Cookies & Snacks"
      }
    ],
    "subCategories": [
      {
        "code": "Cookies & Crackers",
        "desc": "Cookies & Crackers"
      }
    ],
    "brands": [
      {
        "code": "Nabisco",
        "desc": "Nabisco"
      }
    ],
    "price": {
      "basePrice": 6.23,
      "discountPrice": 6.23
    },
    "type": {
      "code": "Crackers",
      "desc": "Crackers"
    },
    "weight": "12 x 1 oz",
    "UpcCode": "",
    "tax": 0.0,
    "spiceLevel": "",
    "aiselNo": "6",
    "store": "Market Basket",
    "weightType": "12 x 1 oz",
    "imageName": "No Image.jpg",
    "defaultImage": "No Image.jpg",
    "updatedTimestamp": "Jan 23, 2021 8:02:30 PM",
    "createdTimestamp": "Jan 23, 2021 8:02:30 PM",
    "isNewlyAdded": false,
    "isActive": true,
    "isDealsEnabled": false,
    "quantity": 0
  },
  {
    "id": 6831,
    "code": "Eagle Brand Borden Condensed Milk, Sweetened, Can",
    "desc": "Eagle Brand Borden Condensed Milk, Sweetened, Can",
    "shortDesc": "Eagle Brand Borden Condensed Milk, Sweetened, Can",
    "tags": [
      "Baking Ingredients"
    ],
    "categories": [
      {
        "code": "Cooking Needs",
        "desc": "Cooking Needs"
      }
    ],
    "subCategories": [
      {
        "code": "Baking & Cooking",
        "desc": "Baking & Cooking"
      }
    ],
    "brands": [
      {
        "code": "Eagle Brand",
        "desc": "Eagle Brand"
      }
    ],
    "price": {
      "basePrice": 3.09,
      "discountPrice": 3.09
    },
    "type": {
      "code": "Baking Ingredients",
      "desc": "Baking Ingredients"
    },
    "weight": "14 oz",
    "UpcCode": "",
    "tax": 0.0,
    "spiceLevel": "",
    "aiselNo": "8",
    "store": "Market Basket",
    "weightType": "14 oz",
    "imageName": "15696.jpg",
    "defaultImage": "15696.jpg",
    "updatedTimestamp": "Jan 23, 2021 8:02:30 PM",
    "createdTimestamp": "Jan 23, 2021 8:02:30 PM",
    "isNewlyAdded": false,
    "isActive": true,
    "isDealsEnabled": false,
    "quantity": 0
  },
  {
    "id": 10101,
    "code": "Hood Ice Cream New England Creamery Down East Double Chocolate Brownie",
    "desc": "Hood Ice Cream New England Creamery Down East Double Chocolate Brownie",
    "shortDesc": "Hood Ice Cream New England Creamery Down East Double Chocolate Brownie",
    "tags": [
      "Ice Cream & Ice"
    ],
    "categories": [
      {
        "code": "Frozen Food",
        "desc": "Frozen Food"
      }
    ],
    "subCategories": [
      {
        "code": "Ice Cream & Ice",
        "desc": "Ice Cream & Ice"
      }
    ],
    "brands": [
      {
        "code": "Hood",
        "desc": "Hood"
      }
    ],
    "price": {
      "basePrice": 3.69,
      "discountPrice": 3.69
    },
    "type": {
      "code": "Ice Cream & Ice",
      "desc": "Ice Cream & Ice"
    },
    "weight": "1.5 quart",
    "UpcCode": "",
    "tax": 0.0,
    "spiceLevel": "",
    "aiselNo": "21",
    "store": "Market Basket",
    "weightType": "1.5 quart",
    "imageName": "3106.jpg",
    "defaultImage": "3106.jpg",
    "updatedTimestamp": "Jan 23, 2021 8:02:30 PM",
    "createdTimestamp": "Jan 23, 2021 8:02:30 PM",
    "isNewlyAdded": false,
    "isActive": true,
    "isDealsEnabled": false,
    "quantity": 0
  },
  {
    "id": 8613,
    "code": "Goya Capers Nonpareilles",
    "desc": "Goya Capers Nonpareilles",
    "shortDesc": "Goya Capers Nonpareilles",
    "tags": [
      "Pickled Goods & Olives"
    ],
    "categories": [
      {
        "code": "Condiments & Dressings",
        "desc": "Condiments & Dressings"
      }
    ],
    "subCategories": [
      {
        "code": "Pickled Goods & Olives",
        "desc": "Pickled Goods & Olives"
      }
    ],
    "brands": [
      {
        "code": "Goya",
        "desc": "Goya"
      }
    ],
    "price": {
      "basePrice": 3.29,
      "discountPrice": 3.29
    },
    "type": {
      "code": "Pickled Goods & Olives",
      "desc": "Pickled Goods & Olives"
    },
    "weight": "2.5 oz",
    "UpcCode": "",
    "tax": 0.0,
    "spiceLevel": "",
    "aiselNo": "7",
    "store": "Market Basket",
    "weightType": "2.5 oz",
    "imageName": "1877.jpg",
    "defaultImage": "1877.jpg",
    "updatedTimestamp": "Jan 23, 2021 8:02:30 PM",
    "createdTimestamp": "Jan 23, 2021 8:02:30 PM",
    "isNewlyAdded": false,
    "isActive": true,
    "isDealsEnabled": false,
    "quantity": 0
  },
  {
    "id": 15008,
    "code": "Arm & Hammer Ultra Max Antiperspirant Deodorant Unscented",
    "desc": "Arm & Hammer Ultra Max Antiperspirant Deodorant Unscented",
    "shortDesc": "Arm & Hammer Ultra Max Antiperspirant Deodorant Unscented",
    "tags": [
      "Deodorants"
    ],
    "categories": [
      {
        "code": "Personal Care",
        "desc": "Personal Care"
      }
    ],
    "subCategories": [
      {
        "code": "Personal Needs",
        "desc": "Personal Needs"
      }
    ],
    "brands": [
      {
        "code": "Arm & Hammer",
        "desc": "Arm & Hammer"
      }
    ],
    "price": {
      "basePrice": 4.82,
      "discountPrice": 4.82
    },
    "type": {
      "code": "Deodorants",
      "desc": "Deodorants"
    },
    "weight": "2.6 oz",
    "UpcCode": "",
    "tax": 1.0,
    "spiceLevel": "",
    "aiselNo": "13",
    "store": "Market Basket",
    "weightType": "2.6 oz",
    "imageName": "6319.jpg",
    "defaultImage": "6319.jpg",
    "updatedTimestamp": "Jan 23, 2021 8:02:30 PM",
    "createdTimestamp": "Jan 23, 2021 8:02:30 PM",
    "isNewlyAdded": false,
    "isActive": true,
    "isDealsEnabled": false,
    "quantity": 0
  },
  {
    "id": 15323,
    "code": "Flintstones Children's Complete Chewable Multivitamin",
    "desc": "Flintstones Children's Complete Chewable Multivitamin",
    "shortDesc": "Flintstones Children's Complete Chewable Multivitamin",
    "tags": [
      "Vitamins & Supplements"
    ],
    "categories": [
      {
        "code": "Personal Care",
        "desc": "Personal Care"
      }
    ],
    "subCategories": [
      {
        "code": "Vitamins & Proteins",
        "desc": "Vitamins & Proteins"
      }
    ],
    "brands": [
      {
        "code": "Flintstones",
        "desc": "Flintstones"
      }
    ],
    "price": {
      "basePrice": 12.29,
      "discountPrice": 12.29
    },
    "type": {
      "code": "Vitamins & Supplements",
      "desc": "Vitamins & Supplements"
    },
    "weight": "60 count",
    "UpcCode": "",
    "tax": 1.0,
    "spiceLevel": "",
    "aiselNo": "13",
    "store": "Market Basket",
    "weightType": "60 count",
    "imageName": "6713.jpg",
    "defaultImage": "6713.jpg",
    "updatedTimestamp": "Jan 23, 2021 8:02:30 PM",
    "createdTimestamp": "Jan 23, 2021 8:02:30 PM",
    "isNewlyAdded": false,
    "isActive": true,
    "isDealsEnabled": false,
    "quantity": 0
  },
  {
    "id": 6172,
    "code": "Pepsi Wild Cherry",
    "desc": "Pepsi Wild Cherry",
    "shortDesc": "Pepsi Wild Cherry",
    "tags": [
      "Soft Drinks"
    ],
    "categories": [
      {
        "code": "Beverages & Juices",
        "desc": "Beverages & Juices"
      }
    ],
    "subCategories": [
      {
        "code": "Soft Drinks & Seltzers",
        "desc": "Soft Drinks & Seltzers"
      }
    ],
    "brands": [
      {
        "code": "Pepsi",
        "desc": "Pepsi"
      }
    ],
    "price": {
      "basePrice": 4.38,
      "discountPrice": 4.38
    },
    "type": {
      "code": "Soft Drinks",
      "desc": "Soft Drinks"
    },
    "weight": "6 x 7.5 fl oz",
    "UpcCode": "",
    "tax": 0.0,
    "spiceLevel": "",
    "aiselNo": "17",
    "store": "Market Basket",
    "weightType": "6 x 7.5 fl oz",
    "imageName": "16653.jpg",
    "defaultImage": "16653.jpg",
    "updatedTimestamp": "Jan 23, 2021 8:02:30 PM",
    "createdTimestamp": "Jan 23, 2021 8:02:30 PM",
    "isNewlyAdded": false,
    "isActive": true,
    "isDealsEnabled": false,
    "quantity": 0
  },
  {
    "id": 7327,
    "code": "McCormick Mild Chili Seasoning Mix",
    "desc": "McCormick Mild Chili Seasoning Mix",
    "shortDesc": "McCormick Mild Chili Seasoning Mix",
    "tags": [
      "Spices & Seasonings"
    ],
    "categories": [
      {
        "code": "Cooking Needs",
        "desc": "Cooking Needs"
      }
    ],
    "subCategories": [
      {
        "code": "Spices & Seasonings",
        "desc": "Spices & Seasonings"
      }
    ],
    "brands": [
      {
        "code": "McCormick",
        "desc": "McCormick"
      }
    ],
    "price": {
      "basePrice": 0.99,
      "discountPrice": 0.99
    },
    "type": {
      "code": "Spices & Seasonings",
      "desc": "Spices & Seasonings"
    },
    "weight": "1.25 oz",
    "UpcCode": "",
    "tax": 0.0,
    "spiceLevel": "",
    "aiselNo": "9",
    "store": "Market Basket",
    "weightType": "1.25 oz",
    "imageName": "2126.jpg",
    "defaultImage": "2126.jpg",
    "updatedTimestamp": "Jan 23, 2021 8:02:30 PM",
    "createdTimestamp": "Jan 23, 2021 8:02:30 PM",
    "isNewlyAdded": false,
    "isActive": true,
    "isDealsEnabled": false,
    "quantity": 0
  },
  {
    "id": 10407,
    "code": "Goya Chick Peas",
    "desc": "Goya Chick Peas",
    "shortDesc": "Goya Chick Peas",
    "tags": [
      "Canned Food"
    ],
    "categories": [
      {
        "code": "Cooking Needs",
        "desc": "Cooking Needs"
      }
    ],
    "subCategories": [
      {
        "code": "Canned Food",
        "desc": "Canned Food"
      }
    ],
    "brands": [
      {
        "code": "Goya",
        "desc": "Goya"
      }
    ],
    "price": {
      "basePrice": 2.99,
      "discountPrice": 2.99
    },
    "type": {
      "code": "Canned Food",
      "desc": "Canned Food"
    },
    "weight": "16 oz",
    "UpcCode": "",
    "tax": 0.0,
    "spiceLevel": "",
    "aiselNo": "7",
    "store": "Market Basket",
    "weightType": "16 oz",
    "imageName": "17434.jpg",
    "defaultImage": "17434.jpg",
    "updatedTimestamp": "Jan 23, 2021 8:02:30 PM",
    "createdTimestamp": "Jan 23, 2021 8:02:30 PM",
    "isNewlyAdded": false,
    "isActive": true,
    "isDealsEnabled": false,
    "quantity": 0
  },
  {
    "id": 15078,
    "code": "Re Nu Clean, Disinfects, Rinses and Stores Soft Contact Lenses",
    "desc": "Re Nu Clean, Disinfects, Rinses and Stores Soft Contact Lenses",
    "shortDesc": "Re Nu Clean, Disinfects, Rinses and Stores Soft Contact Lenses",
    "tags": [
      "Eye & Ear Care"
    ],
    "categories": [
      {
        "code": "Personal Care",
        "desc": "Personal Care"
      }
    ],
    "subCategories": [
      {
        "code": "Personal Needs",
        "desc": "Personal Needs"
      }
    ],
    "brands": [
      {
        "code": "Re Nu",
        "desc": "Re Nu"
      }
    ],
    "price": {
      "basePrice": 6.77,
      "discountPrice": 6.77
    },
    "type": {
      "code": "Eye & Ear Care",
      "desc": "Eye & Ear Care"
    },
    "weight": "4 fl oz",
    "UpcCode": "",
    "tax": 1.0,
    "spiceLevel": "",
    "aiselNo": "13",
    "store": "Market Basket",
    "weightType": "4 fl oz",
    "imageName": "17795.jpg",
    "defaultImage": "17795.jpg",
    "updatedTimestamp": "Jan 23, 2021 8:02:30 PM",
    "createdTimestamp": "Jan 23, 2021 8:02:30 PM",
    "isNewlyAdded": false,
    "isActive": true,
    "isDealsEnabled": false,
    "quantity": 0
  },
  {
    "id": 13883,
    "code": "Good Karma Flaxmilk Original vanilla",
    "desc": "Good Karma Flaxmilk Original vanilla",
    "shortDesc": "Good Karma Flaxmilk Original vanilla",
    "tags": [
      "Soy & Lactose-Free"
    ],
    "categories": [
      {
        "code": "Breakfast & Dairy",
        "desc": "Breakfast & Dairy"
      }
    ],
    "subCategories": [
      {
        "code": "Dairy & Eggs",
        "desc": "Dairy & Eggs"
      }
    ],
    "brands": [
      {
        "code": "Good Karma",
        "desc": "Good Karma"
      }
    ],
    "price": {
      "basePrice": 3.09,
      "discountPrice": 3.09
    },
    "type": {
      "code": "Soy & Lactose-Free",
      "desc": "Soy & Lactose-Free"
    },
    "weight": "0.5 gal",
    "UpcCode": "",
    "tax": 0.0,
    "spiceLevel": "",
    "aiselNo": "1",
    "store": "Market Basket",
    "weightType": "0.5 gal",
    "imageName": "14805.jpg",
    "defaultImage": "14805.jpg",
    "updatedTimestamp": "Jan 23, 2021 8:02:30 PM",
    "createdTimestamp": "Jan 23, 2021 8:02:30 PM",
    "isNewlyAdded": false,
    "isActive": true,
    "isDealsEnabled": false,
    "quantity": 0
  },
  {
    "id": 14611,
    "code": "Stash Tea Herbal Tea Chamomile",
    "desc": "Stash Tea Herbal Tea Chamomile",
    "shortDesc": "Stash Tea Herbal Tea Chamomile",
    "tags": [
      "Tea"
    ],
    "categories": [
      {
        "code": "Breakfast & Dairy",
        "desc": "Breakfast & Dairy"
      }
    ],
    "subCategories": [
      {
        "code": "Tea & Coffee",
        "desc": "Tea & Coffee"
      }
    ],
    "brands": [
      {
        "code": "Stash Tea",
        "desc": "Stash Tea"
      }
    ],
    "price": {
      "basePrice": 3.69,
      "discountPrice": 3.69
    },
    "type": {
      "code": "Tea",
      "desc": "Tea"
    },
    "weight": "20 count",
    "UpcCode": "",
    "tax": 0.0,
    "spiceLevel": "",
    "aiselNo": "8",
    "store": "Market Basket",
    "weightType": "20 count",
    "imageName": "16310.jpg",
    "defaultImage": "16310.jpg",
    "updatedTimestamp": "Jan 23, 2021 8:02:30 PM",
    "createdTimestamp": "Jan 23, 2021 8:02:30 PM",
    "isNewlyAdded": false,
    "isActive": true,
    "isDealsEnabled": false,
    "quantity": 0
  },
  {
    "id": 7956,
    "code": "Campbell's Condensed Campbell's Condensed Healthy Request Cheddar Cheese Soup",
    "desc": "Campbell's Condensed Campbell's Condensed Healthy Request Cheddar Cheese Soup",
    "shortDesc": "Campbell's Condensed Campbell's Condensed Healthy Request Cheddar Cheese Soup",
    "tags": [
      "Soup, Broth & Bouillon"
    ],
    "categories": [
      {
        "code": "Cooking Needs",
        "desc": "Cooking Needs"
      }
    ],
    "subCategories": [
      {
        "code": "Canned Food",
        "desc": "Canned Food"
      }
    ],
    "brands": [
      {
        "code": "Campbell's",
        "desc": "Campbell's"
      }
    ],
    "price": {
      "basePrice": 2.09,
      "discountPrice": 2.09
    },
    "type": {
      "code": "Soup, Broth & Bouillon",
      "desc": "Soup, Broth & Bouillon"
    },
    "weight": "10.75 oz",
    "UpcCode": "",
    "tax": 0.0,
    "spiceLevel": "",
    "aiselNo": "2",
    "store": "Market Basket",
    "weightType": "10.75 oz",
    "imageName": "5316.jpg",
    "defaultImage": "5316.jpg",
    "updatedTimestamp": "Jan 23, 2021 8:02:30 PM",
    "createdTimestamp": "Jan 23, 2021 8:02:30 PM",
    "isNewlyAdded": false,
    "isActive": true,
    "isDealsEnabled": false,
    "quantity": 0
  },
  {
    "id": 10064,
    "code": "Haagen dazs Chocolate Ice Cream",
    "desc": "Haagen dazs Chocolate Ice Cream",
    "shortDesc": "Haagen dazs Chocolate Ice Cream",
    "tags": [
      "Ice Cream & Ice"
    ],
    "categories": [
      {
        "code": "Frozen Food",
        "desc": "Frozen Food"
      }
    ],
    "subCategories": [
      {
        "code": "Ice Cream & Ice",
        "desc": "Ice Cream & Ice"
      }
    ],
    "brands": [
      {
        "code": "Haagen-dazs",
        "desc": "Haagen-dazs"
      }
    ],
    "price": {
      "basePrice": 1.29,
      "discountPrice": 1.29
    },
    "type": {
      "code": "Ice Cream & Ice",
      "desc": "Ice Cream & Ice"
    },
    "weight": "3.6 fl oz",
    "UpcCode": "",
    "tax": 0.0,
    "spiceLevel": "",
    "aiselNo": "21",
    "store": "Market Basket",
    "weightType": "3.6 fl oz",
    "imageName": "3075.jpg",
    "defaultImage": "3075.jpg",
    "updatedTimestamp": "Jan 23, 2021 8:02:30 PM",
    "createdTimestamp": "Jan 23, 2021 8:02:30 PM",
    "isNewlyAdded": false,
    "isActive": true,
    "isDealsEnabled": false,
    "quantity": 0
  },
  {
    "id": 7520,
    "code": "Market Basket Peas And Diced Carrots",
    "desc": "Market Basket Peas And Diced Carrots",
    "shortDesc": "Market Basket Peas And Diced Carrots",
    "tags": [
      "Canned & Jarred Vegetables"
    ],
    "categories": [
      {
        "code": "Cooking Needs",
        "desc": "Cooking Needs"
      }
    ],
    "subCategories": [
      {
        "code": "Canned Food",
        "desc": "Canned Food"
      }
    ],
    "brands": [
      {
        "code": "Market Basket",
        "desc": "Market Basket"
      }
    ],
    "price": {
      "basePrice": 0.99,
      "discountPrice": 0.99
    },
    "type": {
      "code": "Canned & Jarred Vegetables",
      "desc": "Canned & Jarred Vegetables"
    },
    "weight": "14.5 oz",
    "UpcCode": "",
    "tax": 0.0,
    "spiceLevel": "",
    "aiselNo": "9",
    "store": "Market Basket",
    "weightType": "14.5 oz",
    "imageName": "Market Basket.jpg",
    "defaultImage": "Market Basket.jpg",
    "updatedTimestamp": "Jan 23, 2021 8:02:30 PM",
    "createdTimestamp": "Jan 23, 2021 8:02:30 PM",
    "isNewlyAdded": false,
    "isActive": true,
    "isDealsEnabled": false,
    "quantity": 0
  },
  {
    "id": 8749,
    "code": "Market Basket Corn And Bean Mild Salsa",
    "desc": "Market Basket Corn And Bean Mild Salsa",
    "shortDesc": "Market Basket Corn And Bean Mild Salsa",
    "tags": [
      "Preserved Dips & Salsa"
    ],
    "categories": [
      {
        "code": "Condiments & Dressings",
        "desc": "Condiments & Dressings"
      }
    ],
    "subCategories": [
      {
        "code": "Preserved Dips & Spreads",
        "desc": "Preserved Dips & Spreads"
      }
    ],
    "brands": [
      {
        "code": "Market Basket",
        "desc": "Market Basket"
      }
    ],
    "price": {
      "basePrice": 2.19,
      "discountPrice": 2.19
    },
    "type": {
      "code": "Preserved Dips & Salsa",
      "desc": "Preserved Dips & Salsa"
    },
    "weight": "16 oz",
    "UpcCode": "",
    "tax": 0.0,
    "spiceLevel": "",
    "aiselNo": "1",
    "store": "Market Basket",
    "weightType": "16 oz",
    "imageName": "Market Basket.jpg",
    "defaultImage": "Market Basket.jpg",
    "updatedTimestamp": "Jan 23, 2021 8:02:30 PM",
    "createdTimestamp": "Jan 23, 2021 8:02:30 PM",
    "isNewlyAdded": false,
    "isActive": true,
    "isDealsEnabled": false,
    "quantity": 0
  },
  {
    "id": 15024,
    "code": "Degree Motionsense Antiperspirant Deodorant Sheer Powder",
    "desc": "Degree Motionsense Antiperspirant Deodorant Sheer Powder",
    "shortDesc": "Degree Motionsense Antiperspirant Deodorant Sheer Powder",
    "tags": [
      "Deodorants"
    ],
    "categories": [
      {
        "code": "Personal Care",
        "desc": "Personal Care"
      }
    ],
    "subCategories": [
      {
        "code": "Personal Needs",
        "desc": "Personal Needs"
      }
    ],
    "brands": [
      {
        "code": "Degree",
        "desc": "Degree"
      }
    ],
    "price": {
      "basePrice": 6.31,
      "discountPrice": 6.31
    },
    "type": {
      "code": "Deodorants",
      "desc": "Deodorants"
    },
    "weight": "2.6 oz",
    "UpcCode": "",
    "tax": 1.0,
    "spiceLevel": "",
    "aiselNo": "13",
    "store": "Market Basket",
    "weightType": "2.6 oz",
    "imageName": "6323.jpg",
    "defaultImage": "6323.jpg",
    "updatedTimestamp": "Jan 23, 2021 8:02:30 PM",
    "createdTimestamp": "Jan 23, 2021 8:02:30 PM",
    "isNewlyAdded": false,
    "isActive": true,
    "isDealsEnabled": false,
    "quantity": 0
  },
  {
    "id": 7259,
    "code": "McCormick California Style Garlic Powder With Parsley Coarse Grind Blend",
    "desc": "McCormick California Style Garlic Powder With Parsley Coarse Grind Blend",
    "shortDesc": "McCormick California Style Garlic Powder With Parsley Coarse Grind Blend",
    "tags": [
      "Spices & Seasonings"
    ],
    "categories": [
      {
        "code": "Cooking Needs",
        "desc": "Cooking Needs"
      }
    ],
    "subCategories": [
      {
        "code": "Spices & Seasonings",
        "desc": "Spices & Seasonings"
      }
    ],
    "brands": [
      {
        "code": "McCormick",
        "desc": "McCormick"
      }
    ],
    "price": {
      "basePrice": 3.69,
      "discountPrice": 3.69
    },
    "type": {
      "code": "Spices & Seasonings",
      "desc": "Spices & Seasonings"
    },
    "weight": "3 oz",
    "UpcCode": "",
    "tax": 0.0,
    "spiceLevel": "",
    "aiselNo": "9",
    "store": "Market Basket",
    "weightType": "3 oz",
    "imageName": "15638.jpg",
    "defaultImage": "15638.jpg",
    "updatedTimestamp": "Jan 23, 2021 8:02:30 PM",
    "createdTimestamp": "Jan 23, 2021 8:02:30 PM",
    "isNewlyAdded": false,
    "isActive": true,
    "isDealsEnabled": false,
    "quantity": 0
  },
  {
    "id": 14720,
    "code": "Aussie Mega Hairspray Flexible Hold",
    "desc": "Aussie Mega Hairspray Flexible Hold",
    "shortDesc": "Aussie Mega Hairspray Flexible Hold",
    "tags": [
      "Hair Care"
    ],
    "categories": [
      {
        "code": "Personal Care",
        "desc": "Personal Care"
      }
    ],
    "subCategories": [
      {
        "code": "Body Wash, Soap & Hair Care",
        "desc": "Body Wash, Soap & Hair Care"
      }
    ],
    "brands": [
      {
        "code": "Aussie",
        "desc": "Aussie"
      }
    ],
    "price": {
      "basePrice": 5.62,
      "discountPrice": 5.62
    },
    "type": {
      "code": "Hair Care",
      "desc": "Hair Care"
    },
    "weight": "14 oz",
    "UpcCode": "",
    "tax": 1.0,
    "spiceLevel": "",
    "aiselNo": "13",
    "store": "Market Basket",
    "weightType": "14 oz",
    "imageName": "17820.jpg",
    "defaultImage": "17820.jpg",
    "updatedTimestamp": "Jan 23, 2021 8:02:30 PM",
    "createdTimestamp": "Jan 23, 2021 8:02:30 PM",
    "isNewlyAdded": false,
    "isActive": true,
    "isDealsEnabled": false,
    "quantity": 0
  },
  {
    "id": 14765,
    "code": "Market Basket Dry Scalp Dandruff Shampoo",
    "desc": "Market Basket Dry Scalp Dandruff Shampoo",
    "shortDesc": "Market Basket Dry Scalp Dandruff Shampoo",
    "tags": [
      "Hair Care"
    ],
    "categories": [
      {
        "code": "Personal Care",
        "desc": "Personal Care"
      }
    ],
    "subCategories": [
      {
        "code": "Body Wash, Soap & Hair Care",
        "desc": "Body Wash, Soap & Hair Care"
      }
    ],
    "brands": [
      {
        "code": "Market Basket",
        "desc": "Market Basket"
      }
    ],
    "price": {
      "basePrice": 3.55,
      "discountPrice": 3.55
    },
    "type": {
      "code": "Hair Care",
      "desc": "Hair Care"
    },
    "weight": "14.2 fl oz",
    "UpcCode": "",
    "tax": 1.0,
    "spiceLevel": "",
    "aiselNo": "13",
    "store": "Market Basket",
    "weightType": "14.2 fl oz",
    "imageName": "Market Basket.jpg",
    "defaultImage": "Market Basket.jpg",
    "updatedTimestamp": "Jan 23, 2021 8:02:30 PM",
    "createdTimestamp": "Jan 23, 2021 8:02:30 PM",
    "isNewlyAdded": false,
    "isActive": true,
    "isDealsEnabled": false,
    "quantity": 0
  },
  {
    "id": 9871,
    "code": "Market Basket Peas And Carrots",
    "desc": "Market Basket Peas And Carrots",
    "shortDesc": "Market Basket Peas And Carrots",
    "tags": [
      "Frozen Produce"
    ],
    "categories": [
      {
        "code": "Frozen Food",
        "desc": "Frozen Food"
      }
    ],
    "subCategories": [
      {
        "code": "Frozen Produce",
        "desc": "Frozen Produce"
      }
    ],
    "brands": [
      {
        "code": "Market Basket",
        "desc": "Market Basket"
      }
    ],
    "price": {
      "basePrice": 1.29,
      "discountPrice": 1.29
    },
    "type": {
      "code": "Frozen Produce",
      "desc": "Frozen Produce"
    },
    "weight": "16 oz",
    "UpcCode": "",
    "tax": 0.0,
    "spiceLevel": "",
    "aiselNo": "19",
    "store": "Market Basket",
    "weightType": "16 oz",
    "imageName": "Market Basket.jpg",
    "defaultImage": "Market Basket.jpg",
    "updatedTimestamp": "Jan 23, 2021 8:02:30 PM",
    "createdTimestamp": "Jan 23, 2021 8:02:30 PM",
    "isNewlyAdded": false,
    "isActive": true,
    "isDealsEnabled": false,
    "quantity": 0
  },
  {
    "id": 10200,
    "code": "Popsicle Ice Pops Disney Frozen Minis",
    "desc": "Popsicle Ice Pops Disney Frozen Minis",
    "shortDesc": "Popsicle Ice Pops Disney Frozen Minis",
    "tags": [
      "Ice Cream & Ice"
    ],
    "categories": [
      {
        "code": "Frozen Food",
        "desc": "Frozen Food"
      }
    ],
    "subCategories": [
      {
        "code": "Ice Cream & Ice",
        "desc": "Ice Cream & Ice"
      }
    ],
    "brands": [
      {
        "code": "Popsicle",
        "desc": "Popsicle"
      }
    ],
    "price": {
      "basePrice": 4.29,
      "discountPrice": 4.29
    },
    "type": {
      "code": "Ice Cream & Ice",
      "desc": "Ice Cream & Ice"
    },
    "weight": "18 x 2 fl oz",
    "UpcCode": "",
    "tax": 0.0,
    "spiceLevel": "",
    "aiselNo": "21",
    "store": "Market Basket",
    "weightType": "18 x 2 fl oz",
    "imageName": "17984.jpg",
    "defaultImage": "17984.jpg",
    "updatedTimestamp": "Jan 23, 2021 8:02:30 PM",
    "createdTimestamp": "Jan 23, 2021 8:02:30 PM",
    "isNewlyAdded": false,
    "isActive": true,
    "isDealsEnabled": false,
    "quantity": 0
  },
  {
    "id": 512,
    "code": "Market Basket Laundry Detergent OXI Fresh Scent",
    "desc": "Market Basket Laundry Detergent OXI Fresh Scent",
    "shortDesc": "Market Basket Laundry Detergent OXI Fresh Scent",
    "tags": [
      "Laundry Detergent"
    ],
    "categories": [
      {
        "code": "Laundry & Paper Goods",
        "desc": "Laundry & Paper Goods"
      }
    ],
    "subCategories": [
      {
        "code": "Laundry",
        "desc": "Laundry"
      }
    ],
    "brands": [
      {
        "code": "Market Basket",
        "desc": "Market Basket"
      }
    ],
    "price": {
      "basePrice": 3.74,
      "discountPrice": 3.74
    },
    "type": {
      "code": "Laundry Detergent",
      "desc": "Laundry Detergent"
    },
    "weight": "50 fl oz",
    "UpcCode": "",
    "tax": 1.0,
    "spiceLevel": "",
    "aiselNo": "15",
    "store": "Market Basket",
    "weightType": "50 fl oz",
    "imageName": "Market Basket.jpg",
    "defaultImage": "Market Basket.jpg",
    "updatedTimestamp": "Jan 23, 2021 8:02:30 PM",
    "createdTimestamp": "Jan 23, 2021 8:02:30 PM",
    "isNewlyAdded": false,
    "isActive": true,
    "isDealsEnabled": false,
    "quantity": 0
  },
  {
    "id": 6467,
    "code": "P3 Chipotle Peanuts, Sunflower Kernels, Original Beef Jerky",
    "desc": "P3 Chipotle Peanuts, Sunflower Kernels, Original Beef Jerky",
    "shortDesc": "P3 Chipotle Peanuts, Sunflower Kernels, Original Beef Jerky",
    "tags": [
      "Nuts, Seeds & Dried Fruit"
    ],
    "categories": [
      {
        "code": "Chips, Cookies & Snacks",
        "desc": "Chips, Cookies & Snacks"
      }
    ],
    "subCategories": [
      {
        "code": "Nuts, Seeds & Dried Fruit",
        "desc": "Nuts, Seeds & Dried Fruit"
      }
    ],
    "brands": [
      {
        "code": "P3 - Portable Protein Pack",
        "desc": "P3 - Portable Protein Pack"
      }
    ],
    "price": {
      "basePrice": 6.24,
      "discountPrice": 6.24
    },
    "type": {
      "code": "Nuts, Seeds & Dried Fruit",
      "desc": "Nuts, Seeds & Dried Fruit"
    },
    "weight": "5.4 oz",
    "UpcCode": "",
    "tax": 0.0,
    "spiceLevel": "",
    "aiselNo": "6",
    "store": "Market Basket",
    "weightType": "5.4 oz",
    "imageName": "No Image.jpg",
    "defaultImage": "No Image.jpg",
    "updatedTimestamp": "Jan 23, 2021 8:02:30 PM",
    "createdTimestamp": "Jan 23, 2021 8:02:30 PM",
    "isNewlyAdded": false,
    "isActive": true,
    "isDealsEnabled": false,
    "quantity": 0
  },
  {
    "id": 4322,
    "code": "Market Basket Pork Sirloin Mini Roast",
    "desc": "Market Basket Pork Sirloin Mini Roast",
    "shortDesc": "Market Basket Pork Sirloin Mini Roast",
    "tags": [
      "Pork"
    ],
    "categories": [
      {
        "code": "Meat & Seafood",
        "desc": "Meat & Seafood"
      }
    ],
    "subCategories": [
      {
        "code": "Meat & Seafood Counter",
        "desc": "Meat & Seafood Counter"
      }
    ],
    "brands": [
      {
        "code": "Market Basket",
        "desc": "Market Basket"
      }
    ],
    "price": {
      "basePrice": 5.58,
      "discountPrice": 5.58
    },
    "type": {
      "code": "Pork",
      "desc": "Pork"
    },
    "weight": "Approx: 2.00 lb at $2.79/lb",
    "UpcCode": "",
    "tax": 0.0,
    "spiceLevel": "",
    "aiselNo": "22",
    "store": "Market Basket",
    "weightType": "Approx: 2.00 lb at $2.79/lb",
    "imageName": "Market Basket.jpg",
    "defaultImage": "Market Basket.jpg",
    "updatedTimestamp": "Jan 23, 2021 8:02:30 PM",
    "createdTimestamp": "Jan 23, 2021 8:02:30 PM",
    "isNewlyAdded": false,
    "isActive": true,
    "isDealsEnabled": false,
    "quantity": 0
  },
  {
    "id": 15260,
    "code": "The Natural Dentist Stim-U Dent Plaque Removers Original Mint - 4 PK",
    "desc": "The Natural Dentist Stim-U Dent Plaque Removers Original Mint - 4 PK",
    "shortDesc": "The Natural Dentist Stim-U Dent Plaque Removers Original Mint - 4 PK",
    "tags": [
      "Oral Hygiene"
    ],
    "categories": [
      {
        "code": "Personal Care",
        "desc": "Personal Care"
      }
    ],
    "subCategories": [
      {
        "code": "Personal Needs",
        "desc": "Personal Needs"
      }
    ],
    "brands": [
      {
        "code": "The Natural Dentist",
        "desc": "The Natural Dentist"
      }
    ],
    "price": {
      "basePrice": 3.21,
      "discountPrice": 3.21
    },
    "type": {
      "code": "Oral Hygiene",
      "desc": "Oral Hygiene"
    },
    "weight": "4 count",
    "UpcCode": "",
    "tax": 1.0,
    "spiceLevel": "",
    "aiselNo": "13",
    "store": "Market Basket",
    "weightType": "4 count",
    "imageName": "17766.jpg",
    "defaultImage": "17766.jpg",
    "updatedTimestamp": "Jan 23, 2021 8:02:30 PM",
    "createdTimestamp": "Jan 23, 2021 8:02:30 PM",
    "isNewlyAdded": false,
    "isActive": true,
    "isDealsEnabled": false,
    "quantity": 0
  },
  {
    "id": 13830,
    "code": "Jell O Ready to Eat Strawberry Gelatin",
    "desc": "Jell O Ready to Eat Strawberry Gelatin",
    "shortDesc": "Jell O Ready to Eat Strawberry Gelatin",
    "tags": [
      "Refrigerated Pudding & Desserts"
    ],
    "categories": [
      {
        "code": "Breakfast & Dairy",
        "desc": "Breakfast & Dairy"
      }
    ],
    "subCategories": [
      {
        "code": "Dairy & Eggs",
        "desc": "Dairy & Eggs"
      }
    ],
    "brands": [
      {
        "code": "Jell-O",
        "desc": "Jell-O"
      }
    ],
    "price": {
      "basePrice": 2.59,
      "discountPrice": 2.59
    },
    "type": {
      "code": "Refrigerated Pudding & Desserts",
      "desc": "Refrigerated Pudding & Desserts"
    },
    "weight": "3.375 oz",
    "UpcCode": "",
    "tax": 0.0,
    "spiceLevel": "",
    "aiselNo": "19",
    "store": "Market Basket",
    "weightType": "3.375 oz",
    "imageName": "789.jpg",
    "defaultImage": "789.jpg",
    "updatedTimestamp": "Jan 23, 2021 8:02:30 PM",
    "createdTimestamp": "Jan 23, 2021 8:02:30 PM",
    "isNewlyAdded": false,
    "isActive": true,
    "isDealsEnabled": false,
    "quantity": 0
  },
  {
    "id": 7503,
    "code": "Market Basket Crushed Tomatoes With Basil",
    "desc": "Market Basket Crushed Tomatoes With Basil",
    "shortDesc": "Market Basket Crushed Tomatoes With Basil",
    "tags": [
      "Canned & Jarred Vegetables"
    ],
    "categories": [
      {
        "code": "Cooking Needs",
        "desc": "Cooking Needs"
      }
    ],
    "subCategories": [
      {
        "code": "Canned Food",
        "desc": "Canned Food"
      }
    ],
    "brands": [
      {
        "code": "Market Basket",
        "desc": "Market Basket"
      }
    ],
    "price": {
      "basePrice": 1.29,
      "discountPrice": 1.29
    },
    "type": {
      "code": "Canned & Jarred Vegetables",
      "desc": "Canned & Jarred Vegetables"
    },
    "weight": "28 oz",
    "UpcCode": "",
    "tax": 0.0,
    "spiceLevel": "",
    "aiselNo": "9",
    "store": "Market Basket",
    "weightType": "28 oz",
    "imageName": "Market Basket.jpg",
    "defaultImage": "Market Basket.jpg",
    "updatedTimestamp": "Jan 23, 2021 8:02:30 PM",
    "createdTimestamp": "Jan 23, 2021 8:02:30 PM",
    "isNewlyAdded": false,
    "isActive": true,
    "isDealsEnabled": false,
    "quantity": 0
  },
  {
    "id": 15342,
    "code": "Nature Made Prenatal Tablets with Folic Acid, Iron, Iodine & Zinc",
    "desc": "Nature Made Prenatal Tablets with Folic Acid, Iron, Iodine & Zinc",
    "shortDesc": "Nature Made Prenatal Tablets with Folic Acid, Iron, Iodine & Zinc",
    "tags": [
      "Vitamins & Supplements"
    ],
    "categories": [
      {
        "code": "Personal Care",
        "desc": "Personal Care"
      }
    ],
    "subCategories": [
      {
        "code": "Vitamins & Proteins",
        "desc": "Vitamins & Proteins"
      }
    ],
    "brands": [
      {
        "code": "Nature Made",
        "desc": "Nature Made"
      }
    ],
    "price": {
      "basePrice": 14.02,
      "discountPrice": 14.02
    },
    "type": {
      "code": "Vitamins & Supplements",
      "desc": "Vitamins & Supplements"
    },
    "weight": "90 count",
    "UpcCode": "",
    "tax": 1.0,
    "spiceLevel": "",
    "aiselNo": "13",
    "store": "Market Basket",
    "weightType": "90 count",
    "imageName": "18188.jpg",
    "defaultImage": "18188.jpg",
    "updatedTimestamp": "Jan 23, 2021 8:02:30 PM",
    "createdTimestamp": "Jan 23, 2021 8:02:30 PM",
    "isNewlyAdded": false,
    "isActive": true,
    "isDealsEnabled": false,
    "quantity": 0
  },
  {
    "id": 7494,
    "code": "Very Young Small Sweet Peas",
    "desc": "Very Young Small Sweet Peas",
    "shortDesc": "Very Young Small Sweet Peas",
    "tags": [
      "Canned & Jarred Vegetables"
    ],
    "categories": [
      {
        "code": "Cooking Needs",
        "desc": "Cooking Needs"
      }
    ],
    "subCategories": [
      {
        "code": "Canned Food",
        "desc": "Canned Food"
      }
    ],
    "brands": [
      {
        "code": "Le Sueur",
        "desc": "Le Sueur"
      }
    ],
    "price": {
      "basePrice": 1.29,
      "discountPrice": 1.29
    },
    "type": {
      "code": "Canned & Jarred Vegetables",
      "desc": "Canned & Jarred Vegetables"
    },
    "weight": "8.5 oz",
    "UpcCode": "",
    "tax": 0.0,
    "spiceLevel": "",
    "aiselNo": "9",
    "store": "Market Basket",
    "weightType": "8.5 oz",
    "imageName": "17088.jpg",
    "defaultImage": "17088.jpg",
    "updatedTimestamp": "Jan 23, 2021 8:02:30 PM",
    "createdTimestamp": "Jan 23, 2021 8:02:30 PM",
    "isNewlyAdded": false,
    "isActive": true,
    "isDealsEnabled": false,
    "quantity": 0
  },
  {
    "id": 3726,
    "code": "Strawberries",
    "desc": "Strawberries",
    "shortDesc": "Strawberries",
    "tags": [
      "Strawberries"
    ],
    "categories": [
      {
        "code": "Fresh Produce",
        "desc": "Fresh Produce"
      }
    ],
    "subCategories": [
      {
        "code": "Fresh Fruits",
        "desc": "Fresh Fruits"
      }
    ],
    "brands": [
      {
        "code": "Market Basket",
        "desc": "Market Basket"
      }
    ],
    "price": {
      "basePrice": 12.46,
      "discountPrice": 12.46
    },
    "type": {
      "code": "Strawberries",
      "desc": "Strawberries"
    },
    "weight": "2 lb container",
    "UpcCode": "",
    "tax": 0.0,
    "spiceLevel": "",
    "aiselNo": "20",
    "store": "Market Basket",
    "weightType": "2 lb container",
    "imageName": "14287.jpg",
    "defaultImage": "14287.jpg",
    "updatedTimestamp": "Jan 23, 2021 8:02:30 PM",
    "createdTimestamp": "Jan 23, 2021 8:02:30 PM",
    "isNewlyAdded": false,
    "isActive": true,
    "isDealsEnabled": false,
    "quantity": 0
  },
  {
    "id": 7858,
    "code": "King Oscar Anchovies, Flat Fillets in Olive Oil",
    "desc": "King Oscar Anchovies, Flat Fillets in Olive Oil",
    "shortDesc": "King Oscar Anchovies, Flat Fillets in Olive Oil",
    "tags": [
      "Canned Meat & Seafood"
    ],
    "categories": [
      {
        "code": "Cooking Needs",
        "desc": "Cooking Needs"
      }
    ],
    "subCategories": [
      {
        "code": "Canned Food",
        "desc": "Canned Food"
      }
    ],
    "brands": [
      {
        "code": "King Oscar",
        "desc": "King Oscar"
      }
    ],
    "price": {
      "basePrice": 2.19,
      "discountPrice": 2.19
    },
    "type": {
      "code": "Canned Meat & Seafood",
      "desc": "Canned Meat & Seafood"
    },
    "weight": "2 oz",
    "UpcCode": "",
    "tax": 0.0,
    "spiceLevel": "",
    "aiselNo": "2",
    "store": "Market Basket",
    "weightType": "2 oz",
    "imageName": "5231.jpg",
    "defaultImage": "5231.jpg",
    "updatedTimestamp": "Jan 23, 2021 8:02:30 PM",
    "createdTimestamp": "Jan 23, 2021 8:02:30 PM",
    "isNewlyAdded": false,
    "isActive": true,
    "isDealsEnabled": false,
    "quantity": 0
  },
  {
    "id": 99,
    "code": "Lysol Power Bathroom Cleaner",
    "desc": "Lysol Power Bathroom Cleaner",
    "shortDesc": "Lysol Power Bathroom Cleaner",
    "tags": [
      "Bathroom Cleaner"
    ],
    "categories": [
      {
        "code": "Kitchen & Cleaning",
        "desc": "Kitchen & Cleaning"
      }
    ],
    "subCategories": [
      {
        "code": "Cleaning Products",
        "desc": "Cleaning Products"
      }
    ],
    "brands": [
      {
        "code": "Lysol",
        "desc": "Lysol"
      }
    ],
    "price": {
      "basePrice": 4.69,
      "discountPrice": 4.69
    },
    "type": {
      "code": "Bathroom Cleaner",
      "desc": "Bathroom Cleaner"
    },
    "weight": "32 fl oz",
    "UpcCode": "",
    "tax": 1.0,
    "spiceLevel": "",
    "aiselNo": "15",
    "store": "Market Basket",
    "weightType": "32 fl oz",
    "imageName": "4255.jpg",
    "defaultImage": "4255.jpg",
    "updatedTimestamp": "Jan 23, 2021 8:02:30 PM",
    "createdTimestamp": "Jan 23, 2021 8:02:30 PM",
    "isNewlyAdded": false,
    "isActive": true,
    "isDealsEnabled": false,
    "quantity": 0
  },
  {
    "id": 15107,
    "code": "Noxzema Cleanser Original Deep Cleansing",
    "desc": "Noxzema Cleanser Original Deep Cleansing",
    "shortDesc": "Noxzema Cleanser Original Deep Cleansing",
    "tags": [
      "Facial Care"
    ],
    "categories": [
      {
        "code": "Personal Care",
        "desc": "Personal Care"
      }
    ],
    "subCategories": [
      {
        "code": "Personal Needs",
        "desc": "Personal Needs"
      }
    ],
    "brands": [
      {
        "code": "Noxzema",
        "desc": "Noxzema"
      }
    ],
    "price": {
      "basePrice": 6.31,
      "discountPrice": 6.31
    },
    "type": {
      "code": "Facial Care",
      "desc": "Facial Care"
    },
    "weight": "12 fl oz",
    "UpcCode": "",
    "tax": 1.0,
    "spiceLevel": "",
    "aiselNo": "13",
    "store": "Market Basket",
    "weightType": "12 fl oz",
    "imageName": "18114.jpg",
    "defaultImage": "18114.jpg",
    "updatedTimestamp": "Jan 23, 2021 8:02:30 PM",
    "createdTimestamp": "Jan 23, 2021 8:02:30 PM",
    "isNewlyAdded": false,
    "isActive": true,
    "isDealsEnabled": false,
    "quantity": 0
  },
  {
    "id": 6826,
    "code": "Domino Sugar Pourable Brown Light Brown",
    "desc": "Domino Sugar Pourable Brown Light Brown",
    "shortDesc": "Domino Sugar Pourable Brown Light Brown",
    "tags": [
      "Baking Ingredients"
    ],
    "categories": [
      {
        "code": "Cooking Needs",
        "desc": "Cooking Needs"
      }
    ],
    "subCategories": [
      {
        "code": "Baking & Cooking",
        "desc": "Baking & Cooking"
      }
    ],
    "brands": [
      {
        "code": "Domino",
        "desc": "Domino"
      }
    ],
    "price": {
      "basePrice": 3.09,
      "discountPrice": 3.09
    },
    "type": {
      "code": "Baking Ingredients",
      "desc": "Baking Ingredients"
    },
    "weight": "10 oz",
    "UpcCode": "",
    "tax": 0.0,
    "spiceLevel": "",
    "aiselNo": "8",
    "store": "Market Basket",
    "weightType": "10 oz",
    "imageName": "2338.jpg",
    "defaultImage": "2338.jpg",
    "updatedTimestamp": "Jan 23, 2021 8:02:30 PM",
    "createdTimestamp": "Jan 23, 2021 8:02:30 PM",
    "isNewlyAdded": false,
    "isActive": true,
    "isDealsEnabled": false,
    "quantity": 0
  },
  {
    "id": 6605,
    "code": "Market Basket NO PULP PREMIUM 100% JUICE Original PASTEURIZED ORANGE JUICE NOT FROM CONCENTRATE",
    "desc": "Market Basket NO PULP PREMIUM 100% JUICE Original PASTEURIZED ORANGE JUICE NOT FROM CONCENTRATE",
    "shortDesc": "Market Basket NO PULP PREMIUM 100% JUICE Original PASTEURIZED ORANGE JUICE NOT FROM CONCENTRATE",
    "tags": [
      "Refrigerated Drinks"
    ],
    "categories": [
      {
        "code": "Beverages & Juices",
        "desc": "Beverages & Juices"
      }
    ],
    "subCategories": [
      {
        "code": "Juices & Refrigerated Drinks",
        "desc": "Juices & Refrigerated Drinks"
      }
    ],
    "brands": [
      {
        "code": "Market Basket",
        "desc": "Market Basket"
      }
    ],
    "price": {
      "basePrice": 6.11,
      "discountPrice": 6.11
    },
    "type": {
      "code": "Refrigerated Drinks",
      "desc": "Refrigerated Drinks"
    },
    "weight": "89 fl oz",
    "UpcCode": "",
    "tax": 0.0,
    "spiceLevel": "",
    "aiselNo": "1",
    "store": "Market Basket",
    "weightType": "89 fl oz",
    "imageName": "X588.jpg",
    "defaultImage": "X588.jpg",
    "updatedTimestamp": "Jan 23, 2021 8:02:29 PM",
    "createdTimestamp": "Jan 23, 2021 8:02:29 PM",
    "isNewlyAdded": false,
    "isActive": true,
    "isDealsEnabled": false,
    "quantity": 0
  },
  {
    "id": 15117,
    "code": "Olay Lotion Moisturizer with SPF 15 Sensitive",
    "desc": "Olay Lotion Moisturizer with SPF 15 Sensitive",
    "shortDesc": "Olay Lotion Moisturizer with SPF 15 Sensitive",
    "tags": [
      "Facial Care"
    ],
    "categories": [
      {
        "code": "Personal Care",
        "desc": "Personal Care"
      }
    ],
    "subCategories": [
      {
        "code": "Personal Needs",
        "desc": "Personal Needs"
      }
    ],
    "brands": [
      {
        "code": "Olay",
        "desc": "Olay"
      }
    ],
    "price": {
      "basePrice": 12.64,
      "discountPrice": 12.64
    },
    "type": {
      "code": "Facial Care",
      "desc": "Facial Care"
    },
    "weight": "4 fl oz",
    "UpcCode": "",
    "tax": 1.0,
    "spiceLevel": "",
    "aiselNo": "13",
    "store": "Market Basket",
    "weightType": "4 fl oz",
    "imageName": "18112.jpg",
    "defaultImage": "18112.jpg",
    "updatedTimestamp": "Jan 23, 2021 8:02:30 PM",
    "createdTimestamp": "Jan 23, 2021 8:02:30 PM",
    "isNewlyAdded": false,
    "isActive": true,
    "isDealsEnabled": false,
    "quantity": 0
  },
  {
    "id": 7968,
    "code": "Campbell's Condensed Chicken NoodleO's Soup",
    "desc": "Campbell's Condensed Chicken NoodleO's Soup",
    "shortDesc": "Campbell's Condensed Chicken NoodleO's Soup",
    "tags": [
      "Soup, Broth & Bouillon"
    ],
    "categories": [
      {
        "code": "Cooking Needs",
        "desc": "Cooking Needs"
      }
    ],
    "subCategories": [
      {
        "code": "Canned Food",
        "desc": "Canned Food"
      }
    ],
    "brands": [
      {
        "code": "Campbell's",
        "desc": "Campbell's"
      }
    ],
    "price": {
      "basePrice": 2.09,
      "discountPrice": 2.09
    },
    "type": {
      "code": "Soup, Broth & Bouillon",
      "desc": "Soup, Broth & Bouillon"
    },
    "weight": "10.5 oz",
    "UpcCode": "",
    "tax": 0.0,
    "spiceLevel": "",
    "aiselNo": "2",
    "store": "Market Basket",
    "weightType": "10.5 oz",
    "imageName": "5377.jpg",
    "defaultImage": "5377.jpg",
    "updatedTimestamp": "Jan 23, 2021 8:02:30 PM",
    "createdTimestamp": "Jan 23, 2021 8:02:30 PM",
    "isNewlyAdded": false,
    "isActive": true,
    "isDealsEnabled": false,
    "quantity": 0
  },
  {
    "id": 3768,
    "code": "Uncle Vinny's Tarragon",
    "desc": "Uncle Vinny's Tarragon",
    "shortDesc": "Uncle Vinny's Tarragon",
    "tags": [
      "Tarragon"
    ],
    "categories": [
      {
        "code": "Fresh Produce",
        "desc": "Fresh Produce"
      }
    ],
    "subCategories": [
      {
        "code": "Fresh Herbs",
        "desc": "Fresh Herbs"
      }
    ],
    "brands": [
      {
        "code": "Uncle Vinny's",
        "desc": "Uncle Vinny's"
      }
    ],
    "price": {
      "basePrice": 2.86,
      "discountPrice": 2.86
    },
    "type": {
      "code": "Tarragon",
      "desc": "Tarragon"
    },
    "weight": "0.75 oz",
    "UpcCode": "",
    "tax": 0.0,
    "spiceLevel": "",
    "aiselNo": "20",
    "store": "Market Basket",
    "weightType": "0.75 oz",
    "imageName": "95.jpg",
    "defaultImage": "95.jpg",
    "updatedTimestamp": "Jan 23, 2021 8:02:30 PM",
    "createdTimestamp": "Jan 23, 2021 8:02:30 PM",
    "isNewlyAdded": false,
    "isActive": true,
    "isDealsEnabled": false,
    "quantity": 0
  },
  {
    "id": 7248,
    "code": "McCormick Alum",
    "desc": "McCormick Alum",
    "shortDesc": "McCormick Alum",
    "tags": [
      "Spices & Seasonings"
    ],
    "categories": [
      {
        "code": "Cooking Needs",
        "desc": "Cooking Needs"
      }
    ],
    "subCategories": [
      {
        "code": "Spices & Seasonings",
        "desc": "Spices & Seasonings"
      }
    ],
    "brands": [
      {
        "code": "McCormick",
        "desc": "McCormick"
      }
    ],
    "price": {
      "basePrice": 4.89,
      "discountPrice": 4.89
    },
    "type": {
      "code": "Spices & Seasonings",
      "desc": "Spices & Seasonings"
    },
    "weight": "1.9 oz",
    "UpcCode": "",
    "tax": 0.0,
    "spiceLevel": "",
    "aiselNo": "9",
    "store": "Market Basket",
    "weightType": "1.9 oz",
    "imageName": "2160.jpg",
    "defaultImage": "2160.jpg",
    "updatedTimestamp": "Jan 23, 2021 8:02:30 PM",
    "createdTimestamp": "Jan 23, 2021 8:02:30 PM",
    "isNewlyAdded": false,
    "isActive": true,
    "isDealsEnabled": false,
    "quantity": 0
  },
  {
    "id": 516,
    "code": "Market Basket Stain Fighter & Color Booster Concentated 48 Loads Laundry Detergent",
    "desc": "Market Basket Stain Fighter & Color Booster Concentated 48 Loads Laundry Detergent",
    "shortDesc": "Market Basket Stain Fighter & Color Booster Concentated 48 Loads Laundry Detergent",
    "tags": [
      "Laundry Detergent"
    ],
    "categories": [
      {
        "code": "Laundry & Paper Goods",
        "desc": "Laundry & Paper Goods"
      }
    ],
    "subCategories": [
      {
        "code": "Laundry",
        "desc": "Laundry"
      }
    ],
    "brands": [
      {
        "code": "Market Basket",
        "desc": "Market Basket"
      }
    ],
    "price": {
      "basePrice": 7.49,
      "discountPrice": 7.49
    },
    "type": {
      "code": "Laundry Detergent",
      "desc": "Laundry Detergent"
    },
    "weight": "66 fl oz",
    "UpcCode": "",
    "tax": 1.0,
    "spiceLevel": "",
    "aiselNo": "15",
    "store": "Market Basket",
    "weightType": "66 fl oz",
    "imageName": "Market Basket.jpg",
    "defaultImage": "Market Basket.jpg",
    "updatedTimestamp": "Jan 23, 2021 8:02:30 PM",
    "createdTimestamp": "Jan 23, 2021 8:02:30 PM",
    "isNewlyAdded": false,
    "isActive": true,
    "isDealsEnabled": false,
    "quantity": 0
  },
  {
    "id": 6984,
    "code": "Jell o Sugar Free Fat Free Butterscotch Instant Pudding Mix",
    "desc": "Jell o Sugar Free Fat Free Butterscotch Instant Pudding Mix",
    "shortDesc": "Jell o Sugar Free Fat Free Butterscotch Instant Pudding Mix",
    "tags": [
      "Doughs, Gelatins & Bake Mixes"
    ],
    "categories": [
      {
        "code": "Cooking Needs",
        "desc": "Cooking Needs"
      }
    ],
    "subCategories": [
      {
        "code": "Baking & Cooking",
        "desc": "Baking & Cooking"
      }
    ],
    "brands": [
      {
        "code": "Jell-O",
        "desc": "Jell-O"
      }
    ],
    "price": {
      "basePrice": 1.09,
      "discountPrice": 1.09
    },
    "type": {
      "code": "Doughs, Gelatins & Bake Mixes",
      "desc": "Doughs, Gelatins & Bake Mixes"
    },
    "weight": "1 oz",
    "UpcCode": "",
    "tax": 0.0,
    "spiceLevel": "",
    "aiselNo": "8",
    "store": "Market Basket",
    "weightType": "1 oz",
    "imageName": "2054.jpg",
    "defaultImage": "2054.jpg",
    "updatedTimestamp": "Jan 23, 2021 8:02:30 PM",
    "createdTimestamp": "Jan 23, 2021 8:02:30 PM",
    "isNewlyAdded": false,
    "isActive": true,
    "isDealsEnabled": false,
    "quantity": 0
  },
  {
    "id": 589,
    "code": "Snuggle Scnt booster Concentrated Scent Pacs 20 loads",
    "desc": "Snuggle Scnt booster Concentrated Scent Pacs 20 loads",
    "shortDesc": "Snuggle Scnt booster Concentrated Scent Pacs 20 loads",
    "tags": [
      "Scent Booster"
    ],
    "categories": [
      {
        "code": "Laundry & Paper Goods",
        "desc": "Laundry & Paper Goods"
      }
    ],
    "subCategories": [
      {
        "code": "Laundry",
        "desc": "Laundry"
      }
    ],
    "brands": [
      {
        "code": "Snuggle",
        "desc": "Snuggle"
      }
    ],
    "price": {
      "basePrice": 4.99,
      "discountPrice": 4.99
    },
    "type": {
      "code": "Scent Booster",
      "desc": "Scent Booster"
    },
    "weight": "400 g",
    "UpcCode": "",
    "tax": 1.0,
    "spiceLevel": "",
    "aiselNo": "15",
    "store": "Market Basket",
    "weightType": "400 g",
    "imageName": "No Image.jpg",
    "defaultImage": "No Image.jpg",
    "updatedTimestamp": "Jan 23, 2021 8:02:30 PM",
    "createdTimestamp": "Jan 23, 2021 8:02:30 PM",
    "isNewlyAdded": false,
    "isActive": true,
    "isDealsEnabled": false,
    "quantity": 0
  },
  {
    "id": 7765,
    "code": "Goya Refried Pinto Beans Traditional",
    "desc": "Goya Refried Pinto Beans Traditional",
    "shortDesc": "Goya Refried Pinto Beans Traditional",
    "tags": [
      "Canned Meals & Beans"
    ],
    "categories": [
      {
        "code": "Cooking Needs",
        "desc": "Cooking Needs"
      }
    ],
    "subCategories": [
      {
        "code": "Canned Food",
        "desc": "Canned Food"
      }
    ],
    "brands": [
      {
        "code": "Goya",
        "desc": "Goya"
      }
    ],
    "price": {
      "basePrice": 1.69,
      "discountPrice": 1.69
    },
    "type": {
      "code": "Canned Meals & Beans",
      "desc": "Canned Meals & Beans"
    },
    "weight": "16 oz",
    "UpcCode": "",
    "tax": 0.0,
    "spiceLevel": "",
    "aiselNo": "7",
    "store": "Market Basket",
    "weightType": "16 oz",
    "imageName": "5101.jpg",
    "defaultImage": "5101.jpg",
    "updatedTimestamp": "Jan 23, 2021 8:02:30 PM",
    "createdTimestamp": "Jan 23, 2021 8:02:30 PM",
    "isNewlyAdded": false,
    "isActive": true,
    "isDealsEnabled": false,
    "quantity": 0
  },
  {
    "id": 8165,
    "code": "Claussen Premium Sweet Pickle Relish",
    "desc": "Claussen Premium Sweet Pickle Relish",
    "shortDesc": "Claussen Premium Sweet Pickle Relish",
    "tags": [
      "Relish"
    ],
    "categories": [
      {
        "code": "Condiments & Dressings",
        "desc": "Condiments & Dressings"
      }
    ],
    "subCategories": [
      {
        "code": "Pickled Goods & Olives",
        "desc": "Pickled Goods & Olives"
      }
    ],
    "brands": [
      {
        "code": "Claussen",
        "desc": "Claussen"
      }
    ],
    "price": {
      "basePrice": 1.49,
      "discountPrice": 1.49
    },
    "type": {
      "code": "Relish",
      "desc": "Relish"
    },
    "weight": "10 oz",
    "UpcCode": "",
    "tax": 0.0,
    "spiceLevel": "",
    "aiselNo": "2",
    "store": "Market Basket",
    "weightType": "10 oz",
    "imageName": "15351.jpg",
    "defaultImage": "15351.jpg",
    "updatedTimestamp": "Jan 23, 2021 8:02:30 PM",
    "createdTimestamp": "Jan 23, 2021 8:02:30 PM",
    "isNewlyAdded": false,
    "isActive": true,
    "isDealsEnabled": false,
    "quantity": 0
  },
  {
    "id": 14994,
    "code": "Market Basket 81 mg Adult Low Strength Aspirin Coated Tablets",
    "desc": "Market Basket 81 mg Adult Low Strength Aspirin Coated Tablets",
    "shortDesc": "Market Basket 81 mg Adult Low Strength Aspirin Coated Tablets",
    "tags": [
      "Muscles, Joints & Pain Relief"
    ],
    "categories": [
      {
        "code": "Personal Care",
        "desc": "Personal Care"
      }
    ],
    "subCategories": [
      {
        "code": "First Aid & Healthcare",
        "desc": "First Aid & Healthcare"
      }
    ],
    "brands": [
      {
        "code": "Market Basket",
        "desc": "Market Basket"
      }
    ],
    "price": {
      "basePrice": 2.86,
      "discountPrice": 2.86
    },
    "type": {
      "code": "Muscles, Joints & Pain Relief",
      "desc": "Muscles, Joints & Pain Relief"
    },
    "weight": "120 count",
    "UpcCode": "",
    "tax": 1.0,
    "spiceLevel": "",
    "aiselNo": "13",
    "store": "Market Basket",
    "weightType": "120 count",
    "imageName": "Market Basket.jpg",
    "defaultImage": "Market Basket.jpg",
    "updatedTimestamp": "Jan 23, 2021 8:02:30 PM",
    "createdTimestamp": "Jan 23, 2021 8:02:30 PM",
    "isNewlyAdded": false,
    "isActive": true,
    "isDealsEnabled": false,
    "quantity": 0
  },
  {
    "id": 6921,
    "code": "Sweet'N Low Zero Calorie Sweetener",
    "desc": "Sweet'N Low Zero Calorie Sweetener",
    "shortDesc": "Sweet'N Low Zero Calorie Sweetener",
    "tags": [
      "Baking Ingredients"
    ],
    "categories": [
      {
        "code": "Cooking Needs",
        "desc": "Cooking Needs"
      }
    ],
    "subCategories": [
      {
        "code": "Baking & Cooking",
        "desc": "Baking & Cooking"
      }
    ],
    "brands": [
      {
        "code": "Sweet 'N Low",
        "desc": "Sweet 'N Low"
      }
    ],
    "price": {
      "basePrice": 4.29,
      "discountPrice": 4.29
    },
    "type": {
      "code": "Baking Ingredients",
      "desc": "Baking Ingredients"
    },
    "weight": "250 count",
    "UpcCode": "",
    "tax": 0.0,
    "spiceLevel": "",
    "aiselNo": "8",
    "store": "Market Basket",
    "weightType": "250 count",
    "imageName": "15706.jpg",
    "defaultImage": "15706.jpg",
    "updatedTimestamp": "Jan 23, 2021 8:02:30 PM",
    "createdTimestamp": "Jan 23, 2021 8:02:30 PM",
    "isNewlyAdded": false,
    "isActive": true,
    "isDealsEnabled": false,
    "quantity": 0
  },
  {
    "id": 15234,
    "code": "Market Basket Youth Toothbrush",
    "desc": "Market Basket Youth Toothbrush",
    "shortDesc": "Market Basket Youth Toothbrush",
    "tags": [
      "Oral Hygiene"
    ],
    "categories": [
      {
        "code": "Personal Care",
        "desc": "Personal Care"
      }
    ],
    "subCategories": [
      {
        "code": "Personal Needs",
        "desc": "Personal Needs"
      }
    ],
    "brands": [
      {
        "code": "Market Basket",
        "desc": "Market Basket"
      }
    ],
    "price": {
      "basePrice": 1.48,
      "discountPrice": 1.48
    },
    "type": {
      "code": "Oral Hygiene",
      "desc": "Oral Hygiene"
    },
    "weight": "1 count",
    "UpcCode": "",
    "tax": 1.0,
    "spiceLevel": "",
    "aiselNo": "13",
    "store": "Market Basket",
    "weightType": "1 count",
    "imageName": "Market Basket.jpg",
    "defaultImage": "Market Basket.jpg",
    "updatedTimestamp": "Jan 23, 2021 8:02:30 PM",
    "createdTimestamp": "Jan 23, 2021 8:02:30 PM",
    "isNewlyAdded": false,
    "isActive": true,
    "isDealsEnabled": false,
    "quantity": 0
  },
  {
    "id": 14342,
    "code": "Boston's Best Breakfast Blend Ground Gourmet Coffee",
    "desc": "Boston's Best Breakfast Blend Ground Gourmet Coffee",
    "shortDesc": "Boston's Best Breakfast Blend Ground Gourmet Coffee",
    "tags": [
      "Coffee"
    ],
    "categories": [
      {
        "code": "Breakfast & Dairy",
        "desc": "Breakfast & Dairy"
      }
    ],
    "subCategories": [
      {
        "code": "Tea & Coffee",
        "desc": "Tea & Coffee"
      }
    ],
    "brands": [
      {
        "code": "Boston's Best",
        "desc": "Boston's Best"
      }
    ],
    "price": {
      "basePrice": 4.89,
      "discountPrice": 4.89
    },
    "type": {
      "code": "Coffee",
      "desc": "Coffee"
    },
    "weight": "12 oz",
    "UpcCode": "",
    "tax": 0.0,
    "spiceLevel": "",
    "aiselNo": "8",
    "store": "Market Basket",
    "weightType": "12 oz",
    "imageName": "16293.jpg",
    "defaultImage": "16293.jpg",
    "updatedTimestamp": "Jan 23, 2021 8:02:30 PM",
    "createdTimestamp": "Jan 23, 2021 8:02:30 PM",
    "isNewlyAdded": false,
    "isActive": true,
    "isDealsEnabled": false,
    "quantity": 0
  },
  {
    "id": 13383,
    "code": "NestlÃÂ© Coffee Mate Fat Free The Original Powder Coffee Creamer",
    "desc": "NestlÃÂ© Coffee Mate Fat Free The Original Powder Coffee Creamer",
    "shortDesc": "NestlÃÂ© Coffee Mate Fat Free The Original Powder Coffee Creamer",
    "tags": [
      "Cream"
    ],
    "categories": [
      {
        "code": "Breakfast & Dairy",
        "desc": "Breakfast & Dairy"
      }
    ],
    "subCategories": [
      {
        "code": "Dairy & Eggs",
        "desc": "Dairy & Eggs"
      }
    ],
    "brands": [
      {
        "code": "Nestle",
        "desc": "Nestle"
      }
    ],
    "price": {
      "basePrice": 4.29,
      "discountPrice": 4.29
    },
    "type": {
      "code": "Cream",
      "desc": "Cream"
    },
    "weight": "16 oz",
    "UpcCode": "",
    "tax": 0.0,
    "spiceLevel": "",
    "aiselNo": "1",
    "store": "Market Basket",
    "weightType": "16 oz",
    "imageName": "542.jpg",
    "defaultImage": "542.jpg",
    "updatedTimestamp": "Jan 23, 2021 8:02:30 PM",
    "createdTimestamp": "Jan 23, 2021 8:02:30 PM",
    "isNewlyAdded": false,
    "isActive": true,
    "isDealsEnabled": false,
    "quantity": 0
  },
  {
    "id": 10158,
    "code": "Market Basket Cookies N Cream Ice Cream",
    "desc": "Market Basket Cookies N Cream Ice Cream",
    "shortDesc": "Market Basket Cookies N Cream Ice Cream",
    "tags": [
      "Ice Cream & Ice"
    ],
    "categories": [
      {
        "code": "Frozen Food",
        "desc": "Frozen Food"
      }
    ],
    "subCategories": [
      {
        "code": "Ice Cream & Ice",
        "desc": "Ice Cream & Ice"
      }
    ],
    "brands": [
      {
        "code": "Market Basket",
        "desc": "Market Basket"
      }
    ],
    "price": {
      "basePrice": 2.49,
      "discountPrice": 2.49
    },
    "type": {
      "code": "Ice Cream & Ice",
      "desc": "Ice Cream & Ice"
    },
    "weight": "1.75 quart",
    "UpcCode": "",
    "tax": 0.0,
    "spiceLevel": "",
    "aiselNo": "21",
    "store": "Market Basket",
    "weightType": "1.75 quart",
    "imageName": "Market Basket.jpg",
    "defaultImage": "Market Basket.jpg",
    "updatedTimestamp": "Jan 23, 2021 8:02:30 PM",
    "createdTimestamp": "Jan 23, 2021 8:02:30 PM",
    "isNewlyAdded": false,
    "isActive": true,
    "isDealsEnabled": false,
    "quantity": 0
  },
  {
    "id": 318,
    "code": "Hefty Ez Foil 16.125 in. X 11.75 in. X 2.875 in. Crown Classic Roaster Pan with Handles",
    "desc": "Hefty Ez Foil 16.125 in. X 11.75 in. X 2.875 in. Crown Classic Roaster Pan with Handles",
    "shortDesc": "Hefty Ez Foil 16.125 in. X 11.75 in. X 2.875 in. Crown Classic Roaster Pan with Handles",
    "tags": [
      "Roaster Pans"
    ],
    "categories": [
      {
        "code": "Kitchen & Cleaning",
        "desc": "Kitchen & Cleaning"
      }
    ],
    "subCategories": [
      {
        "code": "Food Storage & Kitchen Supplies",
        "desc": "Food Storage & Kitchen Supplies"
      }
    ],
    "brands": [
      {
        "code": "Hefty",
        "desc": "Hefty"
      }
    ],
    "price": {
      "basePrice": 2.49,
      "discountPrice": 2.49
    },
    "type": {
      "code": "Roaster Pans",
      "desc": "Roaster Pans"
    },
    "weight": "1 count",
    "UpcCode": "",
    "tax": 1.0,
    "spiceLevel": "",
    "aiselNo": "12",
    "store": "Market Basket",
    "weightType": "1 count",
    "imageName": "4466.jpg",
    "defaultImage": "4466.jpg",
    "updatedTimestamp": "Jan 23, 2021 8:02:30 PM",
    "createdTimestamp": "Jan 23, 2021 8:02:30 PM",
    "isNewlyAdded": false,
    "isActive": true,
    "isDealsEnabled": false,
    "quantity": 0
  },
  {
    "id": 6971,
    "code": "Jell O Cook & Serve Chocolate Pudding & Pie Filling Mix",
    "desc": "Jell O Cook & Serve Chocolate Pudding & Pie Filling Mix",
    "shortDesc": "Jell O Cook & Serve Chocolate Pudding & Pie Filling Mix",
    "tags": [
      "Doughs, Gelatins & Bake Mixes"
    ],
    "categories": [
      {
        "code": "Cooking Needs",
        "desc": "Cooking Needs"
      }
    ],
    "subCategories": [
      {
        "code": "Baking & Cooking",
        "desc": "Baking & Cooking"
      }
    ],
    "brands": [
      {
        "code": "Jell-O",
        "desc": "Jell-O"
      }
    ],
    "price": {
      "basePrice": 1.09,
      "discountPrice": 1.09
    },
    "type": {
      "code": "Doughs, Gelatins & Bake Mixes",
      "desc": "Doughs, Gelatins & Bake Mixes"
    },
    "weight": "3.4 oz",
    "UpcCode": "",
    "tax": 0.0,
    "spiceLevel": "",
    "aiselNo": "8",
    "store": "Market Basket",
    "weightType": "3.4 oz",
    "imageName": "2046.jpg",
    "defaultImage": "2046.jpg",
    "updatedTimestamp": "Jan 23, 2021 8:02:30 PM",
    "createdTimestamp": "Jan 23, 2021 8:02:30 PM",
    "isNewlyAdded": false,
    "isActive": true,
    "isDealsEnabled": false,
    "quantity": 0
  },
  {
    "id": 8090,
    "code": "Pacific Organic Free Range Chicken Broth",
    "desc": "Pacific Organic Free Range Chicken Broth",
    "shortDesc": "Pacific Organic Free Range Chicken Broth",
    "tags": [
      "Soup, Broth & Bouillon"
    ],
    "categories": [
      {
        "code": "Cooking Needs",
        "desc": "Cooking Needs"
      }
    ],
    "subCategories": [
      {
        "code": "Canned Food",
        "desc": "Canned Food"
      }
    ],
    "brands": [
      {
        "code": "Pacific",
        "desc": "Pacific"
      }
    ],
    "price": {
      "basePrice": 4.89,
      "discountPrice": 4.89
    },
    "type": {
      "code": "Soup, Broth & Bouillon",
      "desc": "Soup, Broth & Bouillon"
    },
    "weight": "32 fl oz",
    "UpcCode": "",
    "tax": 0.0,
    "spiceLevel": "",
    "aiselNo": "2",
    "store": "Market Basket",
    "weightType": "32 fl oz",
    "imageName": "5358.jpg",
    "defaultImage": "5358.jpg",
    "updatedTimestamp": "Jan 23, 2021 8:02:30 PM",
    "createdTimestamp": "Jan 23, 2021 8:02:30 PM",
    "isNewlyAdded": false,
    "isActive": true,
    "isDealsEnabled": false,
    "quantity": 0
  },
  {
    "id": 9328,
    "code": "VitaTops Muffin Top Wild Blueberry",
    "desc": "VitaTops Muffin Top Wild Blueberry",
    "shortDesc": "VitaTops Muffin Top Wild Blueberry",
    "tags": [
      "Frozen Breakfast"
    ],
    "categories": [
      {
        "code": "Frozen Food",
        "desc": "Frozen Food"
      }
    ],
    "subCategories": [
      {
        "code": "Frozen Breakfast",
        "desc": "Frozen Breakfast"
      }
    ],
    "brands": [
      {
        "code": "Vitatops",
        "desc": "Vitatops"
      }
    ],
    "price": {
      "basePrice": 4.89,
      "discountPrice": 4.89
    },
    "type": {
      "code": "Frozen Breakfast",
      "desc": "Frozen Breakfast"
    },
    "weight": "4 x 2 oz",
    "UpcCode": "",
    "tax": 0.0,
    "spiceLevel": "",
    "aiselNo": "20",
    "store": "Market Basket",
    "weightType": "4 x 2 oz",
    "imageName": "15797.jpg",
    "defaultImage": "15797.jpg",
    "updatedTimestamp": "Jan 23, 2021 8:02:30 PM",
    "createdTimestamp": "Jan 23, 2021 8:02:30 PM",
    "isNewlyAdded": false,
    "isActive": true,
    "isDealsEnabled": false,
    "quantity": 0
  },
  {
    "id": 7235,
    "code": "Litehouse Freeze Dried Cilantro",
    "desc": "Litehouse Freeze Dried Cilantro",
    "shortDesc": "Litehouse Freeze Dried Cilantro",
    "tags": [
      "Spices & Seasonings"
    ],
    "categories": [
      {
        "code": "Cooking Needs",
        "desc": "Cooking Needs"
      }
    ],
    "subCategories": [
      {
        "code": "Spices & Seasonings",
        "desc": "Spices & Seasonings"
      }
    ],
    "brands": [
      {
        "code": "Litehouse",
        "desc": "Litehouse"
      }
    ],
    "price": {
      "basePrice": 4.09,
      "discountPrice": 4.09
    },
    "type": {
      "code": "Spices & Seasonings",
      "desc": "Spices & Seasonings"
    },
    "weight": "0.35 oz",
    "UpcCode": "",
    "tax": 0.0,
    "spiceLevel": "",
    "aiselNo": "9",
    "store": "Market Basket",
    "weightType": "0.35 oz",
    "imageName": "2279.jpg",
    "defaultImage": "2279.jpg",
    "updatedTimestamp": "Jan 23, 2021 8:02:30 PM",
    "createdTimestamp": "Jan 23, 2021 8:02:30 PM",
    "isNewlyAdded": false,
    "isActive": true,
    "isDealsEnabled": false,
    "quantity": 0
  },
  {
    "id": 6538,
    "code": "Market Basket Sun Dried Raisins",
    "desc": "Market Basket Sun Dried Raisins",
    "shortDesc": "Market Basket Sun Dried Raisins",
    "tags": [
      "Nuts, Seeds & Dried Fruit"
    ],
    "categories": [
      {
        "code": "Chips, Cookies & Snacks",
        "desc": "Chips, Cookies & Snacks"
      }
    ],
    "subCategories": [
      {
        "code": "Nuts, Seeds & Dried Fruit",
        "desc": "Nuts, Seeds & Dried Fruit"
      }
    ],
    "brands": [
      {
        "code": "Market Basket",
        "desc": "Market Basket"
      }
    ],
    "price": {
      "basePrice": 3.11,
      "discountPrice": 3.11
    },
    "type": {
      "code": "Nuts, Seeds & Dried Fruit",
      "desc": "Nuts, Seeds & Dried Fruit"
    },
    "weight": "12 oz",
    "UpcCode": "",
    "tax": 0.0,
    "spiceLevel": "",
    "aiselNo": "6",
    "store": "Market Basket",
    "weightType": "12 oz",
    "imageName": "Market Basket.jpg",
    "defaultImage": "Market Basket.jpg",
    "updatedTimestamp": "Jan 23, 2021 8:02:30 PM",
    "createdTimestamp": "Jan 23, 2021 8:02:30 PM",
    "isNewlyAdded": false,
    "isActive": true,
    "isDealsEnabled": false,
    "quantity": 0
  },
  {
    "id": 14445,
    "code": "New England Coffee Hazelnut Creme Ground Coffee",
    "desc": "New England Coffee Hazelnut Creme Ground Coffee",
    "shortDesc": "New England Coffee Hazelnut Creme Ground Coffee",
    "tags": [
      "Coffee"
    ],
    "categories": [
      {
        "code": "Breakfast & Dairy",
        "desc": "Breakfast & Dairy"
      }
    ],
    "subCategories": [
      {
        "code": "Tea & Coffee",
        "desc": "Tea & Coffee"
      }
    ],
    "brands": [
      {
        "code": "New England Coffee",
        "desc": "New England Coffee"
      }
    ],
    "price": {
      "basePrice": 10.99,
      "discountPrice": 10.99
    },
    "type": {
      "code": "Coffee",
      "desc": "Coffee"
    },
    "weight": "22 oz",
    "UpcCode": "",
    "tax": 0.0,
    "spiceLevel": "",
    "aiselNo": "8",
    "store": "Market Basket",
    "weightType": "22 oz",
    "imageName": "3372.jpg",
    "defaultImage": "3372.jpg",
    "updatedTimestamp": "Jan 23, 2021 8:02:30 PM",
    "createdTimestamp": "Jan 23, 2021 8:02:30 PM",
    "isNewlyAdded": false,
    "isActive": true,
    "isDealsEnabled": false,
    "quantity": 0
  },
  {
    "id": 7501,
    "code": "Market Basket Cream Style Sweet Corn",
    "desc": "Market Basket Cream Style Sweet Corn",
    "shortDesc": "Market Basket Cream Style Sweet Corn",
    "tags": [
      "Canned & Jarred Vegetables"
    ],
    "categories": [
      {
        "code": "Cooking Needs",
        "desc": "Cooking Needs"
      }
    ],
    "subCategories": [
      {
        "code": "Canned Food",
        "desc": "Canned Food"
      }
    ],
    "brands": [
      {
        "code": "Market Basket",
        "desc": "Market Basket"
      }
    ],
    "price": {
      "basePrice": 0.79,
      "discountPrice": 0.79
    },
    "type": {
      "code": "Canned & Jarred Vegetables",
      "desc": "Canned & Jarred Vegetables"
    },
    "weight": "14.75 oz",
    "UpcCode": "",
    "tax": 0.0,
    "spiceLevel": "",
    "aiselNo": "9",
    "store": "Market Basket",
    "weightType": "14.75 oz",
    "imageName": "Market Basket.jpg",
    "defaultImage": "Market Basket.jpg",
    "updatedTimestamp": "Jan 23, 2021 8:02:30 PM",
    "createdTimestamp": "Jan 23, 2021 8:02:30 PM",
    "isNewlyAdded": false,
    "isActive": true,
    "isDealsEnabled": false,
    "quantity": 0
  },
  {
    "id": 263,
    "code": "Finish Gelpacs All in 1 Fast Action Deep Clean Orange Scent Automatic Dishwasher Detergent",
    "desc": "Finish Gelpacs All in 1 Fast Action Deep Clean Orange Scent Automatic Dishwasher Detergent",
    "shortDesc": "Finish Gelpacs All in 1 Fast Action Deep Clean Orange Scent Automatic Dishwasher Detergent",
    "tags": [
      "Dishwasher Detergent"
    ],
    "categories": [
      {
        "code": "Kitchen & Cleaning",
        "desc": "Kitchen & Cleaning"
      }
    ],
    "subCategories": [
      {
        "code": "Dish Detergents",
        "desc": "Dish Detergents"
      }
    ],
    "brands": [
      {
        "code": "Finish",
        "desc": "Finish"
      }
    ],
    "price": {
      "basePrice": 12.19,
      "discountPrice": 12.19
    },
    "type": {
      "code": "Dishwasher Detergent",
      "desc": "Dishwasher Detergent"
    },
    "weight": "34.8 oz",
    "UpcCode": "",
    "tax": 1.0,
    "spiceLevel": "",
    "aiselNo": "15",
    "store": "Market Basket",
    "weightType": "34.8 oz",
    "imageName": "4346.jpg",
    "defaultImage": "4346.jpg",
    "updatedTimestamp": "Jan 23, 2021 8:02:30 PM",
    "createdTimestamp": "Jan 23, 2021 8:02:30 PM",
    "isNewlyAdded": false,
    "isActive": true,
    "isDealsEnabled": false,
    "quantity": 0
  },
  {
    "id": 5982,
    "code": "Master of Mixes Agave Syrup",
    "desc": "Master of Mixes Agave Syrup",
    "shortDesc": "Master of Mixes Agave Syrup",
    "tags": [
      "Cocoa & Drink Mixes"
    ],
    "categories": [
      {
        "code": "Beverages & Juices",
        "desc": "Beverages & Juices"
      }
    ],
    "subCategories": [
      {
        "code": "Cocoa & Drink Mixes",
        "desc": "Cocoa & Drink Mixes"
      }
    ],
    "brands": [
      {
        "code": "Master of Mixes",
        "desc": "Master of Mixes"
      }
    ],
    "price": {
      "basePrice": 3.74,
      "discountPrice": 3.74
    },
    "type": {
      "code": "Cocoa & Drink Mixes",
      "desc": "Cocoa & Drink Mixes"
    },
    "weight": "375 ml",
    "UpcCode": "",
    "tax": 0.0,
    "spiceLevel": "",
    "aiselNo": "17",
    "store": "Market Basket",
    "weightType": "375 ml",
    "imageName": "No Image.jpg",
    "defaultImage": "No Image.jpg",
    "updatedTimestamp": "Jan 23, 2021 8:02:29 PM",
    "createdTimestamp": "Jan 23, 2021 8:02:29 PM",
    "isNewlyAdded": false,
    "isActive": true,
    "isDealsEnabled": false,
    "quantity": 0
  },
  {
    "id": 13892,
    "code": "Market Basket Original Soymilk",
    "desc": "Market Basket Original Soymilk",
    "shortDesc": "Market Basket Original Soymilk",
    "tags": [
      "Soy & Lactose-Free"
    ],
    "categories": [
      {
        "code": "Breakfast & Dairy",
        "desc": "Breakfast & Dairy"
      }
    ],
    "subCategories": [
      {
        "code": "Dairy & Eggs",
        "desc": "Dairy & Eggs"
      }
    ],
    "brands": [
      {
        "code": "Market Basket",
        "desc": "Market Basket"
      }
    ],
    "price": {
      "basePrice": 2.09,
      "discountPrice": 2.09
    },
    "type": {
      "code": "Soy & Lactose-Free",
      "desc": "Soy & Lactose-Free"
    },
    "weight": "32 fl oz",
    "UpcCode": "",
    "tax": 0.0,
    "spiceLevel": "",
    "aiselNo": "1",
    "store": "Market Basket",
    "weightType": "32 fl oz",
    "imageName": "Market Basket.jpg",
    "defaultImage": "Market Basket.jpg",
    "updatedTimestamp": "Jan 23, 2021 8:02:30 PM",
    "createdTimestamp": "Jan 23, 2021 8:02:30 PM",
    "isNewlyAdded": false,
    "isActive": true,
    "isDealsEnabled": false,
    "quantity": 0
  },
  {
    "id": 14866,
    "code": "Safeguard Deodorant Bar Soap, White with Aloe",
    "desc": "Safeguard Deodorant Bar Soap, White with Aloe",
    "shortDesc": "Safeguard Deodorant Bar Soap, White with Aloe",
    "tags": [
      "Soap"
    ],
    "categories": [
      {
        "code": "Personal Care",
        "desc": "Personal Care"
      }
    ],
    "subCategories": [
      {
        "code": "Body Wash, Soap & Hair Care",
        "desc": "Body Wash, Soap & Hair Care"
      }
    ],
    "brands": [
      {
        "code": "Safeguard",
        "desc": "Safeguard"
      }
    ],
    "price": {
      "basePrice": 3.78,
      "discountPrice": 3.78
    },
    "type": {
      "code": "Soap",
      "desc": "Soap"
    },
    "weight": "15.9 oz",
    "UpcCode": "",
    "tax": 1.0,
    "spiceLevel": "",
    "aiselNo": "13",
    "store": "Market Basket",
    "weightType": "15.9 oz",
    "imageName": "18132.jpg",
    "defaultImage": "18132.jpg",
    "updatedTimestamp": "Jan 23, 2021 8:02:30 PM",
    "createdTimestamp": "Jan 23, 2021 8:02:30 PM",
    "isNewlyAdded": false,
    "isActive": true,
    "isDealsEnabled": false,
    "quantity": 0
  },
  {
    "id": 13977,
    "code": "Tour De Marze Brie",
    "desc": "Tour De Marze Brie",
    "shortDesc": "Tour De Marze Brie",
    "tags": [
      "Specialty Cheeses"
    ],
    "categories": [
      {
        "code": "Breakfast & Dairy",
        "desc": "Breakfast & Dairy"
      }
    ],
    "subCategories": [
      {
        "code": "Dairy & Eggs",
        "desc": "Dairy & Eggs"
      }
    ],
    "brands": [
      {
        "code": "Market Basket",
        "desc": "Market Basket"
      }
    ],
    "price": {
      "basePrice": 9.19,
      "discountPrice": 9.19
    },
    "type": {
      "code": "Specialty Cheeses",
      "desc": "Specialty Cheeses"
    },
    "weight": "1 per lb",
    "UpcCode": "",
    "tax": 0.0,
    "spiceLevel": "",
    "aiselNo": "1",
    "store": "Market Basket",
    "weightType": "1 per lb",
    "imageName": "Market Basket.jpg",
    "defaultImage": "Market Basket.jpg",
    "updatedTimestamp": "Jan 23, 2021 8:02:30 PM",
    "createdTimestamp": "Jan 23, 2021 8:02:30 PM",
    "isNewlyAdded": false,
    "isActive": true,
    "isDealsEnabled": false,
    "quantity": 0
  },
  {
    "id": 14373,
    "code": "Folgers Coffee, Classic Roast, Medium, Ground, Jar",
    "desc": "Folgers Coffee, Classic Roast, Medium, Ground, Jar",
    "shortDesc": "Folgers Coffee, Classic Roast, Medium, Ground, Jar",
    "tags": [
      "Coffee"
    ],
    "categories": [
      {
        "code": "Breakfast & Dairy",
        "desc": "Breakfast & Dairy"
      }
    ],
    "subCategories": [
      {
        "code": "Tea & Coffee",
        "desc": "Tea & Coffee"
      }
    ],
    "brands": [
      {
        "code": "Folgers ",
        "desc": "Folgers "
      }
    ],
    "price": {
      "basePrice": 6.09,
      "discountPrice": 6.09
    },
    "type": {
      "code": "Coffee",
      "desc": "Coffee"
    },
    "weight": "11.3 oz",
    "UpcCode": "",
    "tax": 0.0,
    "spiceLevel": "",
    "aiselNo": "8",
    "store": "Market Basket",
    "weightType": "11.3 oz",
    "imageName": "3343.jpg",
    "defaultImage": "3343.jpg",
    "updatedTimestamp": "Jan 23, 2021 8:02:30 PM",
    "createdTimestamp": "Jan 23, 2021 8:02:30 PM",
    "isNewlyAdded": false,
    "isActive": true,
    "isDealsEnabled": false,
    "quantity": 0
  },
  {
    "id": 4437,
    "code": "Meisterchef Bologna",
    "desc": "Meisterchef Bologna",
    "shortDesc": "Meisterchef Bologna",
    "tags": [
      "Hot Dogs"
    ],
    "categories": [
      {
        "code": "Meat & Seafood",
        "desc": "Meat & Seafood"
      }
    ],
    "subCategories": [
      {
        "code": "Hot Dogs, Bacon & Sausage",
        "desc": "Hot Dogs, Bacon & Sausage"
      }
    ],
    "brands": [
      {
        "code": "Meisterchef",
        "desc": "Meisterchef"
      }
    ],
    "price": {
      "basePrice": 2.79,
      "discountPrice": 2.79
    },
    "type": {
      "code": "Hot Dogs",
      "desc": "Hot Dogs"
    },
    "weight": "1 lb",
    "UpcCode": "",
    "tax": 0.0,
    "spiceLevel": "",
    "aiselNo": "1",
    "store": "Market Basket",
    "weightType": "1 lb",
    "imageName": "No Image.jpg",
    "defaultImage": "No Image.jpg",
    "updatedTimestamp": "Jan 23, 2021 8:02:30 PM",
    "createdTimestamp": "Jan 23, 2021 8:02:30 PM",
    "isNewlyAdded": false,
    "isActive": true,
    "isDealsEnabled": false,
    "quantity": 0
  },
  {
    "id": 5964,
    "code": "Lipton Decaffeinated Iced Tea Unsweetened",
    "desc": "Lipton Decaffeinated Iced Tea Unsweetened",
    "shortDesc": "Lipton Decaffeinated Iced Tea Unsweetened",
    "tags": [
      "Cocoa & Drink Mixes"
    ],
    "categories": [
      {
        "code": "Beverages & Juices",
        "desc": "Beverages & Juices"
      }
    ],
    "subCategories": [
      {
        "code": "Cocoa & Drink Mixes",
        "desc": "Cocoa & Drink Mixes"
      }
    ],
    "brands": [
      {
        "code": "Lipton",
        "desc": "Lipton"
      }
    ],
    "price": {
      "basePrice": 4.61,
      "discountPrice": 4.61
    },
    "type": {
      "code": "Cocoa & Drink Mixes",
      "desc": "Cocoa & Drink Mixes"
    },
    "weight": "3 oz",
    "UpcCode": "",
    "tax": 0.0,
    "spiceLevel": "",
    "aiselNo": "17",
    "store": "Market Basket",
    "weightType": "3 oz",
    "imageName": "No Image.jpg",
    "defaultImage": "No Image.jpg",
    "updatedTimestamp": "Jan 23, 2021 8:02:29 PM",
    "createdTimestamp": "Jan 23, 2021 8:02:29 PM",
    "isNewlyAdded": false,
    "isActive": true,
    "isDealsEnabled": false,
    "quantity": 0
  },
  {
    "id": 13548,
    "code": "Cabot Creamery Vermont Style No Fat Cottage Cheese With Vitamin D",
    "desc": "Cabot Creamery Vermont Style No Fat Cottage Cheese With Vitamin D",
    "shortDesc": "Cabot Creamery Vermont Style No Fat Cottage Cheese With Vitamin D",
    "tags": [
      "Other Creams & Cheeses"
    ],
    "categories": [
      {
        "code": "Breakfast & Dairy",
        "desc": "Breakfast & Dairy"
      }
    ],
    "subCategories": [
      {
        "code": "Dairy & Eggs",
        "desc": "Dairy & Eggs"
      }
    ],
    "brands": [
      {
        "code": "Cabot Creamery",
        "desc": "Cabot Creamery"
      }
    ],
    "price": {
      "basePrice": 2.39,
      "discountPrice": 2.39
    },
    "type": {
      "code": "Other Creams & Cheeses",
      "desc": "Other Creams & Cheeses"
    },
    "weight": "1 lb",
    "UpcCode": "",
    "tax": 0.0,
    "spiceLevel": "",
    "aiselNo": "1",
    "store": "Market Basket",
    "weightType": "1 lb",
    "imageName": "697.jpg",
    "defaultImage": "697.jpg",
    "updatedTimestamp": "Jan 23, 2021 8:02:30 PM",
    "createdTimestamp": "Jan 23, 2021 8:02:30 PM",
    "isNewlyAdded": false,
    "isActive": true,
    "isDealsEnabled": false,
    "quantity": 0
  },
  {
    "id": 6330,
    "code": "Polar Premium Club Soda Cans",
    "desc": "Polar Premium Club Soda Cans",
    "shortDesc": "Polar Premium Club Soda Cans",
    "tags": [
      "Soft Drinks"
    ],
    "categories": [
      {
        "code": "Beverages & Juices",
        "desc": "Beverages & Juices"
      }
    ],
    "subCategories": [
      {
        "code": "Soft Drinks & Seltzers",
        "desc": "Soft Drinks & Seltzers"
      }
    ],
    "brands": [
      {
        "code": "Polar",
        "desc": "Polar"
      }
    ],
    "price": {
      "basePrice": 3.74,
      "discountPrice": 3.74
    },
    "type": {
      "code": "Soft Drinks",
      "desc": "Soft Drinks"
    },
    "weight": "6 x 7.5 fl oz",
    "UpcCode": "",
    "tax": 0.0,
    "spiceLevel": "",
    "aiselNo": "11",
    "store": "Market Basket",
    "weightType": "6 x 7.5 fl oz",
    "imageName": "No Image.jpg",
    "defaultImage": "No Image.jpg",
    "updatedTimestamp": "Jan 23, 2021 8:02:30 PM",
    "createdTimestamp": "Jan 23, 2021 8:02:30 PM",
    "isNewlyAdded": false,
    "isActive": true,
    "isDealsEnabled": false,
    "quantity": 0
  },
  {
    "id": 14893,
    "code": "Stayfree Maxi Regular Pads- 24 CT",
    "desc": "Stayfree Maxi Regular Pads- 24 CT",
    "shortDesc": "Stayfree Maxi Regular Pads- 24 CT",
    "tags": [
      "Menstrual Pads"
    ],
    "categories": [
      {
        "code": "Personal Care",
        "desc": "Personal Care"
      }
    ],
    "subCategories": [
      {
        "code": "Feminine Care",
        "desc": "Feminine Care"
      }
    ],
    "brands": [
      {
        "code": "Stayfree",
        "desc": "Stayfree"
      }
    ],
    "price": {
      "basePrice": 5.28,
      "discountPrice": 5.28
    },
    "type": {
      "code": "Menstrual Pads",
      "desc": "Menstrual Pads"
    },
    "weight": "24 count",
    "UpcCode": "",
    "tax": 1.0,
    "spiceLevel": "",
    "aiselNo": "13",
    "store": "Market Basket",
    "weightType": "24 count",
    "imageName": "6526.jpg",
    "defaultImage": "6526.jpg",
    "updatedTimestamp": "Jan 23, 2021 8:02:30 PM",
    "createdTimestamp": "Jan 23, 2021 8:02:30 PM",
    "isNewlyAdded": false,
    "isActive": true,
    "isDealsEnabled": false,
    "quantity": 0
  },
  {
    "id": 7775,
    "code": "Kuner's Black Beans Traditional",
    "desc": "Kuner's Black Beans Traditional",
    "shortDesc": "Kuner's Black Beans Traditional",
    "tags": [
      "Canned Meals & Beans"
    ],
    "categories": [
      {
        "code": "Cooking Needs",
        "desc": "Cooking Needs"
      }
    ],
    "subCategories": [
      {
        "code": "Canned Food",
        "desc": "Canned Food"
      }
    ],
    "brands": [
      {
        "code": "Kuner's",
        "desc": "Kuner's"
      }
    ],
    "price": {
      "basePrice": 1.29,
      "discountPrice": 1.29
    },
    "type": {
      "code": "Canned Meals & Beans",
      "desc": "Canned Meals & Beans"
    },
    "weight": "15 oz",
    "UpcCode": "",
    "tax": 0.0,
    "spiceLevel": "",
    "aiselNo": "2",
    "store": "Market Basket",
    "weightType": "15 oz",
    "imageName": "17124.jpg",
    "defaultImage": "17124.jpg",
    "updatedTimestamp": "Jan 23, 2021 8:02:30 PM",
    "createdTimestamp": "Jan 23, 2021 8:02:30 PM",
    "isNewlyAdded": false,
    "isActive": true,
    "isDealsEnabled": false,
    "quantity": 0
  },
  {
    "id": 9933,
    "code": "Tofurky Holiday Vegetarian Roast & Gravy",
    "desc": "Tofurky Holiday Vegetarian Roast & Gravy",
    "shortDesc": "Tofurky Holiday Vegetarian Roast & Gravy",
    "tags": [
      "Frozen Vegan & Vegetarian"
    ],
    "categories": [
      {
        "code": "Frozen Food",
        "desc": "Frozen Food"
      }
    ],
    "subCategories": [
      {
        "code": "Frozen Dinners & Entrees",
        "desc": "Frozen Dinners & Entrees"
      }
    ],
    "brands": [
      {
        "code": "Tofurky",
        "desc": "Tofurky"
      }
    ],
    "price": {
      "basePrice": 11.59,
      "discountPrice": 11.59
    },
    "type": {
      "code": "Frozen Vegan & Vegetarian",
      "desc": "Frozen Vegan & Vegetarian"
    },
    "weight": "37 oz",
    "UpcCode": "",
    "tax": 0.0,
    "spiceLevel": "",
    "aiselNo": "N/A",
    "store": "Market Basket",
    "weightType": "37 oz",
    "imageName": "2944.jpg",
    "defaultImage": "2944.jpg",
    "updatedTimestamp": "Jan 23, 2021 8:02:30 PM",
    "createdTimestamp": "Jan 23, 2021 8:02:30 PM",
    "isNewlyAdded": false,
    "isActive": true,
    "isDealsEnabled": false,
    "quantity": 0
  },
  {
    "id": 5075,
    "code": "Market Basket Fudge Mint Cookie Squares",
    "desc": "Market Basket Fudge Mint Cookie Squares",
    "shortDesc": "Market Basket Fudge Mint Cookie Squares",
    "tags": [
      "Cookies & Cakes"
    ],
    "categories": [
      {
        "code": "Chips, Cookies & Snacks",
        "desc": "Chips, Cookies & Snacks"
      }
    ],
    "subCategories": [
      {
        "code": "Cookies & Crackers",
        "desc": "Cookies & Crackers"
      }
    ],
    "brands": [
      {
        "code": "Market Basket",
        "desc": "Market Basket"
      }
    ],
    "price": {
      "basePrice": 2.34,
      "discountPrice": 2.34
    },
    "type": {
      "code": "Cookies & Cakes",
      "desc": "Cookies & Cakes"
    },
    "weight": "9.4 oz",
    "UpcCode": "",
    "tax": 0.0,
    "spiceLevel": "",
    "aiselNo": "6",
    "store": "Market Basket",
    "weightType": "9.4 oz",
    "imageName": "Market Basket.jpg",
    "defaultImage": "Market Basket.jpg",
    "updatedTimestamp": "Jan 23, 2021 8:02:30 PM",
    "createdTimestamp": "Jan 23, 2021 8:02:30 PM",
    "isNewlyAdded": false,
    "isActive": true,
    "isDealsEnabled": false,
    "quantity": 0
  },
  {
    "id": 13719,
    "code": "Greek Mountain Feta Cheese",
    "desc": "Greek Mountain Feta Cheese",
    "shortDesc": "Greek Mountain Feta Cheese",
    "tags": [
      "Packaged Cheese"
    ],
    "categories": [
      {
        "code": "Breakfast & Dairy",
        "desc": "Breakfast & Dairy"
      }
    ],
    "subCategories": [
      {
        "code": "Dairy & Eggs",
        "desc": "Dairy & Eggs"
      }
    ],
    "brands": [
      {
        "code": "Market Basket",
        "desc": "Market Basket"
      }
    ],
    "price": {
      "basePrice": 8.59,
      "discountPrice": 8.59
    },
    "type": {
      "code": "Packaged Cheese",
      "desc": "Packaged Cheese"
    },
    "weight": "14 oz",
    "UpcCode": "",
    "tax": 0.0,
    "spiceLevel": "",
    "aiselNo": "1",
    "store": "Market Basket",
    "weightType": "14 oz",
    "imageName": "Market Basket.jpg",
    "defaultImage": "Market Basket.jpg",
    "updatedTimestamp": "Jan 23, 2021 8:02:30 PM",
    "createdTimestamp": "Jan 23, 2021 8:02:30 PM",
    "isNewlyAdded": false,
    "isActive": true,
    "isDealsEnabled": false,
    "quantity": 0
  },
  {
    "id": 15230,
    "code": "Market Basket Mouthwash Peppermint",
    "desc": "Market Basket Mouthwash Peppermint",
    "shortDesc": "Market Basket Mouthwash Peppermint",
    "tags": [
      "Oral Hygiene"
    ],
    "categories": [
      {
        "code": "Personal Care",
        "desc": "Personal Care"
      }
    ],
    "subCategories": [
      {
        "code": "Personal Needs",
        "desc": "Personal Needs"
      }
    ],
    "brands": [
      {
        "code": "Market Basket",
        "desc": "Market Basket"
      }
    ],
    "price": {
      "basePrice": 2.52,
      "discountPrice": 2.52
    },
    "type": {
      "code": "Oral Hygiene",
      "desc": "Oral Hygiene"
    },
    "weight": "1 L",
    "UpcCode": "",
    "tax": 1.0,
    "spiceLevel": "",
    "aiselNo": "13",
    "store": "Market Basket",
    "weightType": "1 L",
    "imageName": "Market Basket.jpg",
    "defaultImage": "Market Basket.jpg",
    "updatedTimestamp": "Jan 23, 2021 8:02:30 PM",
    "createdTimestamp": "Jan 23, 2021 8:02:30 PM",
    "isNewlyAdded": false,
    "isActive": true,
    "isDealsEnabled": false,
    "quantity": 0
  },
  {
    "id": 6455,
    "code": "Lorissa's Kitchen Ginger Teriyaki Tender Cuts of Chicken Breasts",
    "desc": "Lorissa's Kitchen Ginger Teriyaki Tender Cuts of Chicken Breasts",
    "shortDesc": "Lorissa's Kitchen Ginger Teriyaki Tender Cuts of Chicken Breasts",
    "tags": [
      "Jerky"
    ],
    "categories": [
      {
        "code": "Chips, Cookies & Snacks",
        "desc": "Chips, Cookies & Snacks"
      }
    ],
    "subCategories": [
      {
        "code": "Jerkies",
        "desc": "Jerkies"
      }
    ],
    "brands": [
      {
        "code": "Lorissa's Kitchen",
        "desc": "Lorissa's Kitchen"
      }
    ],
    "price": {
      "basePrice": 7.49,
      "discountPrice": 7.49
    },
    "type": {
      "code": "Jerky",
      "desc": "Jerky"
    },
    "weight": "2.25 oz",
    "UpcCode": "",
    "tax": 0.0,
    "spiceLevel": "",
    "aiselNo": "6",
    "store": "Market Basket",
    "weightType": "2.25 oz",
    "imageName": "No Image.jpg",
    "defaultImage": "No Image.jpg",
    "updatedTimestamp": "Jan 23, 2021 8:02:30 PM",
    "createdTimestamp": "Jan 23, 2021 8:02:30 PM",
    "isNewlyAdded": false,
    "isActive": true,
    "isDealsEnabled": false,
    "quantity": 0
  },
  {
    "id": 15087,
    "code": "Visine Advanced Redness + Irritation Relief Lubricant/Redness Reliever Eye Drops",
    "desc": "Visine Advanced Redness + Irritation Relief Lubricant/Redness Reliever Eye Drops",
    "shortDesc": "Visine Advanced Redness + Irritation Relief Lubricant/Redness Reliever Eye Drops",
    "tags": [
      "Eye & Ear Care"
    ],
    "categories": [
      {
        "code": "Personal Care",
        "desc": "Personal Care"
      }
    ],
    "subCategories": [
      {
        "code": "Personal Needs",
        "desc": "Personal Needs"
      }
    ],
    "brands": [
      {
        "code": "Visine",
        "desc": "Visine"
      }
    ],
    "price": {
      "basePrice": 7.0,
      "discountPrice": 7.0
    },
    "type": {
      "code": "Eye & Ear Care",
      "desc": "Eye & Ear Care"
    },
    "weight": "0.5 fl oz",
    "UpcCode": "",
    "tax": 1.0,
    "spiceLevel": "",
    "aiselNo": "13",
    "store": "Market Basket",
    "weightType": "0.5 fl oz",
    "imageName": "6472.jpg",
    "defaultImage": "6472.jpg",
    "updatedTimestamp": "Jan 23, 2021 8:02:30 PM",
    "createdTimestamp": "Jan 23, 2021 8:02:30 PM",
    "isNewlyAdded": false,
    "isActive": true,
    "isDealsEnabled": false,
    "quantity": 0
  },
  {
    "id": 14735,
    "code": "Garnier Fructis StyleÂ® All Hair Types Super Stiff Gel",
    "desc": "Garnier Fructis StyleÂ® All Hair Types Super Stiff Gel",
    "shortDesc": "Garnier Fructis StyleÂ® All Hair Types Super Stiff Gel",
    "tags": [
      "Hair Care"
    ],
    "categories": [
      {
        "code": "Personal Care",
        "desc": "Personal Care"
      }
    ],
    "subCategories": [
      {
        "code": "Body Wash, Soap & Hair Care",
        "desc": "Body Wash, Soap & Hair Care"
      }
    ],
    "brands": [
      {
        "code": "Garnier",
        "desc": "Garnier"
      }
    ],
    "price": {
      "basePrice": 5.97,
      "discountPrice": 5.97
    },
    "type": {
      "code": "Hair Care",
      "desc": "Hair Care"
    },
    "weight": "6.8 fl oz",
    "UpcCode": "",
    "tax": 1.0,
    "spiceLevel": "",
    "aiselNo": "13",
    "store": "Market Basket",
    "weightType": "6.8 fl oz",
    "imageName": "17843.jpg",
    "defaultImage": "17843.jpg",
    "updatedTimestamp": "Jan 23, 2021 8:02:30 PM",
    "createdTimestamp": "Jan 23, 2021 8:02:30 PM",
    "isNewlyAdded": false,
    "isActive": true,
    "isDealsEnabled": false,
    "quantity": 0
  },
  {
    "id": 101,
    "code": "Scrub Free Plus Foaming Oxi Clean Lemon Scent Total Bathroom Cleaner",
    "desc": "Scrub Free Plus Foaming Oxi Clean Lemon Scent Total Bathroom Cleaner",
    "shortDesc": "Scrub Free Plus Foaming Oxi Clean Lemon Scent Total Bathroom Cleaner",
    "tags": [
      "Bathroom Cleaner"
    ],
    "categories": [
      {
        "code": "Kitchen & Cleaning",
        "desc": "Kitchen & Cleaning"
      }
    ],
    "subCategories": [
      {
        "code": "Cleaning Products",
        "desc": "Cleaning Products"
      }
    ],
    "brands": [
      {
        "code": "Oxi Clean",
        "desc": "Oxi Clean"
      }
    ],
    "price": {
      "basePrice": 2.49,
      "discountPrice": 2.49
    },
    "type": {
      "code": "Bathroom Cleaner",
      "desc": "Bathroom Cleaner"
    },
    "weight": "32 fl oz",
    "UpcCode": "",
    "tax": 1.0,
    "spiceLevel": "",
    "aiselNo": "15",
    "store": "Market Basket",
    "weightType": "32 fl oz",
    "imageName": "16807.jpg",
    "defaultImage": "16807.jpg",
    "updatedTimestamp": "Jan 23, 2021 8:02:30 PM",
    "createdTimestamp": "Jan 23, 2021 8:02:30 PM",
    "isNewlyAdded": false,
    "isActive": true,
    "isDealsEnabled": false,
    "quantity": 0
  },
  {
    "id": 13765,
    "code": "Market Basket Shredded Orange Sharp Cheddar",
    "desc": "Market Basket Shredded Orange Sharp Cheddar",
    "shortDesc": "Market Basket Shredded Orange Sharp Cheddar",
    "tags": [
      "Packaged Cheese"
    ],
    "categories": [
      {
        "code": "Breakfast & Dairy",
        "desc": "Breakfast & Dairy"
      }
    ],
    "subCategories": [
      {
        "code": "Dairy & Eggs",
        "desc": "Dairy & Eggs"
      }
    ],
    "brands": [
      {
        "code": "Market Basket",
        "desc": "Market Basket"
      }
    ],
    "price": {
      "basePrice": 2.49,
      "discountPrice": 2.49
    },
    "type": {
      "code": "Packaged Cheese",
      "desc": "Packaged Cheese"
    },
    "weight": "8 oz",
    "UpcCode": "",
    "tax": 0.0,
    "spiceLevel": "",
    "aiselNo": "1",
    "store": "Market Basket",
    "weightType": "8 oz",
    "imageName": "Market Basket.jpg",
    "defaultImage": "Market Basket.jpg",
    "updatedTimestamp": "Jan 23, 2021 8:02:30 PM",
    "createdTimestamp": "Jan 23, 2021 8:02:30 PM",
    "isNewlyAdded": false,
    "isActive": true,
    "isDealsEnabled": false,
    "quantity": 0
  },
  {
    "id": 8022,
    "code": "Kitchen Basics Original Turkey Stock",
    "desc": "Kitchen Basics Original Turkey Stock",
    "shortDesc": "Kitchen Basics Original Turkey Stock",
    "tags": [
      "Soup, Broth & Bouillon"
    ],
    "categories": [
      {
        "code": "Cooking Needs",
        "desc": "Cooking Needs"
      }
    ],
    "subCategories": [
      {
        "code": "Canned Food",
        "desc": "Canned Food"
      }
    ],
    "brands": [
      {
        "code": "Kitchen Basics",
        "desc": "Kitchen Basics"
      }
    ],
    "price": {
      "basePrice": 3.09,
      "discountPrice": 3.09
    },
    "type": {
      "code": "Soup, Broth & Bouillon",
      "desc": "Soup, Broth & Bouillon"
    },
    "weight": "32 fl oz",
    "UpcCode": "",
    "tax": 0.0,
    "spiceLevel": "",
    "aiselNo": "2",
    "store": "Market Basket",
    "weightType": "32 fl oz",
    "imageName": "17231.jpg",
    "defaultImage": "17231.jpg",
    "updatedTimestamp": "Jan 23, 2021 8:02:30 PM",
    "createdTimestamp": "Jan 23, 2021 8:02:30 PM",
    "isNewlyAdded": false,
    "isActive": true,
    "isDealsEnabled": false,
    "quantity": 0
  },
  {
    "id": 10163,
    "code": "Market Basket Ice Cream",
    "desc": "Market Basket Ice Cream",
    "shortDesc": "Market Basket Ice Cream",
    "tags": [
      "Ice Cream & Ice"
    ],
    "categories": [
      {
        "code": "Frozen Food",
        "desc": "Frozen Food"
      }
    ],
    "subCategories": [
      {
        "code": "Ice Cream & Ice",
        "desc": "Ice Cream & Ice"
      }
    ],
    "brands": [
      {
        "code": "Market Basket",
        "desc": "Market Basket"
      }
    ],
    "price": {
      "basePrice": 2.49,
      "discountPrice": 2.49
    },
    "type": {
      "code": "Ice Cream & Ice",
      "desc": "Ice Cream & Ice"
    },
    "weight": "1.75 quart",
    "UpcCode": "",
    "tax": 0.0,
    "spiceLevel": "",
    "aiselNo": "21",
    "store": "Market Basket",
    "weightType": "1.75 quart",
    "imageName": "Market Basket.jpg",
    "defaultImage": "Market Basket.jpg",
    "updatedTimestamp": "Jan 23, 2021 8:02:30 PM",
    "createdTimestamp": "Jan 23, 2021 8:02:30 PM",
    "isNewlyAdded": false,
    "isActive": true,
    "isDealsEnabled": false,
    "quantity": 0
  },
  {
    "id": 15041,
    "code": "Old Spice O.S.SFT SOLID DEOD RED ZN FRSH",
    "desc": "Old Spice O.S.SFT SOLID DEOD RED ZN FRSH",
    "shortDesc": "Old Spice O.S.SFT SOLID DEOD RED ZN FRSH",
    "tags": [
      "Deodorants"
    ],
    "categories": [
      {
        "code": "Personal Care",
        "desc": "Personal Care"
      }
    ],
    "subCategories": [
      {
        "code": "Personal Needs",
        "desc": "Personal Needs"
      }
    ],
    "brands": [
      {
        "code": "Old Spice",
        "desc": "Old Spice"
      }
    ],
    "price": {
      "basePrice": 7.0,
      "discountPrice": 7.0
    },
    "type": {
      "code": "Deodorants",
      "desc": "Deodorants"
    },
    "weight": "2.6 oz",
    "UpcCode": "",
    "tax": 1.0,
    "spiceLevel": "",
    "aiselNo": "13",
    "store": "Market Basket",
    "weightType": "2.6 oz",
    "imageName": "6308.jpg",
    "defaultImage": "6308.jpg",
    "updatedTimestamp": "Jan 23, 2021 8:02:30 PM",
    "createdTimestamp": "Jan 23, 2021 8:02:30 PM",
    "isNewlyAdded": false,
    "isActive": true,
    "isDealsEnabled": false,
    "quantity": 0
  },
  {
    "id": 8551,
    "code": "Mizkan Seasoned Rice Vinegar Roasted Garlic",
    "desc": "Mizkan Seasoned Rice Vinegar Roasted Garlic",
    "shortDesc": "Mizkan Seasoned Rice Vinegar Roasted Garlic",
    "tags": [
      "Oils & Vinegars"
    ],
    "categories": [
      {
        "code": "Cooking Needs",
        "desc": "Cooking Needs"
      }
    ],
    "subCategories": [
      {
        "code": "Oils & Vinegars",
        "desc": "Oils & Vinegars"
      }
    ],
    "brands": [
      {
        "code": "Mizkan",
        "desc": "Mizkan"
      }
    ],
    "price": {
      "basePrice": 3.09,
      "discountPrice": 3.09
    },
    "type": {
      "code": "Oils & Vinegars",
      "desc": "Oils & Vinegars"
    },
    "weight": "12 fl oz",
    "UpcCode": "",
    "tax": 0.0,
    "spiceLevel": "",
    "aiselNo": "2",
    "store": "Market Basket",
    "weightType": "12 fl oz",
    "imageName": "15508.jpg",
    "defaultImage": "15508.jpg",
    "updatedTimestamp": "Jan 23, 2021 8:02:30 PM",
    "createdTimestamp": "Jan 23, 2021 8:02:30 PM",
    "isNewlyAdded": false,
    "isActive": true,
    "isDealsEnabled": false,
    "quantity": 0
  },
  {
    "id": 6531,
    "code": "Sunmaid Chocolate Yogurt Covered Raisins",
    "desc": "Sunmaid Chocolate Yogurt Covered Raisins",
    "shortDesc": "Sunmaid Chocolate Yogurt Covered Raisins",
    "tags": [
      "Nuts, Seeds & Dried Fruit"
    ],
    "categories": [
      {
        "code": "Chips, Cookies & Snacks",
        "desc": "Chips, Cookies & Snacks"
      }
    ],
    "subCategories": [
      {
        "code": "Nuts, Seeds & Dried Fruit",
        "desc": "Nuts, Seeds & Dried Fruit"
      }
    ],
    "brands": [
      {
        "code": "Sunmaid",
        "desc": "Sunmaid"
      }
    ],
    "price": {
      "basePrice": 3.13,
      "discountPrice": 3.13
    },
    "type": {
      "code": "Nuts, Seeds & Dried Fruit",
      "desc": "Nuts, Seeds & Dried Fruit"
    },
    "weight": "6 box",
    "UpcCode": "",
    "tax": 0.0,
    "spiceLevel": "",
    "aiselNo": "6",
    "store": "Market Basket",
    "weightType": "6 box",
    "imageName": "No Image.jpg",
    "defaultImage": "No Image.jpg",
    "updatedTimestamp": "Jan 23, 2021 8:02:30 PM",
    "createdTimestamp": "Jan 23, 2021 8:02:30 PM",
    "isNewlyAdded": false,
    "isActive": true,
    "isDealsEnabled": false,
    "quantity": 0
  },
  {
    "id": 7596,
    "code": "Tomatoes With Green Chilies",
    "desc": "Tomatoes With Green Chilies",
    "shortDesc": "Tomatoes With Green Chilies",
    "tags": [
      "Canned & Jarred Vegetables"
    ],
    "categories": [
      {
        "code": "Cooking Needs",
        "desc": "Cooking Needs"
      }
    ],
    "subCategories": [
      {
        "code": "Canned Food",
        "desc": "Canned Food"
      }
    ],
    "brands": [
      {
        "code": "Ro-Tel",
        "desc": "Ro-Tel"
      }
    ],
    "price": {
      "basePrice": 1.59,
      "discountPrice": 1.59
    },
    "type": {
      "code": "Canned & Jarred Vegetables",
      "desc": "Canned & Jarred Vegetables"
    },
    "weight": "10 oz",
    "UpcCode": "",
    "tax": 0.0,
    "spiceLevel": "",
    "aiselNo": "9",
    "store": "Market Basket",
    "weightType": "10 oz",
    "imageName": "17082.jpg",
    "defaultImage": "17082.jpg",
    "updatedTimestamp": "Jan 23, 2021 8:02:30 PM",
    "createdTimestamp": "Jan 23, 2021 8:02:30 PM",
    "isNewlyAdded": false,
    "isActive": true,
    "isDealsEnabled": false,
    "quantity": 0
  },
  {
    "id": 6243,
    "code": "Fever-Tree Premium Light Ginger Beer",
    "desc": "Fever-Tree Premium Light Ginger Beer",
    "shortDesc": "Fever-Tree Premium Light Ginger Beer",
    "tags": [
      "Ginger Beer"
    ],
    "categories": [
      {
        "code": "Beverages & Juices",
        "desc": "Beverages & Juices"
      }
    ],
    "subCategories": [
      {
        "code": "Ginger Ale & Ginger Beer",
        "desc": "Ginger Ale & Ginger Beer"
      }
    ],
    "brands": [
      {
        "code": "Fever-Tree",
        "desc": "Fever-Tree"
      }
    ],
    "price": {
      "basePrice": 7.49,
      "discountPrice": 7.49
    },
    "type": {
      "code": "Ginger Beer",
      "desc": "Ginger Beer"
    },
    "weight": "6.8 fl oz",
    "UpcCode": "",
    "tax": 0.0,
    "spiceLevel": "",
    "aiselNo": "11",
    "store": "Market Basket",
    "weightType": "6.8 fl oz",
    "imageName": "No Image.jpg",
    "defaultImage": "No Image.jpg",
    "updatedTimestamp": "Jan 23, 2021 8:02:29 PM",
    "createdTimestamp": "Jan 23, 2021 8:02:29 PM",
    "isNewlyAdded": false,
    "isActive": true,
    "isDealsEnabled": false,
    "quantity": 0
  },
  {
    "id": 6959,
    "code": "Duncan Hines Signature Spice Cake Cake Mix",
    "desc": "Duncan Hines Signature Spice Cake Cake Mix",
    "shortDesc": "Duncan Hines Signature Spice Cake Cake Mix",
    "tags": [
      "Doughs, Gelatins & Bake Mixes"
    ],
    "categories": [
      {
        "code": "Cooking Needs",
        "desc": "Cooking Needs"
      }
    ],
    "subCategories": [
      {
        "code": "Baking & Cooking",
        "desc": "Baking & Cooking"
      }
    ],
    "brands": [
      {
        "code": "Duncan Hines",
        "desc": "Duncan Hines"
      }
    ],
    "price": {
      "basePrice": 1.89,
      "discountPrice": 1.89
    },
    "type": {
      "code": "Doughs, Gelatins & Bake Mixes",
      "desc": "Doughs, Gelatins & Bake Mixes"
    },
    "weight": "16.5 oz",
    "UpcCode": "",
    "tax": 0.0,
    "spiceLevel": "",
    "aiselNo": "8",
    "store": "Market Basket",
    "weightType": "16.5 oz",
    "imageName": "2095.jpg",
    "defaultImage": "2095.jpg",
    "updatedTimestamp": "Jan 23, 2021 8:02:30 PM",
    "createdTimestamp": "Jan 23, 2021 8:02:30 PM",
    "isNewlyAdded": false,
    "isActive": true,
    "isDealsEnabled": false,
    "quantity": 0
  },
  {
    "id": 15018,
    "code": "Ban Shower Fresh Invisible Solid Antiperspirant/Deodorant",
    "desc": "Ban Shower Fresh Invisible Solid Antiperspirant/Deodorant",
    "shortDesc": "Ban Shower Fresh Invisible Solid Antiperspirant/Deodorant",
    "tags": [
      "Deodorants"
    ],
    "categories": [
      {
        "code": "Personal Care",
        "desc": "Personal Care"
      }
    ],
    "subCategories": [
      {
        "code": "Personal Needs",
        "desc": "Personal Needs"
      }
    ],
    "brands": [
      {
        "code": "Ban",
        "desc": "Ban"
      }
    ],
    "price": {
      "basePrice": 4.24,
      "discountPrice": 4.24
    },
    "type": {
      "code": "Deodorants",
      "desc": "Deodorants"
    },
    "weight": "2.6 oz",
    "UpcCode": "",
    "tax": 1.0,
    "spiceLevel": "",
    "aiselNo": "13",
    "store": "Market Basket",
    "weightType": "2.6 oz",
    "imageName": "6320.jpg",
    "defaultImage": "6320.jpg",
    "updatedTimestamp": "Jan 23, 2021 8:02:30 PM",
    "createdTimestamp": "Jan 23, 2021 8:02:30 PM",
    "isNewlyAdded": false,
    "isActive": true,
    "isDealsEnabled": false,
    "quantity": 0
  },
  {
    "id": 3827,
    "code": "Lakeside (Locally Grown) Organic Curly Kale",
    "desc": "Lakeside (Locally Grown) Organic Curly Kale",
    "shortDesc": "Lakeside (Locally Grown) Organic Curly Kale",
    "tags": [
      "Kale"
    ],
    "categories": [
      {
        "code": "Fresh Produce",
        "desc": "Fresh Produce"
      }
    ],
    "subCategories": [
      {
        "code": "Fresh Organic Vegetables",
        "desc": "Fresh Organic Vegetables"
      }
    ],
    "brands": [
      {
        "code": "Market Basket",
        "desc": "Market Basket"
      }
    ],
    "price": {
      "basePrice": 4.24,
      "discountPrice": 4.24
    },
    "type": {
      "code": "Kale",
      "desc": "Kale"
    },
    "weight": "1 count",
    "UpcCode": "",
    "tax": 0.0,
    "spiceLevel": "",
    "aiselNo": "20",
    "store": "Market Basket",
    "weightType": "1 count",
    "imageName": "14422.jpg",
    "defaultImage": "14422.jpg",
    "updatedTimestamp": "Jan 23, 2021 8:02:30 PM",
    "createdTimestamp": "Jan 23, 2021 8:02:30 PM",
    "isNewlyAdded": false,
    "isActive": true,
    "isDealsEnabled": false,
    "quantity": 0
  },
  {
    "id": 13549,
    "code": "Daisy Low Fat Cottage Cheese Small Curd 2% Milkfat",
    "desc": "Daisy Low Fat Cottage Cheese Small Curd 2% Milkfat",
    "shortDesc": "Daisy Low Fat Cottage Cheese Small Curd 2% Milkfat",
    "tags": [
      "Other Creams & Cheeses"
    ],
    "categories": [
      {
        "code": "Breakfast & Dairy",
        "desc": "Breakfast & Dairy"
      }
    ],
    "subCategories": [
      {
        "code": "Dairy & Eggs",
        "desc": "Dairy & Eggs"
      }
    ],
    "brands": [
      {
        "code": "Daisy",
        "desc": "Daisy"
      }
    ],
    "price": {
      "basePrice": 4.89,
      "discountPrice": 4.89
    },
    "type": {
      "code": "Other Creams & Cheeses",
      "desc": "Other Creams & Cheeses"
    },
    "weight": "16 oz",
    "UpcCode": "",
    "tax": 0.0,
    "spiceLevel": "",
    "aiselNo": "1",
    "store": "Market Basket",
    "weightType": "16 oz",
    "imageName": "700.jpg",
    "defaultImage": "700.jpg",
    "updatedTimestamp": "Jan 23, 2021 8:02:30 PM",
    "createdTimestamp": "Jan 23, 2021 8:02:30 PM",
    "isNewlyAdded": false,
    "isActive": true,
    "isDealsEnabled": false,
    "quantity": 0
  },
  {
    "id": 8333,
    "code": "Marzetti Spinach Veggie Dip",
    "desc": "Marzetti Spinach Veggie Dip",
    "shortDesc": "Marzetti Spinach Veggie Dip",
    "tags": [
      "Fresh Dips & Tapenades"
    ],
    "categories": [
      {
        "code": "Condiments & Dressings",
        "desc": "Condiments & Dressings"
      }
    ],
    "subCategories": [
      {
        "code": "Fresh Dips & Tapenades",
        "desc": "Fresh Dips & Tapenades"
      }
    ],
    "brands": [
      {
        "code": "Marzetti",
        "desc": "Marzetti"
      }
    ],
    "price": {
      "basePrice": 3.09,
      "discountPrice": 3.09
    },
    "type": {
      "code": "Fresh Dips & Tapenades",
      "desc": "Fresh Dips & Tapenades"
    },
    "weight": "14 oz",
    "UpcCode": "",
    "tax": 0.0,
    "spiceLevel": "",
    "aiselNo": "1",
    "store": "Market Basket",
    "weightType": "14 oz",
    "imageName": "5538.jpg",
    "defaultImage": "5538.jpg",
    "updatedTimestamp": "Jan 23, 2021 8:02:30 PM",
    "createdTimestamp": "Jan 23, 2021 8:02:30 PM",
    "isNewlyAdded": false,
    "isActive": true,
    "isDealsEnabled": false,
    "quantity": 0
  },
  {
    "id": 9834,
    "code": "Market Basket Broccoli Cuts",
    "desc": "Market Basket Broccoli Cuts",
    "shortDesc": "Market Basket Broccoli Cuts",
    "tags": [
      "Frozen Produce"
    ],
    "categories": [
      {
        "code": "Frozen Food",
        "desc": "Frozen Food"
      }
    ],
    "subCategories": [
      {
        "code": "Frozen Produce",
        "desc": "Frozen Produce"
      }
    ],
    "brands": [
      {
        "code": "Market Basket",
        "desc": "Market Basket"
      }
    ],
    "price": {
      "basePrice": 1.69,
      "discountPrice": 1.69
    },
    "type": {
      "code": "Frozen Produce",
      "desc": "Frozen Produce"
    },
    "weight": "16 oz",
    "UpcCode": "",
    "tax": 0.0,
    "spiceLevel": "",
    "aiselNo": "19",
    "store": "Market Basket",
    "weightType": "16 oz",
    "imageName": "Market Basket.jpg",
    "defaultImage": "Market Basket.jpg",
    "updatedTimestamp": "Jan 23, 2021 8:02:30 PM",
    "createdTimestamp": "Jan 23, 2021 8:02:30 PM",
    "isNewlyAdded": false,
    "isActive": true,
    "isDealsEnabled": false,
    "quantity": 0
  },
  {
    "id": 8056,
    "code": "Market Basket Tomato Condensed Soup",
    "desc": "Market Basket Tomato Condensed Soup",
    "shortDesc": "Market Basket Tomato Condensed Soup",
    "tags": [
      "Soup, Broth & Bouillon"
    ],
    "categories": [
      {
        "code": "Cooking Needs",
        "desc": "Cooking Needs"
      }
    ],
    "subCategories": [
      {
        "code": "Canned Food",
        "desc": "Canned Food"
      }
    ],
    "brands": [
      {
        "code": "Market Basket",
        "desc": "Market Basket"
      }
    ],
    "price": {
      "basePrice": 0.99,
      "discountPrice": 0.99
    },
    "type": {
      "code": "Soup, Broth & Bouillon",
      "desc": "Soup, Broth & Bouillon"
    },
    "weight": "10.75 oz",
    "UpcCode": "",
    "tax": 0.0,
    "spiceLevel": "",
    "aiselNo": "2",
    "store": "Market Basket",
    "weightType": "10.75 oz",
    "imageName": "Market Basket.jpg",
    "defaultImage": "Market Basket.jpg",
    "updatedTimestamp": "Jan 23, 2021 8:02:30 PM",
    "createdTimestamp": "Jan 23, 2021 8:02:30 PM",
    "isNewlyAdded": false,
    "isActive": true,
    "isDealsEnabled": false,
    "quantity": 0
  },
  {
    "id": 13422,
    "code": "Market Basket Egg Starts",
    "desc": "Market Basket Egg Starts",
    "shortDesc": "Market Basket Egg Starts",
    "tags": [
      "Eggs"
    ],
    "categories": [
      {
        "code": "Breakfast & Dairy",
        "desc": "Breakfast & Dairy"
      }
    ],
    "subCategories": [
      {
        "code": "Dairy & Eggs",
        "desc": "Dairy & Eggs"
      }
    ],
    "brands": [
      {
        "code": "Market Basket",
        "desc": "Market Basket"
      }
    ],
    "price": {
      "basePrice": 4.29,
      "discountPrice": 4.29
    },
    "type": {
      "code": "Eggs",
      "desc": "Eggs"
    },
    "weight": "32 oz",
    "UpcCode": "",
    "tax": 0.0,
    "spiceLevel": "",
    "aiselNo": "1",
    "store": "Market Basket",
    "weightType": "32 oz",
    "imageName": "Market Basket.jpg",
    "defaultImage": "Market Basket.jpg",
    "updatedTimestamp": "Jan 23, 2021 8:02:30 PM",
    "createdTimestamp": "Jan 23, 2021 8:02:30 PM",
    "isNewlyAdded": false,
    "isActive": true,
    "isDealsEnabled": false,
    "quantity": 0
  },
  {
    "id": 14665,
    "code": "Eucerin Original Healing Lotion",
    "desc": "Eucerin Original Healing Lotion",
    "shortDesc": "Eucerin Original Healing Lotion",
    "tags": [
      "Body Lotion"
    ],
    "categories": [
      {
        "code": "Personal Care",
        "desc": "Personal Care"
      }
    ],
    "subCategories": [
      {
        "code": "Body Wash, Soap & Hair Care",
        "desc": "Body Wash, Soap & Hair Care"
      }
    ],
    "brands": [
      {
        "code": "Eucerin",
        "desc": "Eucerin"
      }
    ],
    "price": {
      "basePrice": 10.57,
      "discountPrice": 10.57
    },
    "type": {
      "code": "Body Lotion",
      "desc": "Body Lotion"
    },
    "weight": "8.4 fl oz",
    "UpcCode": "",
    "tax": 1.0,
    "spiceLevel": "",
    "aiselNo": "13",
    "store": "Market Basket",
    "weightType": "8.4 fl oz",
    "imageName": "6370.jpg",
    "defaultImage": "6370.jpg",
    "updatedTimestamp": "Jan 23, 2021 8:02:30 PM",
    "createdTimestamp": "Jan 23, 2021 8:02:30 PM",
    "isNewlyAdded": false,
    "isActive": true,
    "isDealsEnabled": false,
    "quantity": 0
  },
  {
    "id": 5133,
    "code": "Pepperidge Farm Irish Cream Cookies",
    "desc": "Pepperidge Farm Irish Cream Cookies",
    "shortDesc": "Pepperidge Farm Irish Cream Cookies",
    "tags": [
      "Cookies & Cakes"
    ],
    "categories": [
      {
        "code": "Chips, Cookies & Snacks",
        "desc": "Chips, Cookies & Snacks"
      }
    ],
    "subCategories": [
      {
        "code": "Cookies & Crackers",
        "desc": "Cookies & Crackers"
      }
    ],
    "brands": [
      {
        "code": "Pepperidge Farm",
        "desc": "Pepperidge Farm"
      }
    ],
    "price": {
      "basePrice": 4.69,
      "discountPrice": 4.69
    },
    "type": {
      "code": "Cookies & Cakes",
      "desc": "Cookies & Cakes"
    },
    "weight": "7 oz",
    "UpcCode": "",
    "tax": 0.0,
    "spiceLevel": "",
    "aiselNo": "6",
    "store": "Market Basket",
    "weightType": "7 oz",
    "imageName": "No Image.jpg",
    "defaultImage": "No Image.jpg",
    "updatedTimestamp": "Jan 23, 2021 8:02:30 PM",
    "createdTimestamp": "Jan 23, 2021 8:02:30 PM",
    "isNewlyAdded": false,
    "isActive": true,
    "isDealsEnabled": false,
    "quantity": 0
  },
  {
    "id": 9991,
    "code": "Brigham's Ice Cream Just Jimmies",
    "desc": "Brigham's Ice Cream Just Jimmies",
    "shortDesc": "Brigham's Ice Cream Just Jimmies",
    "tags": [
      "Ice Cream & Ice"
    ],
    "categories": [
      {
        "code": "Frozen Food",
        "desc": "Frozen Food"
      }
    ],
    "subCategories": [
      {
        "code": "Ice Cream & Ice",
        "desc": "Ice Cream & Ice"
      }
    ],
    "brands": [
      {
        "code": "Brigham's Ice Cream",
        "desc": "Brigham's Ice Cream"
      }
    ],
    "price": {
      "basePrice": 3.69,
      "discountPrice": 3.69
    },
    "type": {
      "code": "Ice Cream & Ice",
      "desc": "Ice Cream & Ice"
    },
    "weight": "1 quart",
    "UpcCode": "",
    "tax": 0.0,
    "spiceLevel": "",
    "aiselNo": "21",
    "store": "Market Basket",
    "weightType": "1 quart",
    "imageName": "16169.jpg",
    "defaultImage": "16169.jpg",
    "updatedTimestamp": "Jan 23, 2021 8:02:30 PM",
    "createdTimestamp": "Jan 23, 2021 8:02:30 PM",
    "isNewlyAdded": false,
    "isActive": true,
    "isDealsEnabled": false,
    "quantity": 0
  },
  {
    "id": 4560,
    "code": "Veroni Prosciutto",
    "desc": "Veroni Prosciutto",
    "shortDesc": "Veroni Prosciutto",
    "tags": [
      "Other Meat"
    ],
    "categories": [
      {
        "code": "Meat & Seafood",
        "desc": "Meat & Seafood"
      }
    ],
    "subCategories": [
      {
        "code": "Lunch Meat",
        "desc": "Lunch Meat"
      }
    ],
    "brands": [
      {
        "code": "Veroni",
        "desc": "Veroni"
      }
    ],
    "price": {
      "basePrice": 8.59,
      "discountPrice": 8.59
    },
    "type": {
      "code": "Other Meat",
      "desc": "Other Meat"
    },
    "weight": "4 oz",
    "UpcCode": "",
    "tax": 0.0,
    "spiceLevel": "",
    "aiselNo": "22",
    "store": "Market Basket",
    "weightType": "4 oz",
    "imageName": "No Image.jpg",
    "defaultImage": "No Image.jpg",
    "updatedTimestamp": "Jan 23, 2021 8:02:30 PM",
    "createdTimestamp": "Jan 23, 2021 8:02:30 PM",
    "isNewlyAdded": false,
    "isActive": true,
    "isDealsEnabled": false,
    "quantity": 0
  },
  {
    "id": 14537,
    "code": "Bigelow Organic Green Tea",
    "desc": "Bigelow Organic Green Tea",
    "shortDesc": "Bigelow Organic Green Tea",
    "tags": [
      "Tea"
    ],
    "categories": [
      {
        "code": "Breakfast & Dairy",
        "desc": "Breakfast & Dairy"
      }
    ],
    "subCategories": [
      {
        "code": "Tea & Coffee",
        "desc": "Tea & Coffee"
      }
    ],
    "brands": [
      {
        "code": "Bigelow ",
        "desc": "Bigelow "
      }
    ],
    "price": {
      "basePrice": 4.89,
      "discountPrice": 4.89
    },
    "type": {
      "code": "Tea",
      "desc": "Tea"
    },
    "weight": "1.82 oz",
    "UpcCode": "",
    "tax": 0.0,
    "spiceLevel": "",
    "aiselNo": "8",
    "store": "Market Basket",
    "weightType": "1.82 oz",
    "imageName": "3406.jpg",
    "defaultImage": "3406.jpg",
    "updatedTimestamp": "Jan 23, 2021 8:02:30 PM",
    "createdTimestamp": "Jan 23, 2021 8:02:30 PM",
    "isNewlyAdded": false,
    "isActive": true,
    "isDealsEnabled": false,
    "quantity": 0
  },
  {
    "id": 10169,
    "code": "Market Basket Light Ice Cream Vanilla",
    "desc": "Market Basket Light Ice Cream Vanilla",
    "shortDesc": "Market Basket Light Ice Cream Vanilla",
    "tags": [
      "Ice Cream & Ice"
    ],
    "categories": [
      {
        "code": "Frozen Food",
        "desc": "Frozen Food"
      }
    ],
    "subCategories": [
      {
        "code": "Ice Cream & Ice",
        "desc": "Ice Cream & Ice"
      }
    ],
    "brands": [
      {
        "code": "Market Basket",
        "desc": "Market Basket"
      }
    ],
    "price": {
      "basePrice": 2.49,
      "discountPrice": 2.49
    },
    "type": {
      "code": "Ice Cream & Ice",
      "desc": "Ice Cream & Ice"
    },
    "weight": "1.75 quart",
    "UpcCode": "",
    "tax": 0.0,
    "spiceLevel": "",
    "aiselNo": "21",
    "store": "Market Basket",
    "weightType": "1.75 quart",
    "imageName": "Market Basket.jpg",
    "defaultImage": "Market Basket.jpg",
    "updatedTimestamp": "Jan 23, 2021 8:02:30 PM",
    "createdTimestamp": "Jan 23, 2021 8:02:30 PM",
    "isNewlyAdded": false,
    "isActive": true,
    "isDealsEnabled": false,
    "quantity": 0
  },
  {
    "id": 4659,
    "code": "Genova Yellowfin Tuna in Extra Virgin Olive Oil with Sea Salt",
    "desc": "Genova Yellowfin Tuna in Extra Virgin Olive Oil with Sea Salt",
    "shortDesc": "Genova Yellowfin Tuna in Extra Virgin Olive Oil with Sea Salt",
    "tags": [
      "Canned Tuna"
    ],
    "categories": [
      {
        "code": "Meat & Seafood",
        "desc": "Meat & Seafood"
      }
    ],
    "subCategories": [
      {
        "code": "Canned Meat & Seafood",
        "desc": "Canned Meat & Seafood"
      }
    ],
    "brands": [
      {
        "code": "Genova",
        "desc": "Genova"
      }
    ],
    "price": {
      "basePrice": 2.49,
      "discountPrice": 2.49
    },
    "type": {
      "code": "Canned Tuna",
      "desc": "Canned Tuna"
    },
    "weight": "5 oz",
    "UpcCode": "",
    "tax": 0.0,
    "spiceLevel": "",
    "aiselNo": "2",
    "store": "Market Basket",
    "weightType": "5 oz",
    "imageName": "5240.jpg",
    "defaultImage": "5240.jpg",
    "updatedTimestamp": "Jan 23, 2021 8:02:30 PM",
    "createdTimestamp": "Jan 23, 2021 8:02:30 PM",
    "isNewlyAdded": false,
    "isActive": true,
    "isDealsEnabled": false,
    "quantity": 0
  },
  {
    "id": 14434,
    "code": "Nescafe Taster's Choice French Roast Instant Coffee",
    "desc": "Nescafe Taster's Choice French Roast Instant Coffee",
    "shortDesc": "Nescafe Taster's Choice French Roast Instant Coffee",
    "tags": [
      "Coffee"
    ],
    "categories": [
      {
        "code": "Breakfast & Dairy",
        "desc": "Breakfast & Dairy"
      }
    ],
    "subCategories": [
      {
        "code": "Tea & Coffee",
        "desc": "Tea & Coffee"
      }
    ],
    "brands": [
      {
        "code": "Nescafe",
        "desc": "Nescafe"
      }
    ],
    "price": {
      "basePrice": 10.39,
      "discountPrice": 10.39
    },
    "type": {
      "code": "Coffee",
      "desc": "Coffee"
    },
    "weight": "7 oz",
    "UpcCode": "",
    "tax": 0.0,
    "spiceLevel": "",
    "aiselNo": "8",
    "store": "Market Basket",
    "weightType": "7 oz",
    "imageName": "3400.jpg",
    "defaultImage": "3400.jpg",
    "updatedTimestamp": "Jan 23, 2021 8:02:30 PM",
    "createdTimestamp": "Jan 23, 2021 8:02:30 PM",
    "isNewlyAdded": false,
    "isActive": true,
    "isDealsEnabled": false,
    "quantity": 0
  },
  {
    "id": 7245,
    "code": "Market Basket Salt",
    "desc": "Market Basket Salt",
    "shortDesc": "Market Basket Salt",
    "tags": [
      "Spices & Seasonings"
    ],
    "categories": [
      {
        "code": "Cooking Needs",
        "desc": "Cooking Needs"
      }
    ],
    "subCategories": [
      {
        "code": "Spices & Seasonings",
        "desc": "Spices & Seasonings"
      }
    ],
    "brands": [
      {
        "code": "Market Basket",
        "desc": "Market Basket"
      }
    ],
    "price": {
      "basePrice": 0.59,
      "discountPrice": 0.59
    },
    "type": {
      "code": "Spices & Seasonings",
      "desc": "Spices & Seasonings"
    },
    "weight": "28 oz",
    "UpcCode": "",
    "tax": 0.0,
    "spiceLevel": "",
    "aiselNo": "9",
    "store": "Market Basket",
    "weightType": "28 oz",
    "imageName": "Market Basket.jpg",
    "defaultImage": "Market Basket.jpg",
    "updatedTimestamp": "Jan 23, 2021 8:02:30 PM",
    "createdTimestamp": "Jan 23, 2021 8:02:30 PM",
    "isNewlyAdded": false,
    "isActive": true,
    "isDealsEnabled": false,
    "quantity": 0
  },
  {
    "id": 5261,
    "code": "Garden of Eatin' Corn Tortilla Chips Red Hot Blues Chips",
    "desc": "Garden of Eatin' Corn Tortilla Chips Red Hot Blues Chips",
    "shortDesc": "Garden of Eatin' Corn Tortilla Chips Red Hot Blues Chips",
    "tags": [
      "Chips & Pretzels"
    ],
    "categories": [
      {
        "code": "Chips, Cookies & Snacks",
        "desc": "Chips, Cookies & Snacks"
      }
    ],
    "subCategories": [
      {
        "code": "Chips & Fruit Snacks",
        "desc": "Chips & Fruit Snacks"
      }
    ],
    "brands": [
      {
        "code": "Garden of Eatin'",
        "desc": "Garden of Eatin'"
      }
    ],
    "price": {
      "basePrice": 5.47,
      "discountPrice": 5.47
    },
    "type": {
      "code": "Chips & Pretzels",
      "desc": "Chips & Pretzels"
    },
    "weight": "8.1 oz",
    "UpcCode": "",
    "tax": 0.0,
    "spiceLevel": "",
    "aiselNo": "0",
    "store": "Market Basket",
    "weightType": "8.1 oz",
    "imageName": "No Image.jpg",
    "defaultImage": "No Image.jpg",
    "updatedTimestamp": "Jan 23, 2021 8:02:30 PM",
    "createdTimestamp": "Jan 23, 2021 8:02:30 PM",
    "isNewlyAdded": false,
    "isActive": true,
    "isDealsEnabled": false,
    "quantity": 0
  },
  {
    "id": 137,
    "code": "Libman Mop Refill, Roller, Nitty Gritty",
    "desc": "Libman Mop Refill, Roller, Nitty Gritty",
    "shortDesc": "Libman Mop Refill, Roller, Nitty Gritty",
    "tags": [
      "Mop Refill"
    ],
    "categories": [
      {
        "code": "Kitchen & Cleaning",
        "desc": "Kitchen & Cleaning"
      }
    ],
    "subCategories": [
      {
        "code": "Cleaning Products",
        "desc": "Cleaning Products"
      }
    ],
    "brands": [
      {
        "code": "Libman",
        "desc": "Libman"
      }
    ],
    "price": {
      "basePrice": 8.59,
      "discountPrice": 8.59
    },
    "type": {
      "code": "Mop Refill",
      "desc": "Mop Refill"
    },
    "weight": "1 count",
    "UpcCode": "",
    "tax": 1.0,
    "spiceLevel": "",
    "aiselNo": "15",
    "store": "Market Basket",
    "weightType": "1 count",
    "imageName": "4317.jpg",
    "defaultImage": "4317.jpg",
    "updatedTimestamp": "Jan 23, 2021 8:02:30 PM",
    "createdTimestamp": "Jan 23, 2021 8:02:30 PM",
    "isNewlyAdded": false,
    "isActive": true,
    "isDealsEnabled": false,
    "quantity": 0
  },
  {
    "id": 4131,
    "code": "Chicken Tenders Platter",
    "desc": "Chicken Tenders Platter",
    "shortDesc": "Chicken Tenders Platter",
    "tags": [
      "Chicken Tenderloins"
    ],
    "categories": [
      {
        "code": "Meat & Seafood",
        "desc": "Meat & Seafood"
      }
    ],
    "subCategories": [
      {
        "code": "Meat & Seafood Counter",
        "desc": "Meat & Seafood Counter"
      }
    ],
    "brands": [
      {
        "code": "Market Basket",
        "desc": "Market Basket"
      }
    ],
    "price": {
      "basePrice": 26.89,
      "discountPrice": 26.89
    },
    "type": {
      "code": "Chicken Tenderloins",
      "desc": "Chicken Tenderloins"
    },
    "weight": "1 lb",
    "UpcCode": "",
    "tax": 0.0,
    "spiceLevel": "",
    "aiselNo": "22",
    "store": "Market Basket",
    "weightType": "1 lb",
    "imageName": "Market Basket.jpg",
    "defaultImage": "Market Basket.jpg",
    "updatedTimestamp": "Jan 23, 2021 8:02:30 PM",
    "createdTimestamp": "Jan 23, 2021 8:02:30 PM",
    "isNewlyAdded": false,
    "isActive": true,
    "isDealsEnabled": false,
    "quantity": 0
  },
  {
    "id": 249,
    "code": "Palmolive Ultra Ultra Strength Dish Liquid",
    "desc": "Palmolive Ultra Ultra Strength Dish Liquid",
    "shortDesc": "Palmolive Ultra Ultra Strength Dish Liquid",
    "tags": [
      "Dish Liquid"
    ],
    "categories": [
      {
        "code": "Kitchen & Cleaning",
        "desc": "Kitchen & Cleaning"
      }
    ],
    "subCategories": [
      {
        "code": "Dish Detergents",
        "desc": "Dish Detergents"
      }
    ],
    "brands": [
      {
        "code": "Palmolive",
        "desc": "Palmolive"
      }
    ],
    "price": {
      "basePrice": 1.59,
      "discountPrice": 1.59
    },
    "type": {
      "code": "Dish Liquid",
      "desc": "Dish Liquid"
    },
    "weight": "20 fl oz",
    "UpcCode": "",
    "tax": 1.0,
    "spiceLevel": "",
    "aiselNo": "15",
    "store": "Market Basket",
    "weightType": "20 fl oz",
    "imageName": "4353.jpg",
    "defaultImage": "4353.jpg",
    "updatedTimestamp": "Jan 23, 2021 8:02:30 PM",
    "createdTimestamp": "Jan 23, 2021 8:02:30 PM",
    "isNewlyAdded": false,
    "isActive": true,
    "isDealsEnabled": false,
    "quantity": 0
  },
  {
    "id": 13527,
    "code": "Organic Valley Grassmilk Reduced Fat 2%",
    "desc": "Organic Valley Grassmilk Reduced Fat 2%",
    "shortDesc": "Organic Valley Grassmilk Reduced Fat 2%",
    "tags": [
      "Milk"
    ],
    "categories": [
      {
        "code": "Breakfast & Dairy",
        "desc": "Breakfast & Dairy"
      }
    ],
    "subCategories": [
      {
        "code": "Dairy & Eggs",
        "desc": "Dairy & Eggs"
      }
    ],
    "brands": [
      {
        "code": "Organic Valley",
        "desc": "Organic Valley"
      }
    ],
    "price": {
      "basePrice": 6.24,
      "discountPrice": 6.24
    },
    "type": {
      "code": "Milk",
      "desc": "Milk"
    },
    "weight": "0.5 gal",
    "UpcCode": "",
    "tax": 0.0,
    "spiceLevel": "",
    "aiselNo": "1",
    "store": "Market Basket",
    "weightType": "0.5 gal",
    "imageName": "503.jpg",
    "defaultImage": "503.jpg",
    "updatedTimestamp": "Jan 23, 2021 8:02:30 PM",
    "createdTimestamp": "Jan 23, 2021 8:02:30 PM",
    "isNewlyAdded": false,
    "isActive": true,
    "isDealsEnabled": false,
    "quantity": 0
  },
  {
    "id": 6366,
    "code": "Polar Seltzer Lemon",
    "desc": "Polar Seltzer Lemon",
    "shortDesc": "Polar Seltzer Lemon",
    "tags": [
      "Seltzer"
    ],
    "categories": [
      {
        "code": "Beverages & Juices",
        "desc": "Beverages & Juices"
      }
    ],
    "subCategories": [
      {
        "code": "Soft Drinks & Seltzers",
        "desc": "Soft Drinks & Seltzers"
      }
    ],
    "brands": [
      {
        "code": "Polar",
        "desc": "Polar"
      }
    ],
    "price": {
      "basePrice": 3.74,
      "discountPrice": 3.74
    },
    "type": {
      "code": "Seltzer",
      "desc": "Seltzer"
    },
    "weight": "6 x 16.9 fl oz",
    "UpcCode": "",
    "tax": 0.0,
    "spiceLevel": "",
    "aiselNo": "11",
    "store": "Market Basket",
    "weightType": "6 x 16.9 fl oz",
    "imageName": "No Image.jpg",
    "defaultImage": "No Image.jpg",
    "updatedTimestamp": "Jan 23, 2021 8:02:30 PM",
    "createdTimestamp": "Jan 23, 2021 8:02:30 PM",
    "isNewlyAdded": false,
    "isActive": true,
    "isDealsEnabled": false,
    "quantity": 0
  },
  {
    "id": 194,
    "code": "Woolite Carpet Foam, Large Area, Heavy Traffic",
    "desc": "Woolite Carpet Foam, Large Area, Heavy Traffic",
    "shortDesc": "Woolite Carpet Foam, Large Area, Heavy Traffic",
    "tags": [
      "Other Cleaning Products"
    ],
    "categories": [
      {
        "code": "Kitchen & Cleaning",
        "desc": "Kitchen & Cleaning"
      }
    ],
    "subCategories": [
      {
        "code": "Cleaning Products",
        "desc": "Cleaning Products"
      }
    ],
    "brands": [
      {
        "code": "Woolite",
        "desc": "Woolite"
      }
    ],
    "price": {
      "basePrice": 4.89,
      "discountPrice": 4.89
    },
    "type": {
      "code": "Other Cleaning Products",
      "desc": "Other Cleaning Products"
    },
    "weight": "22 fl oz",
    "UpcCode": "",
    "tax": 1.0,
    "spiceLevel": "",
    "aiselNo": "15",
    "store": "Market Basket",
    "weightType": "22 fl oz",
    "imageName": "16800.jpg",
    "defaultImage": "16800.jpg",
    "updatedTimestamp": "Jan 23, 2021 8:02:30 PM",
    "createdTimestamp": "Jan 23, 2021 8:02:30 PM",
    "isNewlyAdded": false,
    "isActive": true,
    "isDealsEnabled": false,
    "quantity": 0
  },
  {
    "id": 9147,
    "code": "Market Basket Fully Cooked Swedish Style Meatballs",
    "desc": "Market Basket Fully Cooked Swedish Style Meatballs",
    "shortDesc": "Market Basket Fully Cooked Swedish Style Meatballs",
    "tags": [
      "Frozen Appetizers & Sides"
    ],
    "categories": [
      {
        "code": "Frozen Food",
        "desc": "Frozen Food"
      }
    ],
    "subCategories": [
      {
        "code": "Frozen Dinners & Entrees",
        "desc": "Frozen Dinners & Entrees"
      }
    ],
    "brands": [
      {
        "code": "Market Basket",
        "desc": "Market Basket"
      }
    ],
    "price": {
      "basePrice": 7.09,
      "discountPrice": 7.09
    },
    "type": {
      "code": "Frozen Appetizers & Sides",
      "desc": "Frozen Appetizers & Sides"
    },
    "weight": "32 oz",
    "UpcCode": "",
    "tax": 0.0,
    "spiceLevel": "",
    "aiselNo": "18",
    "store": "Market Basket",
    "weightType": "32 oz",
    "imageName": "Market Basket.jpg",
    "defaultImage": "Market Basket.jpg",
    "updatedTimestamp": "Jan 23, 2021 8:02:30 PM",
    "createdTimestamp": "Jan 23, 2021 8:02:30 PM",
    "isNewlyAdded": false,
    "isActive": true,
    "isDealsEnabled": false,
    "quantity": 0
  },
  {
    "id": 127,
    "code": "Gain flings! Liquid Laundry Detergent Pacs, Original",
    "desc": "Gain flings! Liquid Laundry Detergent Pacs, Original",
    "shortDesc": "Gain flings! Liquid Laundry Detergent Pacs, Original",
    "tags": [
      "Laundry Detergent"
    ],
    "categories": [
      {
        "code": "Laundry & Paper Goods",
        "desc": "Laundry & Paper Goods"
      }
    ],
    "subCategories": [
      {
        "code": "Laundry",
        "desc": "Laundry"
      }
    ],
    "brands": [
      {
        "code": "Gain",
        "desc": "Gain"
      }
    ],
    "price": {
      "basePrice": 6.86,
      "discountPrice": 6.86
    },
    "type": {
      "code": "Laundry Detergent",
      "desc": "Laundry Detergent"
    },
    "weight": "16 count",
    "UpcCode": "",
    "tax": 1.0,
    "spiceLevel": "",
    "aiselNo": "15",
    "store": "Market Basket",
    "weightType": "16 count",
    "imageName": "16783.jpg",
    "defaultImage": "16783.jpg",
    "updatedTimestamp": "Jan 23, 2021 8:02:30 PM",
    "createdTimestamp": "Jan 23, 2021 8:02:30 PM",
    "isNewlyAdded": false,
    "isActive": true,
    "isDealsEnabled": false,
    "quantity": 0
  },
  {
    "id": 7237,
    "code": "Litehouse Freeze Dried Parsley",
    "desc": "Litehouse Freeze Dried Parsley",
    "shortDesc": "Litehouse Freeze Dried Parsley",
    "tags": [
      "Spices & Seasonings"
    ],
    "categories": [
      {
        "code": "Cooking Needs",
        "desc": "Cooking Needs"
      }
    ],
    "subCategories": [
      {
        "code": "Spices & Seasonings",
        "desc": "Spices & Seasonings"
      }
    ],
    "brands": [
      {
        "code": "Litehouse",
        "desc": "Litehouse"
      }
    ],
    "price": {
      "basePrice": 4.09,
      "discountPrice": 4.09
    },
    "type": {
      "code": "Spices & Seasonings",
      "desc": "Spices & Seasonings"
    },
    "weight": "0.35 oz",
    "UpcCode": "",
    "tax": 0.0,
    "spiceLevel": "",
    "aiselNo": "9",
    "store": "Market Basket",
    "weightType": "0.35 oz",
    "imageName": "2281.jpg",
    "defaultImage": "2281.jpg",
    "updatedTimestamp": "Jan 23, 2021 8:02:30 PM",
    "createdTimestamp": "Jan 23, 2021 8:02:30 PM",
    "isNewlyAdded": false,
    "isActive": true,
    "isDealsEnabled": false,
    "quantity": 0
  },
  {
    "id": 4761,
    "code": "Ducktrap Wild Salmon, Smoked",
    "desc": "Ducktrap Wild Salmon, Smoked",
    "shortDesc": "Ducktrap Wild Salmon, Smoked",
    "tags": [
      "Frozen Salmon"
    ],
    "categories": [
      {
        "code": "Meat & Seafood",
        "desc": "Meat & Seafood"
      }
    ],
    "subCategories": [
      {
        "code": "Frozen Meat & Seafood",
        "desc": "Frozen Meat & Seafood"
      }
    ],
    "brands": [
      {
        "code": "Ducktrap",
        "desc": "Ducktrap"
      }
    ],
    "price": {
      "basePrice": 9.79,
      "discountPrice": 9.79
    },
    "type": {
      "code": "Frozen Salmon",
      "desc": "Frozen Salmon"
    },
    "weight": "4 oz",
    "UpcCode": "",
    "tax": 0.0,
    "spiceLevel": "",
    "aiselNo": "18",
    "store": "Market Basket",
    "weightType": "4 oz",
    "imageName": "16041.jpg",
    "defaultImage": "16041.jpg",
    "updatedTimestamp": "Jan 23, 2021 8:02:30 PM",
    "createdTimestamp": "Jan 23, 2021 8:02:30 PM",
    "isNewlyAdded": false,
    "isActive": true,
    "isDealsEnabled": false,
    "quantity": 0
  },
  {
    "id": 12690,
    "code": "Food for Life Low Sodium Bread Sprouted Grain",
    "desc": "Food for Life Low Sodium Bread Sprouted Grain",
    "shortDesc": "Food for Life Low Sodium Bread Sprouted Grain",
    "tags": [
      "Bread"
    ],
    "categories": [
      {
        "code": "Breakfast & Dairy",
        "desc": "Breakfast & Dairy"
      }
    ],
    "subCategories": [
      {
        "code": "Breads & Rolls",
        "desc": "Breads & Rolls"
      }
    ],
    "brands": [
      {
        "code": "Food For Life",
        "desc": "Food For Life"
      }
    ],
    "price": {
      "basePrice": 5.99,
      "discountPrice": 5.99
    },
    "type": {
      "code": "Bread",
      "desc": "Bread"
    },
    "weight": "24 oz",
    "UpcCode": "",
    "tax": 0.0,
    "spiceLevel": "",
    "aiselNo": "18",
    "store": "Market Basket",
    "weightType": "24 oz",
    "imageName": "4776.jpg",
    "defaultImage": "4776.jpg",
    "updatedTimestamp": "Jan 23, 2021 8:02:30 PM",
    "createdTimestamp": "Jan 23, 2021 8:02:30 PM",
    "isNewlyAdded": false,
    "isActive": true,
    "isDealsEnabled": false,
    "quantity": 0
  },
  {
    "id": 10199,
    "code": "Popsicle Fudgsicle Fudge Bars",
    "desc": "Popsicle Fudgsicle Fudge Bars",
    "shortDesc": "Popsicle Fudgsicle Fudge Bars",
    "tags": [
      "Ice Cream & Ice"
    ],
    "categories": [
      {
        "code": "Frozen Food",
        "desc": "Frozen Food"
      }
    ],
    "subCategories": [
      {
        "code": "Ice Cream & Ice",
        "desc": "Ice Cream & Ice"
      }
    ],
    "brands": [
      {
        "code": "Popsicle",
        "desc": "Popsicle"
      }
    ],
    "price": {
      "basePrice": 4.39,
      "discountPrice": 4.39
    },
    "type": {
      "code": "Ice Cream & Ice",
      "desc": "Ice Cream & Ice"
    },
    "weight": "30 fl oz",
    "UpcCode": "",
    "tax": 0.0,
    "spiceLevel": "",
    "aiselNo": "21",
    "store": "Market Basket",
    "weightType": "30 fl oz",
    "imageName": "3151.jpg",
    "defaultImage": "3151.jpg",
    "updatedTimestamp": "Jan 23, 2021 8:02:30 PM",
    "createdTimestamp": "Jan 23, 2021 8:02:30 PM",
    "isNewlyAdded": false,
    "isActive": true,
    "isDealsEnabled": false,
    "quantity": 0
  },
  {
    "id": 13363,
    "code": "Quesos La Ricura Mexican Style Cream Bottle",
    "desc": "Quesos La Ricura Mexican Style Cream Bottle",
    "shortDesc": "Quesos La Ricura Mexican Style Cream Bottle",
    "tags": [
      "Cream"
    ],
    "categories": [
      {
        "code": "Breakfast & Dairy",
        "desc": "Breakfast & Dairy"
      }
    ],
    "subCategories": [
      {
        "code": "Dairy & Eggs",
        "desc": "Dairy & Eggs"
      }
    ],
    "brands": [
      {
        "code": "La Ricura",
        "desc": "La Ricura"
      }
    ],
    "price": {
      "basePrice": 5.79,
      "discountPrice": 5.79
    },
    "type": {
      "code": "Cream",
      "desc": "Cream"
    },
    "weight": "14 fl oz",
    "UpcCode": "",
    "tax": 0.0,
    "spiceLevel": "",
    "aiselNo": "1",
    "store": "Market Basket",
    "weightType": "14 fl oz",
    "imageName": "Market Basket.jpg",
    "defaultImage": "Market Basket.jpg",
    "updatedTimestamp": "Jan 23, 2021 8:02:30 PM",
    "createdTimestamp": "Jan 23, 2021 8:02:30 PM",
    "isNewlyAdded": false,
    "isActive": true,
    "isDealsEnabled": false,
    "quantity": 0
  },
  {
    "id": 13927,
    "code": "BelGioioso Cheese",
    "desc": "BelGioioso Cheese",
    "shortDesc": "BelGioioso Cheese",
    "tags": [
      "Specialty Cheeses"
    ],
    "categories": [
      {
        "code": "Breakfast & Dairy",
        "desc": "Breakfast & Dairy"
      }
    ],
    "subCategories": [
      {
        "code": "Dairy & Eggs",
        "desc": "Dairy & Eggs"
      }
    ],
    "brands": [
      {
        "code": "BelGioioso",
        "desc": "BelGioioso"
      }
    ],
    "price": {
      "basePrice": 4.29,
      "discountPrice": 4.29
    },
    "type": {
      "code": "Specialty Cheeses",
      "desc": "Specialty Cheeses"
    },
    "weight": "12 oz",
    "UpcCode": "",
    "tax": 0.0,
    "spiceLevel": "",
    "aiselNo": "1",
    "store": "Market Basket",
    "weightType": "12 oz",
    "imageName": "Market Basket.jpg",
    "defaultImage": "Market Basket.jpg",
    "updatedTimestamp": "Jan 23, 2021 8:02:30 PM",
    "createdTimestamp": "Jan 23, 2021 8:02:30 PM",
    "isNewlyAdded": false,
    "isActive": true,
    "isDealsEnabled": false,
    "quantity": 0
  },
  {
    "id": 274,
    "code": "Market Basket Lemon Scent Dishwasher Gel",
    "desc": "Market Basket Lemon Scent Dishwasher Gel",
    "shortDesc": "Market Basket Lemon Scent Dishwasher Gel",
    "tags": [
      "Dishwasher Detergent"
    ],
    "categories": [
      {
        "code": "Kitchen & Cleaning",
        "desc": "Kitchen & Cleaning"
      }
    ],
    "subCategories": [
      {
        "code": "Dish Detergents",
        "desc": "Dish Detergents"
      }
    ],
    "brands": [
      {
        "code": "Market Basket",
        "desc": "Market Basket"
      }
    ],
    "price": {
      "basePrice": 4.69,
      "discountPrice": 4.69
    },
    "type": {
      "code": "Dishwasher Detergent",
      "desc": "Dishwasher Detergent"
    },
    "weight": "75 fl oz",
    "UpcCode": "",
    "tax": 1.0,
    "spiceLevel": "",
    "aiselNo": "15",
    "store": "Market Basket",
    "weightType": "75 fl oz",
    "imageName": "Market Basket.jpg",
    "defaultImage": "Market Basket.jpg",
    "updatedTimestamp": "Jan 23, 2021 8:02:30 PM",
    "createdTimestamp": "Jan 23, 2021 8:02:30 PM",
    "isNewlyAdded": false,
    "isActive": true,
    "isDealsEnabled": false,
    "quantity": 0
  },
  {
    "id": 14581,
    "code": "Pure Leaf Honey Green Tea Real Brewed Tea",
    "desc": "Pure Leaf Honey Green Tea Real Brewed Tea",
    "shortDesc": "Pure Leaf Honey Green Tea Real Brewed Tea",
    "tags": [
      "Tea"
    ],
    "categories": [
      {
        "code": "Beverages & Juices",
        "desc": "Beverages & Juices"
      }
    ],
    "subCategories": [
      {
        "code": "Tea, Coffee, Milk & Coconut Water",
        "desc": "Tea, Coffee, Milk & Coconut Water"
      }
    ],
    "brands": [
      {
        "code": "Pure Leaf",
        "desc": "Pure Leaf"
      }
    ],
    "price": {
      "basePrice": 1.24,
      "discountPrice": 1.24
    },
    "type": {
      "code": "Tea",
      "desc": "Tea"
    },
    "weight": "18.5 fl oz",
    "UpcCode": "012000041174",
    "tax": 0.0,
    "spiceLevel": "",
    "aiselNo": "10",
    "store": "Market Basket",
    "weightType": "18.5 fl oz",
    "imageName": "X2947.jpg",
    "defaultImage": "X2947.jpg",
    "updatedTimestamp": "Jan 23, 2021 8:02:29 PM",
    "createdTimestamp": "Jan 23, 2021 8:02:29 PM",
    "isNewlyAdded": false,
    "isActive": true,
    "isDealsEnabled": false,
    "quantity": 0
  },
  {
    "id": 7317,
    "code": "McCormick Ground Ginger",
    "desc": "McCormick Ground Ginger",
    "shortDesc": "McCormick Ground Ginger",
    "tags": [
      "Spices & Seasonings"
    ],
    "categories": [
      {
        "code": "Cooking Needs",
        "desc": "Cooking Needs"
      }
    ],
    "subCategories": [
      {
        "code": "Spices & Seasonings",
        "desc": "Spices & Seasonings"
      }
    ],
    "brands": [
      {
        "code": "McCormick",
        "desc": "McCormick"
      }
    ],
    "price": {
      "basePrice": 11.99,
      "discountPrice": 11.99
    },
    "type": {
      "code": "Spices & Seasonings",
      "desc": "Spices & Seasonings"
    },
    "weight": "8 oz",
    "UpcCode": "",
    "tax": 0.0,
    "spiceLevel": "",
    "aiselNo": "9",
    "store": "Market Basket",
    "weightType": "8 oz",
    "imageName": "2154.jpg",
    "defaultImage": "2154.jpg",
    "updatedTimestamp": "Jan 23, 2021 8:02:30 PM",
    "createdTimestamp": "Jan 23, 2021 8:02:30 PM",
    "isNewlyAdded": false,
    "isActive": true,
    "isDealsEnabled": false,
    "quantity": 0
  },
  {
    "id": 8038,
    "code": "Market Basket Beef Bouillon Cubes",
    "desc": "Market Basket Beef Bouillon Cubes",
    "shortDesc": "Market Basket Beef Bouillon Cubes",
    "tags": [
      "Soup, Broth & Bouillon"
    ],
    "categories": [
      {
        "code": "Cooking Needs",
        "desc": "Cooking Needs"
      }
    ],
    "subCategories": [
      {
        "code": "Canned Food",
        "desc": "Canned Food"
      }
    ],
    "brands": [
      {
        "code": "Market Basket",
        "desc": "Market Basket"
      }
    ],
    "price": {
      "basePrice": 1.29,
      "discountPrice": 1.29
    },
    "type": {
      "code": "Soup, Broth & Bouillon",
      "desc": "Soup, Broth & Bouillon"
    },
    "weight": "3.4 oz",
    "UpcCode": "",
    "tax": 0.0,
    "spiceLevel": "",
    "aiselNo": "2",
    "store": "Market Basket",
    "weightType": "3.4 oz",
    "imageName": "Market Basket.jpg",
    "defaultImage": "Market Basket.jpg",
    "updatedTimestamp": "Jan 23, 2021 8:02:30 PM",
    "createdTimestamp": "Jan 23, 2021 8:02:30 PM",
    "isNewlyAdded": false,
    "isActive": true,
    "isDealsEnabled": false,
    "quantity": 0
  },
  {
    "id": 4687,
    "code": "Snow's Premium Chunk in Water White Chicken",
    "desc": "Snow's Premium Chunk in Water White Chicken",
    "shortDesc": "Snow's Premium Chunk in Water White Chicken",
    "tags": [
      "Canned Chicken"
    ],
    "categories": [
      {
        "code": "Meat & Seafood",
        "desc": "Meat & Seafood"
      }
    ],
    "subCategories": [
      {
        "code": "Canned Meat & Seafood",
        "desc": "Canned Meat & Seafood"
      }
    ],
    "brands": [
      {
        "code": "Snow's",
        "desc": "Snow's"
      }
    ],
    "price": {
      "basePrice": 3.09,
      "discountPrice": 3.09
    },
    "type": {
      "code": "Canned Chicken",
      "desc": "Canned Chicken"
    },
    "weight": "10 oz",
    "UpcCode": "",
    "tax": 0.0,
    "spiceLevel": "",
    "aiselNo": "2",
    "store": "Market Basket",
    "weightType": "10 oz",
    "imageName": "17161.jpg",
    "defaultImage": "17161.jpg",
    "updatedTimestamp": "Jan 23, 2021 8:02:30 PM",
    "createdTimestamp": "Jan 23, 2021 8:02:30 PM",
    "isNewlyAdded": false,
    "isActive": true,
    "isDealsEnabled": false,
    "quantity": 0
  },
  {
    "id": 8291,
    "code": "Cedar Roasted Red Pepper Hommus",
    "desc": "Cedar Roasted Red Pepper Hommus",
    "shortDesc": "Cedar Roasted Red Pepper Hommus",
    "tags": [
      "Hommus"
    ],
    "categories": [
      {
        "code": "Condiments & Dressings",
        "desc": "Condiments & Dressings"
      }
    ],
    "subCategories": [
      {
        "code": "Fresh Dips & Tapenades",
        "desc": "Fresh Dips & Tapenades"
      }
    ],
    "brands": [
      {
        "code": "Cedar",
        "desc": "Cedar"
      }
    ],
    "price": {
      "basePrice": 2.49,
      "discountPrice": 2.49
    },
    "type": {
      "code": "Hommus",
      "desc": "Hommus"
    },
    "weight": "8 oz",
    "UpcCode": "",
    "tax": 0.0,
    "spiceLevel": "",
    "aiselNo": "1",
    "store": "Market Basket",
    "weightType": "8 oz",
    "imageName": "5502.jpg",
    "defaultImage": "5502.jpg",
    "updatedTimestamp": "Jan 23, 2021 8:02:30 PM",
    "createdTimestamp": "Jan 23, 2021 8:02:30 PM",
    "isNewlyAdded": false,
    "isActive": true,
    "isDealsEnabled": false,
    "quantity": 0
  },
  {
    "id": 6829,
    "code": "Domino Sugar Quick Dissolve Superfine",
    "desc": "Domino Sugar Quick Dissolve Superfine",
    "shortDesc": "Domino Sugar Quick Dissolve Superfine",
    "tags": [
      "Baking Ingredients"
    ],
    "categories": [
      {
        "code": "Cooking Needs",
        "desc": "Cooking Needs"
      }
    ],
    "subCategories": [
      {
        "code": "Baking & Cooking",
        "desc": "Baking & Cooking"
      }
    ],
    "brands": [
      {
        "code": "Domino",
        "desc": "Domino"
      }
    ],
    "price": {
      "basePrice": 3.09,
      "discountPrice": 3.09
    },
    "type": {
      "code": "Baking Ingredients",
      "desc": "Baking Ingredients"
    },
    "weight": "12 oz",
    "UpcCode": "",
    "tax": 0.0,
    "spiceLevel": "",
    "aiselNo": "8",
    "store": "Market Basket",
    "weightType": "12 oz",
    "imageName": "2336.jpg",
    "defaultImage": "2336.jpg",
    "updatedTimestamp": "Jan 23, 2021 8:02:30 PM",
    "createdTimestamp": "Jan 23, 2021 8:02:30 PM",
    "isNewlyAdded": false,
    "isActive": true,
    "isDealsEnabled": false,
    "quantity": 0
  },
  {
    "id": 8411,
    "code": "Heinz HomeStyle Fat Free Classic Chicken Gravy",
    "desc": "Heinz HomeStyle Fat Free Classic Chicken Gravy",
    "shortDesc": "Heinz HomeStyle Fat Free Classic Chicken Gravy",
    "tags": [
      "Marinades & Meat Preparation"
    ],
    "categories": [
      {
        "code": "Condiments & Dressings",
        "desc": "Condiments & Dressings"
      }
    ],
    "subCategories": [
      {
        "code": "Marinades, Ketchup & Sauces",
        "desc": "Marinades, Ketchup & Sauces"
      }
    ],
    "brands": [
      {
        "code": "Heinz",
        "desc": "Heinz"
      }
    ],
    "price": {
      "basePrice": 2.09,
      "discountPrice": 2.09
    },
    "type": {
      "code": "Marinades & Meat Preparation",
      "desc": "Marinades & Meat Preparation"
    },
    "weight": "12 oz",
    "UpcCode": "",
    "tax": 0.0,
    "spiceLevel": "",
    "aiselNo": "9",
    "store": "Market Basket",
    "weightType": "12 oz",
    "imageName": "1958.jpg",
    "defaultImage": "1958.jpg",
    "updatedTimestamp": "Jan 23, 2021 8:02:30 PM",
    "createdTimestamp": "Jan 23, 2021 8:02:30 PM",
    "isNewlyAdded": false,
    "isActive": true,
    "isDealsEnabled": false,
    "quantity": 0
  },
  {
    "id": 10130,
    "code": "Klondike original",
    "desc": "Klondike original",
    "shortDesc": "Klondike original",
    "tags": [
      "Ice Cream & Ice"
    ],
    "categories": [
      {
        "code": "Frozen Food",
        "desc": "Frozen Food"
      }
    ],
    "subCategories": [
      {
        "code": "Ice Cream & Ice",
        "desc": "Ice Cream & Ice"
      }
    ],
    "brands": [
      {
        "code": "Klondike",
        "desc": "Klondike"
      }
    ],
    "price": {
      "basePrice": 3.69,
      "discountPrice": 3.69
    },
    "type": {
      "code": "Ice Cream & Ice",
      "desc": "Ice Cream & Ice"
    },
    "weight": "8 count",
    "UpcCode": "",
    "tax": 0.0,
    "spiceLevel": "",
    "aiselNo": "21",
    "store": "Market Basket",
    "weightType": "8 count",
    "imageName": "18038.jpg",
    "defaultImage": "18038.jpg",
    "updatedTimestamp": "Jan 23, 2021 8:02:30 PM",
    "createdTimestamp": "Jan 23, 2021 8:02:30 PM",
    "isNewlyAdded": false,
    "isActive": true,
    "isDealsEnabled": false,
    "quantity": 0
  },
  {
    "id": 14718,
    "code": "Udderly Smooth Hand Cream Original Formula",
    "desc": "Udderly Smooth Hand Cream Original Formula",
    "shortDesc": "Udderly Smooth Hand Cream Original Formula",
    "tags": [
      "Cream"
    ],
    "categories": [
      {
        "code": "Personal Care",
        "desc": "Personal Care"
      }
    ],
    "subCategories": [
      {
        "code": "Body Wash, Soap & Hair Care",
        "desc": "Body Wash, Soap & Hair Care"
      }
    ],
    "brands": [
      {
        "code": "Udderly Smooth",
        "desc": "Udderly Smooth"
      }
    ],
    "price": {
      "basePrice": 3.21,
      "discountPrice": 3.21
    },
    "type": {
      "code": "Cream",
      "desc": "Cream"
    },
    "weight": "4 oz",
    "UpcCode": "",
    "tax": 1.0,
    "spiceLevel": "",
    "aiselNo": "13",
    "store": "Market Basket",
    "weightType": "4 oz",
    "imageName": "17745.jpg",
    "defaultImage": "17745.jpg",
    "updatedTimestamp": "Jan 23, 2021 8:02:30 PM",
    "createdTimestamp": "Jan 23, 2021 8:02:30 PM",
    "isNewlyAdded": false,
    "isActive": true,
    "isDealsEnabled": false,
    "quantity": 0
  },
  {
    "id": 12824,
    "code": "Market Basket Blueberry Muffin",
    "desc": "Market Basket Blueberry Muffin",
    "shortDesc": "Market Basket Blueberry Muffin",
    "tags": [
      "Muffin"
    ],
    "categories": [
      {
        "code": "Breakfast & Dairy",
        "desc": "Breakfast & Dairy"
      }
    ],
    "subCategories": [
      {
        "code": "Breads & Rolls",
        "desc": "Breads & Rolls"
      }
    ],
    "brands": [
      {
        "code": "Market Basket",
        "desc": "Market Basket"
      }
    ],
    "price": {
      "basePrice": 3.49,
      "discountPrice": 3.49
    },
    "type": {
      "code": "Muffin",
      "desc": "Muffin"
    },
    "weight": "20 oz",
    "UpcCode": "",
    "tax": 0.0,
    "spiceLevel": "",
    "aiselNo": "0",
    "store": "Market Basket",
    "weightType": "20 oz",
    "imageName": "Market Basket.jpg",
    "defaultImage": "Market Basket.jpg",
    "updatedTimestamp": "Jan 23, 2021 8:02:30 PM",
    "createdTimestamp": "Jan 23, 2021 8:02:30 PM",
    "isNewlyAdded": false,
    "isActive": true,
    "isDealsEnabled": false,
    "quantity": 0
  },
  {
    "id": 9045,
    "code": "Smucker's Orchard's Finest Northwoods Blueberry Preserves",
    "desc": "Smucker's Orchard's Finest Northwoods Blueberry Preserves",
    "shortDesc": "Smucker's Orchard's Finest Northwoods Blueberry Preserves",
    "tags": [
      "Spreads"
    ],
    "categories": [
      {
        "code": "Condiments & Dressings",
        "desc": "Condiments & Dressings"
      }
    ],
    "subCategories": [
      {
        "code": "Preserved Dips & Spreads",
        "desc": "Preserved Dips & Spreads"
      }
    ],
    "brands": [
      {
        "code": "Smucker's",
        "desc": "Smucker's"
      }
    ],
    "price": {
      "basePrice": 3.69,
      "discountPrice": 3.69
    },
    "type": {
      "code": "Spreads",
      "desc": "Spreads"
    },
    "weight": "12 oz",
    "UpcCode": "",
    "tax": 0.0,
    "spiceLevel": "",
    "aiselNo": "3",
    "store": "Market Basket",
    "weightType": "12 oz",
    "imageName": "1630.jpg",
    "defaultImage": "1630.jpg",
    "updatedTimestamp": "Jan 23, 2021 8:02:30 PM",
    "createdTimestamp": "Jan 23, 2021 8:02:30 PM",
    "isNewlyAdded": false,
    "isActive": true,
    "isDealsEnabled": false,
    "quantity": 0
  },
  {
    "id": 7413,
    "code": "Del Monte Leaf Spinach",
    "desc": "Del Monte Leaf Spinach",
    "shortDesc": "Del Monte Leaf Spinach",
    "tags": [
      "Canned & Jarred Vegetables"
    ],
    "categories": [
      {
        "code": "Cooking Needs",
        "desc": "Cooking Needs"
      }
    ],
    "subCategories": [
      {
        "code": "Canned Food",
        "desc": "Canned Food"
      }
    ],
    "brands": [
      {
        "code": "Del Monte",
        "desc": "Del Monte"
      }
    ],
    "price": {
      "basePrice": 1.09,
      "discountPrice": 1.09
    },
    "type": {
      "code": "Canned & Jarred Vegetables",
      "desc": "Canned & Jarred Vegetables"
    },
    "weight": "13.5 oz",
    "UpcCode": "",
    "tax": 0.0,
    "spiceLevel": "",
    "aiselNo": "9",
    "store": "Market Basket",
    "weightType": "13.5 oz",
    "imageName": "5027.jpg",
    "defaultImage": "5027.jpg",
    "updatedTimestamp": "Jan 23, 2021 8:02:30 PM",
    "createdTimestamp": "Jan 23, 2021 8:02:30 PM",
    "isNewlyAdded": false,
    "isActive": true,
    "isDealsEnabled": false,
    "quantity": 0
  },
  {
    "id": 13366,
    "code": "Market Basket Fat Free Half And Half",
    "desc": "Market Basket Fat Free Half And Half",
    "shortDesc": "Market Basket Fat Free Half And Half",
    "tags": [
      "Cream"
    ],
    "categories": [
      {
        "code": "Breakfast & Dairy",
        "desc": "Breakfast & Dairy"
      }
    ],
    "subCategories": [
      {
        "code": "Dairy & Eggs",
        "desc": "Dairy & Eggs"
      }
    ],
    "brands": [
      {
        "code": "Market Basket",
        "desc": "Market Basket"
      }
    ],
    "price": {
      "basePrice": 2.09,
      "discountPrice": 2.09
    },
    "type": {
      "code": "Cream",
      "desc": "Cream"
    },
    "weight": "32 fl oz",
    "UpcCode": "",
    "tax": 0.0,
    "spiceLevel": "",
    "aiselNo": "1",
    "store": "Market Basket",
    "weightType": "32 fl oz",
    "imageName": "Market Basket.jpg",
    "defaultImage": "Market Basket.jpg",
    "updatedTimestamp": "Jan 23, 2021 8:02:30 PM",
    "createdTimestamp": "Jan 23, 2021 8:02:30 PM",
    "isNewlyAdded": false,
    "isActive": true,
    "isDealsEnabled": false,
    "quantity": 0
  },
  {
    "id": 7620,
    "code": "Del Monte Mandarin Oranges in Water, No Sugar Added",
    "desc": "Del Monte Mandarin Oranges in Water, No Sugar Added",
    "shortDesc": "Del Monte Mandarin Oranges in Water, No Sugar Added",
    "tags": [
      "Canned Fruit & Applesauce"
    ],
    "categories": [
      {
        "code": "Cooking Needs",
        "desc": "Cooking Needs"
      }
    ],
    "subCategories": [
      {
        "code": "Canned Food",
        "desc": "Canned Food"
      }
    ],
    "brands": [
      {
        "code": "Del Monte",
        "desc": "Del Monte"
      }
    ],
    "price": {
      "basePrice": 2.49,
      "discountPrice": 2.49
    },
    "type": {
      "code": "Canned Fruit & Applesauce",
      "desc": "Canned Fruit & Applesauce"
    },
    "weight": "4 oz",
    "UpcCode": "",
    "tax": 0.0,
    "spiceLevel": "",
    "aiselNo": "3",
    "store": "Market Basket",
    "weightType": "4 oz",
    "imageName": "4904.jpg",
    "defaultImage": "4904.jpg",
    "updatedTimestamp": "Jan 23, 2021 8:02:30 PM",
    "createdTimestamp": "Jan 23, 2021 8:02:30 PM",
    "isNewlyAdded": false,
    "isActive": true,
    "isDealsEnabled": false,
    "quantity": 0
  },
  {
    "id": 6993,
    "code": "Jell o White Chocolate Sugar Free Fat Free Instant Pudding & Pie Filling Mix",
    "desc": "Jell o White Chocolate Sugar Free Fat Free Instant Pudding & Pie Filling Mix",
    "shortDesc": "Jell o White Chocolate Sugar Free Fat Free Instant Pudding & Pie Filling Mix",
    "tags": [
      "Doughs, Gelatins & Bake Mixes"
    ],
    "categories": [
      {
        "code": "Cooking Needs",
        "desc": "Cooking Needs"
      }
    ],
    "subCategories": [
      {
        "code": "Baking & Cooking",
        "desc": "Baking & Cooking"
      }
    ],
    "brands": [
      {
        "code": "Jell-O",
        "desc": "Jell-O"
      }
    ],
    "price": {
      "basePrice": 1.09,
      "discountPrice": 1.09
    },
    "type": {
      "code": "Doughs, Gelatins & Bake Mixes",
      "desc": "Doughs, Gelatins & Bake Mixes"
    },
    "weight": "1 oz",
    "UpcCode": "",
    "tax": 0.0,
    "spiceLevel": "",
    "aiselNo": "8",
    "store": "Market Basket",
    "weightType": "1 oz",
    "imageName": "2067.jpg",
    "defaultImage": "2067.jpg",
    "updatedTimestamp": "Jan 23, 2021 8:02:30 PM",
    "createdTimestamp": "Jan 23, 2021 8:02:30 PM",
    "isNewlyAdded": false,
    "isActive": true,
    "isDealsEnabled": false,
    "quantity": 0
  },
  {
    "id": 13928,
    "code": "BelGioioso Cheese Fontina Cheese",
    "desc": "BelGioioso Cheese Fontina Cheese",
    "shortDesc": "BelGioioso Cheese Fontina Cheese",
    "tags": [
      "Specialty Cheeses"
    ],
    "categories": [
      {
        "code": "Breakfast & Dairy",
        "desc": "Breakfast & Dairy"
      }
    ],
    "subCategories": [
      {
        "code": "Dairy & Eggs",
        "desc": "Dairy & Eggs"
      }
    ],
    "brands": [
      {
        "code": "BelGioioso",
        "desc": "BelGioioso"
      }
    ],
    "price": {
      "basePrice": 4.89,
      "discountPrice": 4.89
    },
    "type": {
      "code": "Specialty Cheeses",
      "desc": "Specialty Cheeses"
    },
    "weight": "8 oz",
    "UpcCode": "",
    "tax": 0.0,
    "spiceLevel": "",
    "aiselNo": "1",
    "store": "Market Basket",
    "weightType": "8 oz",
    "imageName": "5464.jpg",
    "defaultImage": "5464.jpg",
    "updatedTimestamp": "Jan 23, 2021 8:02:30 PM",
    "createdTimestamp": "Jan 23, 2021 8:02:30 PM",
    "isNewlyAdded": false,
    "isActive": true,
    "isDealsEnabled": false,
    "quantity": 0
  },
  {
    "id": 10067,
    "code": "Haagen dazs Coffee Ice Cream",
    "desc": "Haagen dazs Coffee Ice Cream",
    "shortDesc": "Haagen dazs Coffee Ice Cream",
    "tags": [
      "Ice Cream & Ice"
    ],
    "categories": [
      {
        "code": "Frozen Food",
        "desc": "Frozen Food"
      }
    ],
    "subCategories": [
      {
        "code": "Ice Cream & Ice",
        "desc": "Ice Cream & Ice"
      }
    ],
    "brands": [
      {
        "code": "Haagen-dazs",
        "desc": "Haagen-dazs"
      }
    ],
    "price": {
      "basePrice": 3.69,
      "discountPrice": 3.69
    },
    "type": {
      "code": "Ice Cream & Ice",
      "desc": "Ice Cream & Ice"
    },
    "weight": "14 fl oz",
    "UpcCode": "",
    "tax": 0.0,
    "spiceLevel": "",
    "aiselNo": "21",
    "store": "Market Basket",
    "weightType": "14 fl oz",
    "imageName": "3074.jpg",
    "defaultImage": "3074.jpg",
    "updatedTimestamp": "Jan 23, 2021 8:02:30 PM",
    "createdTimestamp": "Jan 23, 2021 8:02:30 PM",
    "isNewlyAdded": false,
    "isActive": true,
    "isDealsEnabled": false,
    "quantity": 0
  },
  {
    "id": 6302,
    "code": "Poland Spring Natural Spring Water",
    "desc": "Poland Spring Natural Spring Water",
    "shortDesc": "Poland Spring Natural Spring Water",
    "tags": [
      "Water"
    ],
    "categories": [
      {
        "code": "Beverages & Juices",
        "desc": "Beverages & Juices"
      }
    ],
    "subCategories": [
      {
        "code": "Water",
        "desc": "Water"
      }
    ],
    "brands": [
      {
        "code": "Poland Spring",
        "desc": "Poland Spring"
      }
    ],
    "price": {
      "basePrice": 2.49,
      "discountPrice": 2.49
    },
    "type": {
      "code": "Water",
      "desc": "Water"
    },
    "weight": "6 x 700 ml",
    "UpcCode": "",
    "tax": 0.0,
    "spiceLevel": "",
    "aiselNo": "11",
    "store": "Market Basket",
    "weightType": "6 x 700 ml",
    "imageName": "3234.jpg",
    "defaultImage": "3234.jpg",
    "updatedTimestamp": "Jan 23, 2021 8:02:30 PM",
    "createdTimestamp": "Jan 23, 2021 8:02:30 PM",
    "isNewlyAdded": false,
    "isActive": true,
    "isDealsEnabled": false,
    "quantity": 0
  },
  {
    "id": 6842,
    "code": "Ghirardelli Chocolate Baking Chips Classic White",
    "desc": "Ghirardelli Chocolate Baking Chips Classic White",
    "shortDesc": "Ghirardelli Chocolate Baking Chips Classic White",
    "tags": [
      "Baking Ingredients"
    ],
    "categories": [
      {
        "code": "Cooking Needs",
        "desc": "Cooking Needs"
      }
    ],
    "subCategories": [
      {
        "code": "Baking & Cooking",
        "desc": "Baking & Cooking"
      }
    ],
    "brands": [
      {
        "code": "Ghirardelli Chocolate",
        "desc": "Ghirardelli Chocolate"
      }
    ],
    "price": {
      "basePrice": 3.69,
      "discountPrice": 3.69
    },
    "type": {
      "code": "Baking Ingredients",
      "desc": "Baking Ingredients"
    },
    "weight": "11 oz",
    "UpcCode": "",
    "tax": 0.0,
    "spiceLevel": "",
    "aiselNo": "8",
    "store": "Market Basket",
    "weightType": "11 oz",
    "imageName": "2340.jpg",
    "defaultImage": "2340.jpg",
    "updatedTimestamp": "Jan 23, 2021 8:02:30 PM",
    "createdTimestamp": "Jan 23, 2021 8:02:30 PM",
    "isNewlyAdded": false,
    "isActive": true,
    "isDealsEnabled": false,
    "quantity": 0
  },
  {
    "id": 10493,
    "code": "Goya Yellow Rice Spanish Style",
    "desc": "Goya Yellow Rice Spanish Style",
    "shortDesc": "Goya Yellow Rice Spanish Style",
    "tags": [
      "Instant Rice"
    ],
    "categories": [
      {
        "code": "Cooking Needs",
        "desc": "Cooking Needs"
      }
    ],
    "subCategories": [
      {
        "code": "Rice & Grains",
        "desc": "Rice & Grains"
      }
    ],
    "brands": [
      {
        "code": "Goya",
        "desc": "Goya"
      }
    ],
    "price": {
      "basePrice": 5.79,
      "discountPrice": 5.79
    },
    "type": {
      "code": "Instant Rice",
      "desc": "Instant Rice"
    },
    "weight": "24 oz",
    "UpcCode": "",
    "tax": 0.0,
    "spiceLevel": "",
    "aiselNo": "7",
    "store": "Market Basket",
    "weightType": "24 oz",
    "imageName": "5748.jpg",
    "defaultImage": "5748.jpg",
    "updatedTimestamp": "Jan 23, 2021 8:02:30 PM",
    "createdTimestamp": "Jan 23, 2021 8:02:30 PM",
    "isNewlyAdded": false,
    "isActive": true,
    "isDealsEnabled": false,
    "quantity": 0
  },
  {
    "id": 7882,
    "code": "Snow's Premium Chunk in Water White Chicken",
    "desc": "Snow's Premium Chunk in Water White Chicken",
    "shortDesc": "Snow's Premium Chunk in Water White Chicken",
    "tags": [
      "Canned Meat & Seafood"
    ],
    "categories": [
      {
        "code": "Cooking Needs",
        "desc": "Cooking Needs"
      }
    ],
    "subCategories": [
      {
        "code": "Canned Food",
        "desc": "Canned Food"
      }
    ],
    "brands": [
      {
        "code": "Snow's",
        "desc": "Snow's"
      }
    ],
    "price": {
      "basePrice": 3.09,
      "discountPrice": 3.09
    },
    "type": {
      "code": "Canned Meat & Seafood",
      "desc": "Canned Meat & Seafood"
    },
    "weight": "10 oz",
    "UpcCode": "",
    "tax": 0.0,
    "spiceLevel": "",
    "aiselNo": "2",
    "store": "Market Basket",
    "weightType": "10 oz",
    "imageName": "17161.jpg",
    "defaultImage": "17161.jpg",
    "updatedTimestamp": "Jan 23, 2021 8:02:30 PM",
    "createdTimestamp": "Jan 23, 2021 8:02:30 PM",
    "isNewlyAdded": false,
    "isActive": true,
    "isDealsEnabled": false,
    "quantity": 0
  },
  {
    "id": 14722,
    "code": "Conair I Want To Gently Detangle! Hairbrush",
    "desc": "Conair I Want To Gently Detangle! Hairbrush",
    "shortDesc": "Conair I Want To Gently Detangle! Hairbrush",
    "tags": [
      "Hair Care"
    ],
    "categories": [
      {
        "code": "Personal Care",
        "desc": "Personal Care"
      }
    ],
    "subCategories": [
      {
        "code": "Body Wash, Soap & Hair Care",
        "desc": "Body Wash, Soap & Hair Care"
      }
    ],
    "brands": [
      {
        "code": "Conair",
        "desc": "Conair"
      }
    ],
    "price": {
      "basePrice": 5.62,
      "discountPrice": 5.62
    },
    "type": {
      "code": "Hair Care",
      "desc": "Hair Care"
    },
    "weight": "1 count",
    "UpcCode": "",
    "tax": 1.0,
    "spiceLevel": "",
    "aiselNo": "13",
    "store": "Market Basket",
    "weightType": "1 count",
    "imageName": "17825.jpg",
    "defaultImage": "17825.jpg",
    "updatedTimestamp": "Jan 23, 2021 8:02:30 PM",
    "createdTimestamp": "Jan 23, 2021 8:02:30 PM",
    "isNewlyAdded": false,
    "isActive": true,
    "isDealsEnabled": false,
    "quantity": 0
  },
  {
    "id": 7146,
    "code": "Mizkan Seasoned Rice Vinegar Roasted Garlic",
    "desc": "Mizkan Seasoned Rice Vinegar Roasted Garlic",
    "shortDesc": "Mizkan Seasoned Rice Vinegar Roasted Garlic",
    "tags": [
      "Oils & Vinegars"
    ],
    "categories": [
      {
        "code": "Cooking Needs",
        "desc": "Cooking Needs"
      }
    ],
    "subCategories": [
      {
        "code": "Oils & Vinegars",
        "desc": "Oils & Vinegars"
      }
    ],
    "brands": [
      {
        "code": "Mizkan",
        "desc": "Mizkan"
      }
    ],
    "price": {
      "basePrice": 3.09,
      "discountPrice": 3.09
    },
    "type": {
      "code": "Oils & Vinegars",
      "desc": "Oils & Vinegars"
    },
    "weight": "12 fl oz",
    "UpcCode": "",
    "tax": 0.0,
    "spiceLevel": "",
    "aiselNo": "2",
    "store": "Market Basket",
    "weightType": "12 fl oz",
    "imageName": "15508.jpg",
    "defaultImage": "15508.jpg",
    "updatedTimestamp": "Jan 23, 2021 8:02:30 PM",
    "createdTimestamp": "Jan 23, 2021 8:02:30 PM",
    "isNewlyAdded": false,
    "isActive": true,
    "isDealsEnabled": false,
    "quantity": 0
  },
  {
    "id": 9399,
    "code": "Atkins Chicken & Broccoli Alfredo",
    "desc": "Atkins Chicken & Broccoli Alfredo",
    "shortDesc": "Atkins Chicken & Broccoli Alfredo",
    "tags": [
      "Frozen Meal"
    ],
    "categories": [
      {
        "code": "Frozen Food",
        "desc": "Frozen Food"
      }
    ],
    "subCategories": [
      {
        "code": "Frozen Dinners & Entrees",
        "desc": "Frozen Dinners & Entrees"
      }
    ],
    "brands": [
      {
        "code": "Atkins",
        "desc": "Atkins"
      }
    ],
    "price": {
      "basePrice": 4.36,
      "discountPrice": 4.36
    },
    "type": {
      "code": "Frozen Meal",
      "desc": "Frozen Meal"
    },
    "weight": "9 oz",
    "UpcCode": "637480090407",
    "tax": 0.0,
    "spiceLevel": "",
    "aiselNo": "18",
    "store": "Market Basket",
    "weightType": "9 oz",
    "imageName": "X4186.jpg",
    "defaultImage": "X4186.jpg",
    "updatedTimestamp": "Jan 23, 2021 8:02:29 PM",
    "createdTimestamp": "Jan 23, 2021 8:02:29 PM",
    "isNewlyAdded": false,
    "isActive": true,
    "isDealsEnabled": false,
    "quantity": 0
  },
  {
    "id": 13392,
    "code": "So Delicious Dairy Free Organic Coconut Milk Beverage Unsweetened Vanilla",
    "desc": "So Delicious Dairy Free Organic Coconut Milk Beverage Unsweetened Vanilla",
    "shortDesc": "So Delicious Dairy Free Organic Coconut Milk Beverage Unsweetened Vanilla",
    "tags": [
      "Cream"
    ],
    "categories": [
      {
        "code": "Breakfast & Dairy",
        "desc": "Breakfast & Dairy"
      }
    ],
    "subCategories": [
      {
        "code": "Dairy & Eggs",
        "desc": "Dairy & Eggs"
      }
    ],
    "brands": [
      {
        "code": "So Delicious",
        "desc": "So Delicious"
      }
    ],
    "price": {
      "basePrice": 3.59,
      "discountPrice": 3.59
    },
    "type": {
      "code": "Cream",
      "desc": "Cream"
    },
    "weight": "0.5 gal",
    "UpcCode": "",
    "tax": 0.0,
    "spiceLevel": "",
    "aiselNo": "1",
    "store": "Market Basket",
    "weightType": "0.5 gal",
    "imageName": "17947.jpg",
    "defaultImage": "17947.jpg",
    "updatedTimestamp": "Jan 23, 2021 8:02:30 PM",
    "createdTimestamp": "Jan 23, 2021 8:02:30 PM",
    "isNewlyAdded": false,
    "isActive": true,
    "isDealsEnabled": false,
    "quantity": 0
  },
  {
    "id": 352,
    "code": "Market Basket Entree Storage Containers",
    "desc": "Market Basket Entree Storage Containers",
    "shortDesc": "Market Basket Entree Storage Containers",
    "tags": [
      "Storage Containers"
    ],
    "categories": [
      {
        "code": "Kitchen & Cleaning",
        "desc": "Kitchen & Cleaning"
      }
    ],
    "subCategories": [
      {
        "code": "Food Storage & Kitchen Supplies",
        "desc": "Food Storage & Kitchen Supplies"
      }
    ],
    "brands": [
      {
        "code": "Market Basket",
        "desc": "Market Basket"
      }
    ],
    "price": {
      "basePrice": 2.49,
      "discountPrice": 2.49
    },
    "type": {
      "code": "Storage Containers",
      "desc": "Storage Containers"
    },
    "weight": "5 count",
    "UpcCode": "",
    "tax": 1.0,
    "spiceLevel": "",
    "aiselNo": "12",
    "store": "Market Basket",
    "weightType": "5 count",
    "imageName": "Market Basket.jpg",
    "defaultImage": "Market Basket.jpg",
    "updatedTimestamp": "Jan 23, 2021 8:02:30 PM",
    "createdTimestamp": "Jan 23, 2021 8:02:30 PM",
    "isNewlyAdded": false,
    "isActive": true,
    "isDealsEnabled": false,
    "quantity": 0
  },
  {
    "id": 4194,
    "code": "Harvestland All Natural Fresh Chicken Breasts",
    "desc": "Harvestland All Natural Fresh Chicken Breasts",
    "shortDesc": "Harvestland All Natural Fresh Chicken Breasts",
    "tags": [
      "Chicken Breast"
    ],
    "categories": [
      {
        "code": "Meat & Seafood",
        "desc": "Meat & Seafood"
      }
    ],
    "subCategories": [
      {
        "code": "Packaged Meat & Seafood",
        "desc": "Packaged Meat & Seafood"
      }
    ],
    "brands": [
      {
        "code": "Fresh",
        "desc": "Fresh"
      }
    ],
    "price": {
      "basePrice": 6.39,
      "discountPrice": 6.39
    },
    "type": {
      "code": "Chicken Breast",
      "desc": "Chicken Breast"
    },
    "weight": "1.16 lb",
    "UpcCode": "",
    "tax": 0.0,
    "spiceLevel": "",
    "aiselNo": "22",
    "store": "Market Basket",
    "weightType": "1.16 lb",
    "imageName": "No Image.jpg",
    "defaultImage": "No Image.jpg",
    "updatedTimestamp": "Jan 23, 2021 8:02:30 PM",
    "createdTimestamp": "Jan 23, 2021 8:02:30 PM",
    "isNewlyAdded": false,
    "isActive": true,
    "isDealsEnabled": false,
    "quantity": 0
  },
  {
    "id": 15141,
    "code": "Act Total Care Mouthwash Fresh Mint",
    "desc": "Act Total Care Mouthwash Fresh Mint",
    "shortDesc": "Act Total Care Mouthwash Fresh Mint",
    "tags": [
      "Oral Hygiene"
    ],
    "categories": [
      {
        "code": "Personal Care",
        "desc": "Personal Care"
      }
    ],
    "subCategories": [
      {
        "code": "Personal Needs",
        "desc": "Personal Needs"
      }
    ],
    "brands": [
      {
        "code": "Act",
        "desc": "Act"
      }
    ],
    "price": {
      "basePrice": 7.0,
      "discountPrice": 7.0
    },
    "type": {
      "code": "Oral Hygiene",
      "desc": "Oral Hygiene"
    },
    "weight": "18 fl oz",
    "UpcCode": "",
    "tax": 1.0,
    "spiceLevel": "",
    "aiselNo": "13",
    "store": "Market Basket",
    "weightType": "18 fl oz",
    "imageName": "6466.jpg",
    "defaultImage": "6466.jpg",
    "updatedTimestamp": "Jan 23, 2021 8:02:30 PM",
    "createdTimestamp": "Jan 23, 2021 8:02:30 PM",
    "isNewlyAdded": false,
    "isActive": true,
    "isDealsEnabled": false,
    "quantity": 0
  },
  {
    "id": 12836,
    "code": "Market Basket Mini Croissants",
    "desc": "Market Basket Mini Croissants",
    "shortDesc": "Market Basket Mini Croissants",
    "tags": [
      "Croissant"
    ],
    "categories": [
      {
        "code": "Breakfast & Dairy",
        "desc": "Breakfast & Dairy"
      }
    ],
    "subCategories": [
      {
        "code": "Breads & Rolls",
        "desc": "Breads & Rolls"
      }
    ],
    "brands": [
      {
        "code": "Market Basket",
        "desc": "Market Basket"
      }
    ],
    "price": {
      "basePrice": 4.39,
      "discountPrice": 4.39
    },
    "type": {
      "code": "Croissant",
      "desc": "Croissant"
    },
    "weight": "13.23 oz",
    "UpcCode": "",
    "tax": 0.0,
    "spiceLevel": "",
    "aiselNo": "0",
    "store": "Market Basket",
    "weightType": "13.23 oz",
    "imageName": "Market Basket.jpg",
    "defaultImage": "Market Basket.jpg",
    "updatedTimestamp": "Jan 23, 2021 8:02:30 PM",
    "createdTimestamp": "Jan 23, 2021 8:02:30 PM",
    "isNewlyAdded": false,
    "isActive": true,
    "isDealsEnabled": false,
    "quantity": 0
  },
  {
    "id": 437,
    "code": "Glad ForceFlex Drawstring Tall Kitchen Trash Bags, Unscented",
    "desc": "Glad ForceFlex Drawstring Tall Kitchen Trash Bags, Unscented",
    "shortDesc": "Glad ForceFlex Drawstring Tall Kitchen Trash Bags, Unscented",
    "tags": [
      "Tall Trash Bags"
    ],
    "categories": [
      {
        "code": "Kitchen & Cleaning",
        "desc": "Kitchen & Cleaning"
      }
    ],
    "subCategories": [
      {
        "code": "Trash Bags & Liners",
        "desc": "Trash Bags & Liners"
      }
    ],
    "brands": [
      {
        "code": "Glad",
        "desc": "Glad"
      }
    ],
    "price": {
      "basePrice": 15.89,
      "discountPrice": 15.89
    },
    "type": {
      "code": "Tall Trash Bags",
      "desc": "Tall Trash Bags"
    },
    "weight": "76 count",
    "UpcCode": "",
    "tax": 1.0,
    "spiceLevel": "",
    "aiselNo": "12",
    "store": "Market Basket",
    "weightType": "76 count",
    "imageName": "4678.jpg",
    "defaultImage": "4678.jpg",
    "updatedTimestamp": "Jan 23, 2021 8:02:30 PM",
    "createdTimestamp": "Jan 23, 2021 8:02:30 PM",
    "isNewlyAdded": false,
    "isActive": true,
    "isDealsEnabled": false,
    "quantity": 0
  },
  {
    "id": 8716,
    "code": "Calavo Guacamole, Spicy",
    "desc": "Calavo Guacamole, Spicy",
    "shortDesc": "Calavo Guacamole, Spicy",
    "tags": [
      "Preserved Dips & Salsa"
    ],
    "categories": [
      {
        "code": "Condiments & Dressings",
        "desc": "Condiments & Dressings"
      }
    ],
    "subCategories": [
      {
        "code": "Preserved Dips & Spreads",
        "desc": "Preserved Dips & Spreads"
      }
    ],
    "brands": [
      {
        "code": "Calavo",
        "desc": "Calavo"
      }
    ],
    "price": {
      "basePrice": 3.89,
      "discountPrice": 3.89
    },
    "type": {
      "code": "Preserved Dips & Salsa",
      "desc": "Preserved Dips & Salsa"
    },
    "weight": "12 oz",
    "UpcCode": "",
    "tax": 0.0,
    "spiceLevel": "",
    "aiselNo": "1",
    "store": "Market Basket",
    "weightType": "12 oz",
    "imageName": "No Image.jpg",
    "defaultImage": "No Image.jpg",
    "updatedTimestamp": "Jan 23, 2021 8:02:30 PM",
    "createdTimestamp": "Jan 23, 2021 8:02:30 PM",
    "isNewlyAdded": false,
    "isActive": true,
    "isDealsEnabled": false,
    "quantity": 0
  },
  {
    "id": 4672,
    "code": "King Oscar Wild Caught Sardines",
    "desc": "King Oscar Wild Caught Sardines",
    "shortDesc": "King Oscar Wild Caught Sardines",
    "tags": [
      "Canned Sardines"
    ],
    "categories": [
      {
        "code": "Meat & Seafood",
        "desc": "Meat & Seafood"
      }
    ],
    "subCategories": [
      {
        "code": "Canned Meat & Seafood",
        "desc": "Canned Meat & Seafood"
      }
    ],
    "brands": [
      {
        "code": "King Oscar",
        "desc": "King Oscar"
      }
    ],
    "price": {
      "basePrice": 3.09,
      "discountPrice": 3.09
    },
    "type": {
      "code": "Canned Sardines",
      "desc": "Canned Sardines"
    },
    "weight": "3.75 oz",
    "UpcCode": "",
    "tax": 0.0,
    "spiceLevel": "",
    "aiselNo": "2",
    "store": "Market Basket",
    "weightType": "3.75 oz",
    "imageName": "5233.jpg",
    "defaultImage": "5233.jpg",
    "updatedTimestamp": "Jan 23, 2021 8:02:30 PM",
    "createdTimestamp": "Jan 23, 2021 8:02:30 PM",
    "isNewlyAdded": false,
    "isActive": true,
    "isDealsEnabled": false,
    "quantity": 0
  },
  {
    "id": 5336,
    "code": "belVita Bites Chocolate",
    "desc": "belVita Bites Chocolate",
    "shortDesc": "belVita Bites Chocolate",
    "tags": [
      "Cookies & Cakes"
    ],
    "categories": [
      {
        "code": "Chips, Cookies & Snacks",
        "desc": "Chips, Cookies & Snacks"
      }
    ],
    "subCategories": [
      {
        "code": "Cookies & Crackers",
        "desc": "Cookies & Crackers"
      }
    ],
    "brands": [
      {
        "code": "belVita",
        "desc": "belVita"
      }
    ],
    "price": {
      "basePrice": 4.69,
      "discountPrice": 4.69
    },
    "type": {
      "code": "Cookies & Cakes",
      "desc": "Cookies & Cakes"
    },
    "weight": "8.8 oz",
    "UpcCode": "",
    "tax": 0.0,
    "spiceLevel": "",
    "aiselNo": "6",
    "store": "Market Basket",
    "weightType": "8.8 oz",
    "imageName": "No Image.jpg",
    "defaultImage": "No Image.jpg",
    "updatedTimestamp": "Jan 23, 2021 8:02:30 PM",
    "createdTimestamp": "Jan 23, 2021 8:02:30 PM",
    "isNewlyAdded": false,
    "isActive": true,
    "isDealsEnabled": false,
    "quantity": 0
  },
  {
    "id": 5048,
    "code": "Heritage Mills Classic Lunch Milk Crackers",
    "desc": "Heritage Mills Classic Lunch Milk Crackers",
    "shortDesc": "Heritage Mills Classic Lunch Milk Crackers",
    "tags": [
      "Cookies & Cakes"
    ],
    "categories": [
      {
        "code": "Chips, Cookies & Snacks",
        "desc": "Chips, Cookies & Snacks"
      }
    ],
    "subCategories": [
      {
        "code": "Cookies & Crackers",
        "desc": "Cookies & Crackers"
      }
    ],
    "brands": [
      {
        "code": "Heritage Mills",
        "desc": "Heritage Mills"
      }
    ],
    "price": {
      "basePrice": 4.69,
      "discountPrice": 4.69
    },
    "type": {
      "code": "Cookies & Cakes",
      "desc": "Cookies & Cakes"
    },
    "weight": "12.3 oz",
    "UpcCode": "",
    "tax": 0.0,
    "spiceLevel": "",
    "aiselNo": "6",
    "store": "Market Basket",
    "weightType": "12.3 oz",
    "imageName": "15084.jpg",
    "defaultImage": "15084.jpg",
    "updatedTimestamp": "Jan 23, 2021 8:02:30 PM",
    "createdTimestamp": "Jan 23, 2021 8:02:30 PM",
    "isNewlyAdded": false,
    "isActive": true,
    "isDealsEnabled": false,
    "quantity": 0
  },
  {
    "id": 4782,
    "code": "Market Basket 26 30 Shell On Extra Large Shrimp",
    "desc": "Market Basket 26 30 Shell On Extra Large Shrimp",
    "shortDesc": "Market Basket 26 30 Shell On Extra Large Shrimp",
    "tags": [
      "Frozen Shrimp"
    ],
    "categories": [
      {
        "code": "Meat & Seafood",
        "desc": "Meat & Seafood"
      }
    ],
    "subCategories": [
      {
        "code": "Frozen Meat & Seafood",
        "desc": "Frozen Meat & Seafood"
      }
    ],
    "brands": [
      {
        "code": "Market Basket",
        "desc": "Market Basket"
      }
    ],
    "price": {
      "basePrice": 24.29,
      "discountPrice": 24.29
    },
    "type": {
      "code": "Frozen Shrimp",
      "desc": "Frozen Shrimp"
    },
    "weight": "32 oz",
    "UpcCode": "",
    "tax": 0.0,
    "spiceLevel": "",
    "aiselNo": "18",
    "store": "Market Basket",
    "weightType": "32 oz",
    "imageName": "Market Basket.jpg",
    "defaultImage": "Market Basket.jpg",
    "updatedTimestamp": "Jan 23, 2021 8:02:30 PM",
    "createdTimestamp": "Jan 23, 2021 8:02:30 PM",
    "isNewlyAdded": false,
    "isActive": true,
    "isDealsEnabled": false,
    "quantity": 0
  },
  {
    "id": 8904,
    "code": "Marie's Vinaigrette Italian",
    "desc": "Marie's Vinaigrette Italian",
    "shortDesc": "Marie's Vinaigrette Italian",
    "tags": [
      "Salad Dressing & Toppings"
    ],
    "categories": [
      {
        "code": "Condiments & Dressings",
        "desc": "Condiments & Dressings"
      }
    ],
    "subCategories": [
      {
        "code": "Salad Dressings & Toppings",
        "desc": "Salad Dressings & Toppings"
      }
    ],
    "brands": [
      {
        "code": "Marie's",
        "desc": "Marie's"
      }
    ],
    "price": {
      "basePrice": 3.29,
      "discountPrice": 3.29
    },
    "type": {
      "code": "Salad Dressing & Toppings",
      "desc": "Salad Dressing & Toppings"
    },
    "weight": "11.5 fl oz",
    "UpcCode": "",
    "tax": 0.0,
    "spiceLevel": "",
    "aiselNo": "2",
    "store": "Market Basket",
    "weightType": "11.5 fl oz",
    "imageName": "15430.jpg",
    "defaultImage": "15430.jpg",
    "updatedTimestamp": "Jan 23, 2021 8:02:30 PM",
    "createdTimestamp": "Jan 23, 2021 8:02:30 PM",
    "isNewlyAdded": false,
    "isActive": true,
    "isDealsEnabled": false,
    "quantity": 0
  },
  {
    "id": 6756,
    "code": "Nabisco Belvita Soft Baked Mixed Berry Breakfast Biscuits",
    "desc": "Nabisco Belvita Soft Baked Mixed Berry Breakfast Biscuits",
    "shortDesc": "Nabisco Belvita Soft Baked Mixed Berry Breakfast Biscuits",
    "tags": [
      "Biscuits"
    ],
    "categories": [
      {
        "code": "Chips, Cookies & Snacks",
        "desc": "Chips, Cookies & Snacks"
      }
    ],
    "subCategories": [
      {
        "code": "Cookies & Crackers",
        "desc": "Cookies & Crackers"
      }
    ],
    "brands": [
      {
        "code": "Nabisco",
        "desc": "Nabisco"
      }
    ],
    "price": {
      "basePrice": 3.69,
      "discountPrice": 3.69
    },
    "type": {
      "code": "Biscuits",
      "desc": "Biscuits"
    },
    "weight": "5 ct",
    "UpcCode": "",
    "tax": 0.0,
    "spiceLevel": "",
    "aiselNo": "6",
    "store": "Market Basket",
    "weightType": "5 ct",
    "imageName": "17661.jpg",
    "defaultImage": "17661.jpg",
    "updatedTimestamp": "Jan 23, 2021 8:02:30 PM",
    "createdTimestamp": "Jan 23, 2021 8:02:30 PM",
    "isNewlyAdded": false,
    "isActive": true,
    "isDealsEnabled": false,
    "quantity": 0
  },
  {
    "id": 9076,
    "code": "Trappist Hot Pepper Jelly",
    "desc": "Trappist Hot Pepper Jelly",
    "shortDesc": "Trappist Hot Pepper Jelly",
    "tags": [
      "Spreads"
    ],
    "categories": [
      {
        "code": "Condiments & Dressings",
        "desc": "Condiments & Dressings"
      }
    ],
    "subCategories": [
      {
        "code": "Preserved Dips & Spreads",
        "desc": "Preserved Dips & Spreads"
      }
    ],
    "brands": [
      {
        "code": "Trappist",
        "desc": "Trappist"
      }
    ],
    "price": {
      "basePrice": 3.69,
      "discountPrice": 3.69
    },
    "type": {
      "code": "Spreads",
      "desc": "Spreads"
    },
    "weight": "12 oz",
    "UpcCode": "",
    "tax": 0.0,
    "spiceLevel": "",
    "aiselNo": "3",
    "store": "Market Basket",
    "weightType": "12 oz",
    "imageName": "1663.jpg",
    "defaultImage": "1663.jpg",
    "updatedTimestamp": "Jan 23, 2021 8:02:30 PM",
    "createdTimestamp": "Jan 23, 2021 8:02:30 PM",
    "isNewlyAdded": false,
    "isActive": true,
    "isDealsEnabled": false,
    "quantity": 0
  },
  {
    "id": 14678,
    "code": "Vaseline Spray On Lotion Spray Moisturizer Cocoa Radiant",
    "desc": "Vaseline Spray On Lotion Spray Moisturizer Cocoa Radiant",
    "shortDesc": "Vaseline Spray On Lotion Spray Moisturizer Cocoa Radiant",
    "tags": [
      "Body Lotion"
    ],
    "categories": [
      {
        "code": "Personal Care",
        "desc": "Personal Care"
      }
    ],
    "subCategories": [
      {
        "code": "Body Wash, Soap & Hair Care",
        "desc": "Body Wash, Soap & Hair Care"
      }
    ],
    "brands": [
      {
        "code": "Vaseline",
        "desc": "Vaseline"
      }
    ],
    "price": {
      "basePrice": 9.88,
      "discountPrice": 9.88
    },
    "type": {
      "code": "Body Lotion",
      "desc": "Body Lotion"
    },
    "weight": "6.5 oz",
    "UpcCode": "",
    "tax": 1.0,
    "spiceLevel": "",
    "aiselNo": "13",
    "store": "Market Basket",
    "weightType": "6.5 oz",
    "imageName": "18144.jpg",
    "defaultImage": "18144.jpg",
    "updatedTimestamp": "Jan 23, 2021 8:02:30 PM",
    "createdTimestamp": "Jan 23, 2021 8:02:30 PM",
    "isNewlyAdded": false,
    "isActive": true,
    "isDealsEnabled": false,
    "quantity": 0
  },
  {
    "id": 5945,
    "code": "Finest Call Premium Strawberry Puree Mix",
    "desc": "Finest Call Premium Strawberry Puree Mix",
    "shortDesc": "Finest Call Premium Strawberry Puree Mix",
    "tags": [
      "Cocoa & Drink Mixes"
    ],
    "categories": [
      {
        "code": "Beverages & Juices",
        "desc": "Beverages & Juices"
      }
    ],
    "subCategories": [
      {
        "code": "Cocoa & Drink Mixes",
        "desc": "Cocoa & Drink Mixes"
      }
    ],
    "brands": [
      {
        "code": "Finest Call",
        "desc": "Finest Call"
      }
    ],
    "price": {
      "basePrice": 4.99,
      "discountPrice": 4.99
    },
    "type": {
      "code": "Cocoa & Drink Mixes",
      "desc": "Cocoa & Drink Mixes"
    },
    "weight": "33.8 fl oz",
    "UpcCode": "",
    "tax": 0.0,
    "spiceLevel": "",
    "aiselNo": "17",
    "store": "Market Basket",
    "weightType": "33.8 fl oz",
    "imageName": "No Image.jpg",
    "defaultImage": "No Image.jpg",
    "updatedTimestamp": "Jan 23, 2021 8:02:29 PM",
    "createdTimestamp": "Jan 23, 2021 8:02:29 PM",
    "isNewlyAdded": false,
    "isActive": true,
    "isDealsEnabled": false,
    "quantity": 0
  },
  {
    "id": 7350,
    "code": "McCormick Rum Extract With Other Natural Flavors",
    "desc": "McCormick Rum Extract With Other Natural Flavors",
    "shortDesc": "McCormick Rum Extract With Other Natural Flavors",
    "tags": [
      "Spices & Seasonings"
    ],
    "categories": [
      {
        "code": "Cooking Needs",
        "desc": "Cooking Needs"
      }
    ],
    "subCategories": [
      {
        "code": "Spices & Seasonings",
        "desc": "Spices & Seasonings"
      }
    ],
    "brands": [
      {
        "code": "McCormick",
        "desc": "McCormick"
      }
    ],
    "price": {
      "basePrice": 3.69,
      "discountPrice": 3.69
    },
    "type": {
      "code": "Spices & Seasonings",
      "desc": "Spices & Seasonings"
    },
    "weight": "1 fl oz",
    "UpcCode": "",
    "tax": 0.0,
    "spiceLevel": "",
    "aiselNo": "9",
    "store": "Market Basket",
    "weightType": "1 fl oz",
    "imageName": "2180.jpg",
    "defaultImage": "2180.jpg",
    "updatedTimestamp": "Jan 23, 2021 8:02:30 PM",
    "createdTimestamp": "Jan 23, 2021 8:02:30 PM",
    "isNewlyAdded": false,
    "isActive": true,
    "isDealsEnabled": false,
    "quantity": 0
  },
  {
    "id": 7935,
    "code": "Campbell's Chunky Soup, Classic Chicken Noodle Soup",
    "desc": "Campbell's Chunky Soup, Classic Chicken Noodle Soup",
    "shortDesc": "Campbell's Chunky Soup, Classic Chicken Noodle Soup",
    "tags": [
      "Soup, Broth & Bouillon"
    ],
    "categories": [
      {
        "code": "Cooking Needs",
        "desc": "Cooking Needs"
      }
    ],
    "subCategories": [
      {
        "code": "Canned Food",
        "desc": "Canned Food"
      }
    ],
    "brands": [
      {
        "code": "Campbell's",
        "desc": "Campbell's"
      }
    ],
    "price": {
      "basePrice": 2.49,
      "discountPrice": 2.49
    },
    "type": {
      "code": "Soup, Broth & Bouillon",
      "desc": "Soup, Broth & Bouillon"
    },
    "weight": "18.6 oz",
    "UpcCode": "",
    "tax": 0.0,
    "spiceLevel": "",
    "aiselNo": "2",
    "store": "Market Basket",
    "weightType": "18.6 oz",
    "imageName": "5343.jpg",
    "defaultImage": "5343.jpg",
    "updatedTimestamp": "Jan 23, 2021 8:02:30 PM",
    "createdTimestamp": "Jan 23, 2021 8:02:30 PM",
    "isNewlyAdded": false,
    "isActive": true,
    "isDealsEnabled": false,
    "quantity": 0
  },
  {
    "id": 7510,
    "code": "Market Basket Italian Style Stewed Tomatoes In Tomato Juice",
    "desc": "Market Basket Italian Style Stewed Tomatoes In Tomato Juice",
    "shortDesc": "Market Basket Italian Style Stewed Tomatoes In Tomato Juice",
    "tags": [
      "Canned & Jarred Vegetables"
    ],
    "categories": [
      {
        "code": "Cooking Needs",
        "desc": "Cooking Needs"
      }
    ],
    "subCategories": [
      {
        "code": "Canned Food",
        "desc": "Canned Food"
      }
    ],
    "brands": [
      {
        "code": "Market Basket",
        "desc": "Market Basket"
      }
    ],
    "price": {
      "basePrice": 0.89,
      "discountPrice": 0.89
    },
    "type": {
      "code": "Canned & Jarred Vegetables",
      "desc": "Canned & Jarred Vegetables"
    },
    "weight": "14.5 oz",
    "UpcCode": "",
    "tax": 0.0,
    "spiceLevel": "",
    "aiselNo": "9",
    "store": "Market Basket",
    "weightType": "14.5 oz",
    "imageName": "Market Basket.jpg",
    "defaultImage": "Market Basket.jpg",
    "updatedTimestamp": "Jan 23, 2021 8:02:30 PM",
    "createdTimestamp": "Jan 23, 2021 8:02:30 PM",
    "isNewlyAdded": false,
    "isActive": true,
    "isDealsEnabled": false,
    "quantity": 0
  },
  {
    "id": 15034,
    "code": "Lady Speed Stick Invisible Dry Shower Fresh",
    "desc": "Lady Speed Stick Invisible Dry Shower Fresh",
    "shortDesc": "Lady Speed Stick Invisible Dry Shower Fresh",
    "tags": [
      "Deodorants"
    ],
    "categories": [
      {
        "code": "Personal Care",
        "desc": "Personal Care"
      }
    ],
    "subCategories": [
      {
        "code": "Personal Needs",
        "desc": "Personal Needs"
      }
    ],
    "brands": [
      {
        "code": "Lady Speed Stick",
        "desc": "Lady Speed Stick"
      }
    ],
    "price": {
      "basePrice": 4.24,
      "discountPrice": 4.24
    },
    "type": {
      "code": "Deodorants",
      "desc": "Deodorants"
    },
    "weight": "2.3 oz",
    "UpcCode": "",
    "tax": 1.0,
    "spiceLevel": "",
    "aiselNo": "13",
    "store": "Market Basket",
    "weightType": "2.3 oz",
    "imageName": "17707.jpg",
    "defaultImage": "17707.jpg",
    "updatedTimestamp": "Jan 23, 2021 8:02:30 PM",
    "createdTimestamp": "Jan 23, 2021 8:02:30 PM",
    "isNewlyAdded": false,
    "isActive": true,
    "isDealsEnabled": false,
    "quantity": 0
  },
  {
    "id": 8925,
    "code": "Marzetti Simply Dressed Caesar Dressing",
    "desc": "Marzetti Simply Dressed Caesar Dressing",
    "shortDesc": "Marzetti Simply Dressed Caesar Dressing",
    "tags": [
      "Salad Dressing & Toppings"
    ],
    "categories": [
      {
        "code": "Condiments & Dressings",
        "desc": "Condiments & Dressings"
      }
    ],
    "subCategories": [
      {
        "code": "Salad Dressings & Toppings",
        "desc": "Salad Dressings & Toppings"
      }
    ],
    "brands": [
      {
        "code": "Marzetti",
        "desc": "Marzetti"
      }
    ],
    "price": {
      "basePrice": 3.29,
      "discountPrice": 3.29
    },
    "type": {
      "code": "Salad Dressing & Toppings",
      "desc": "Salad Dressing & Toppings"
    },
    "weight": "12 fl oz",
    "UpcCode": "",
    "tax": 0.0,
    "spiceLevel": "",
    "aiselNo": "2",
    "store": "Market Basket",
    "weightType": "12 fl oz",
    "imageName": "15431.jpg",
    "defaultImage": "15431.jpg",
    "updatedTimestamp": "Jan 23, 2021 8:02:30 PM",
    "createdTimestamp": "Jan 23, 2021 8:02:30 PM",
    "isNewlyAdded": false,
    "isActive": true,
    "isDealsEnabled": false,
    "quantity": 0
  },
  {
    "id": 12706,
    "code": "Light Bread",
    "desc": "Light Bread",
    "shortDesc": "Light Bread",
    "tags": [
      "Bread"
    ],
    "categories": [
      {
        "code": "Breakfast & Dairy",
        "desc": "Breakfast & Dairy"
      }
    ],
    "subCategories": [
      {
        "code": "Breads & Rolls",
        "desc": "Breads & Rolls"
      }
    ],
    "brands": [
      {
        "code": "Market Basket",
        "desc": "Market Basket"
      }
    ],
    "price": {
      "basePrice": 1.89,
      "discountPrice": 1.89
    },
    "type": {
      "code": "Bread",
      "desc": "Bread"
    },
    "weight": "16 oz",
    "UpcCode": "",
    "tax": 0.0,
    "spiceLevel": "",
    "aiselNo": "18",
    "store": "Market Basket",
    "weightType": "16 oz",
    "imageName": "Market Basket.jpg",
    "defaultImage": "Market Basket.jpg",
    "updatedTimestamp": "Jan 23, 2021 8:02:30 PM",
    "createdTimestamp": "Jan 23, 2021 8:02:30 PM",
    "isNewlyAdded": false,
    "isActive": true,
    "isDealsEnabled": false,
    "quantity": 0
  },
  {
    "id": 14782,
    "code": "Scunci No Damage Everyday Fashion Hair Bands",
    "desc": "Scunci No Damage Everyday Fashion Hair Bands",
    "shortDesc": "Scunci No Damage Everyday Fashion Hair Bands",
    "tags": [
      "Hair Care"
    ],
    "categories": [
      {
        "code": "Personal Care",
        "desc": "Personal Care"
      }
    ],
    "subCategories": [
      {
        "code": "Body Wash, Soap & Hair Care",
        "desc": "Body Wash, Soap & Hair Care"
      }
    ],
    "brands": [
      {
        "code": "Scunci",
        "desc": "Scunci"
      }
    ],
    "price": {
      "basePrice": 2.86,
      "discountPrice": 2.86
    },
    "type": {
      "code": "Hair Care",
      "desc": "Hair Care"
    },
    "weight": "28 count",
    "UpcCode": "",
    "tax": 1.0,
    "spiceLevel": "",
    "aiselNo": "13",
    "store": "Market Basket",
    "weightType": "28 count",
    "imageName": "6616.jpg",
    "defaultImage": "6616.jpg",
    "updatedTimestamp": "Jan 23, 2021 8:02:30 PM",
    "createdTimestamp": "Jan 23, 2021 8:02:30 PM",
    "isNewlyAdded": false,
    "isActive": true,
    "isDealsEnabled": false,
    "quantity": 0
  },
  {
    "id": 13820,
    "code": "Jell O Ready to Eat Fat Free Tapioca Pudding Snack",
    "desc": "Jell O Ready to Eat Fat Free Tapioca Pudding Snack",
    "shortDesc": "Jell O Ready to Eat Fat Free Tapioca Pudding Snack",
    "tags": [
      "Refrigerated Pudding & Desserts"
    ],
    "categories": [
      {
        "code": "Breakfast & Dairy",
        "desc": "Breakfast & Dairy"
      }
    ],
    "subCategories": [
      {
        "code": "Dairy & Eggs",
        "desc": "Dairy & Eggs"
      }
    ],
    "brands": [
      {
        "code": "Jell-O",
        "desc": "Jell-O"
      }
    ],
    "price": {
      "basePrice": 2.49,
      "discountPrice": 2.49
    },
    "type": {
      "code": "Refrigerated Pudding & Desserts",
      "desc": "Refrigerated Pudding & Desserts"
    },
    "weight": "4 x 3.875 oz",
    "UpcCode": "",
    "tax": 0.0,
    "spiceLevel": "",
    "aiselNo": "19",
    "store": "Market Basket",
    "weightType": "4 x 3.875 oz",
    "imageName": "801.jpg",
    "defaultImage": "801.jpg",
    "updatedTimestamp": "Jan 23, 2021 8:02:30 PM",
    "createdTimestamp": "Jan 23, 2021 8:02:30 PM",
    "isNewlyAdded": false,
    "isActive": true,
    "isDealsEnabled": false,
    "quantity": 0
  },
  {
    "id": 14426,
    "code": "Melitta Natural Brown Paper Basket Coffee Filters",
    "desc": "Melitta Natural Brown Paper Basket Coffee Filters",
    "shortDesc": "Melitta Natural Brown Paper Basket Coffee Filters",
    "tags": [
      "Coffee"
    ],
    "categories": [
      {
        "code": "Breakfast & Dairy",
        "desc": "Breakfast & Dairy"
      }
    ],
    "subCategories": [
      {
        "code": "Tea & Coffee",
        "desc": "Tea & Coffee"
      }
    ],
    "brands": [
      {
        "code": "Melitta",
        "desc": "Melitta"
      }
    ],
    "price": {
      "basePrice": 1.89,
      "discountPrice": 1.89
    },
    "type": {
      "code": "Coffee",
      "desc": "Coffee"
    },
    "weight": "200 count",
    "UpcCode": "",
    "tax": 0.0,
    "spiceLevel": "",
    "aiselNo": "8",
    "store": "Market Basket",
    "weightType": "200 count",
    "imageName": "3396.jpg",
    "defaultImage": "3396.jpg",
    "updatedTimestamp": "Jan 23, 2021 8:02:30 PM",
    "createdTimestamp": "Jan 23, 2021 8:02:30 PM",
    "isNewlyAdded": false,
    "isActive": true,
    "isDealsEnabled": false,
    "quantity": 0
  },
  {
    "id": 14966,
    "code": "Market Basket Super Flex Action Bandages",
    "desc": "Market Basket Super Flex Action Bandages",
    "shortDesc": "Market Basket Super Flex Action Bandages",
    "tags": [
      "First Aid"
    ],
    "categories": [
      {
        "code": "Personal Care",
        "desc": "Personal Care"
      }
    ],
    "subCategories": [
      {
        "code": "First Aid & Healthcare",
        "desc": "First Aid & Healthcare"
      }
    ],
    "brands": [
      {
        "code": "Market Basket",
        "desc": "Market Basket"
      }
    ],
    "price": {
      "basePrice": 2.52,
      "discountPrice": 2.52
    },
    "type": {
      "code": "First Aid",
      "desc": "First Aid"
    },
    "weight": "45 count",
    "UpcCode": "",
    "tax": 1.0,
    "spiceLevel": "",
    "aiselNo": "13",
    "store": "Market Basket",
    "weightType": "45 count",
    "imageName": "Market Basket.jpg",
    "defaultImage": "Market Basket.jpg",
    "updatedTimestamp": "Jan 23, 2021 8:02:30 PM",
    "createdTimestamp": "Jan 23, 2021 8:02:30 PM",
    "isNewlyAdded": false,
    "isActive": true,
    "isDealsEnabled": false,
    "quantity": 0
  },
  {
    "id": 6658,
    "code": "Simply Grapefruit  ALL NATURAL NOT FROM CONCENTRATE 100% GRAPEFRUIT JUICE",
    "desc": "Simply Grapefruit  ALL NATURAL NOT FROM CONCENTRATE 100% GRAPEFRUIT JUICE",
    "shortDesc": "Simply Grapefruit  ALL NATURAL NOT FROM CONCENTRATE 100% GRAPEFRUIT JUICE",
    "tags": [
      "Refrigerated Drinks"
    ],
    "categories": [
      {
        "code": "Beverages & Juices",
        "desc": "Beverages & Juices"
      }
    ],
    "subCategories": [
      {
        "code": "Juices & Refrigerated Drinks",
        "desc": "Juices & Refrigerated Drinks"
      }
    ],
    "brands": [
      {
        "code": "Simply",
        "desc": "Simply"
      }
    ],
    "price": {
      "basePrice": 3.74,
      "discountPrice": 3.74
    },
    "type": {
      "code": "Refrigerated Drinks",
      "desc": "Refrigerated Drinks"
    },
    "weight": "52 fl oz",
    "UpcCode": "",
    "tax": 0.0,
    "spiceLevel": "",
    "aiselNo": "1",
    "store": "Market Basket",
    "weightType": "52 fl oz",
    "imageName": "X767.jpg",
    "defaultImage": "X767.jpg",
    "updatedTimestamp": "Jan 23, 2021 8:02:29 PM",
    "createdTimestamp": "Jan 23, 2021 8:02:29 PM",
    "isNewlyAdded": false,
    "isActive": true,
    "isDealsEnabled": false,
    "quantity": 0
  },
  {
    "id": 5947,
    "code": "Finest Call Premium Mango Mix",
    "desc": "Finest Call Premium Mango Mix",
    "shortDesc": "Finest Call Premium Mango Mix",
    "tags": [
      "Cocoa & Drink Mixes"
    ],
    "categories": [
      {
        "code": "Beverages & Juices",
        "desc": "Beverages & Juices"
      }
    ],
    "subCategories": [
      {
        "code": "Cocoa & Drink Mixes",
        "desc": "Cocoa & Drink Mixes"
      }
    ],
    "brands": [
      {
        "code": "Finest Call",
        "desc": "Finest Call"
      }
    ],
    "price": {
      "basePrice": 4.99,
      "discountPrice": 4.99
    },
    "type": {
      "code": "Cocoa & Drink Mixes",
      "desc": "Cocoa & Drink Mixes"
    },
    "weight": "33.8 fl oz",
    "UpcCode": "",
    "tax": 0.0,
    "spiceLevel": "",
    "aiselNo": "17",
    "store": "Market Basket",
    "weightType": "33.8 fl oz",
    "imageName": "No Image.jpg",
    "defaultImage": "No Image.jpg",
    "updatedTimestamp": "Jan 23, 2021 8:02:29 PM",
    "createdTimestamp": "Jan 23, 2021 8:02:29 PM",
    "isNewlyAdded": false,
    "isActive": true,
    "isDealsEnabled": false,
    "quantity": 0
  },
  {
    "id": 14513,
    "code": "Bigelow \"Constant Comment\" Black Tea",
    "desc": "Bigelow \"Constant Comment\" Black Tea",
    "shortDesc": "Bigelow \"Constant Comment\" Black Tea",
    "tags": [
      "Tea"
    ],
    "categories": [
      {
        "code": "Breakfast & Dairy",
        "desc": "Breakfast & Dairy"
      }
    ],
    "subCategories": [
      {
        "code": "Tea & Coffee",
        "desc": "Tea & Coffee"
      }
    ],
    "brands": [
      {
        "code": "Bigelow ",
        "desc": "Bigelow "
      }
    ],
    "price": {
      "basePrice": 3.09,
      "discountPrice": 3.09
    },
    "type": {
      "code": "Tea",
      "desc": "Tea"
    },
    "weight": "20 count",
    "UpcCode": "",
    "tax": 0.0,
    "spiceLevel": "",
    "aiselNo": "8",
    "store": "Market Basket",
    "weightType": "20 count",
    "imageName": "3411.jpg",
    "defaultImage": "3411.jpg",
    "updatedTimestamp": "Jan 23, 2021 8:02:30 PM",
    "createdTimestamp": "Jan 23, 2021 8:02:30 PM",
    "isNewlyAdded": false,
    "isActive": true,
    "isDealsEnabled": false,
    "quantity": 0
  },
  {
    "id": 4271,
    "code": "Ruby Bay Salmon, Smoked, Sockeye",
    "desc": "Ruby Bay Salmon, Smoked, Sockeye",
    "shortDesc": "Ruby Bay Salmon, Smoked, Sockeye",
    "tags": [
      "Salmon"
    ],
    "categories": [
      {
        "code": "Meat & Seafood",
        "desc": "Meat & Seafood"
      }
    ],
    "subCategories": [
      {
        "code": "Packaged Meat & Seafood",
        "desc": "Packaged Meat & Seafood"
      }
    ],
    "brands": [
      {
        "code": "Ruby Bay",
        "desc": "Ruby Bay"
      }
    ],
    "price": {
      "basePrice": 8.59,
      "discountPrice": 8.59
    },
    "type": {
      "code": "Salmon",
      "desc": "Salmon"
    },
    "weight": "3 oz",
    "UpcCode": "",
    "tax": 0.0,
    "spiceLevel": "",
    "aiselNo": "22",
    "store": "Market Basket",
    "weightType": "3 oz",
    "imageName": "4131.jpg",
    "defaultImage": "4131.jpg",
    "updatedTimestamp": "Jan 23, 2021 8:02:30 PM",
    "createdTimestamp": "Jan 23, 2021 8:02:30 PM",
    "isNewlyAdded": false,
    "isActive": true,
    "isDealsEnabled": false,
    "quantity": 0
  },
  {
    "id": 13022,
    "code": "Apple Crunchies Sweetened Multi grain Cereal",
    "desc": "Apple Crunchies Sweetened Multi grain Cereal",
    "shortDesc": "Apple Crunchies Sweetened Multi grain Cereal",
    "tags": [
      "Cereal"
    ],
    "categories": [
      {
        "code": "Breakfast & Dairy",
        "desc": "Breakfast & Dairy"
      }
    ],
    "subCategories": [
      {
        "code": "Cereal",
        "desc": "Cereal"
      }
    ],
    "brands": [
      {
        "code": "Essentials Everyday",
        "desc": "Essentials Everyday"
      }
    ],
    "price": {
      "basePrice": 2.49,
      "discountPrice": 2.49
    },
    "type": {
      "code": "Cereal",
      "desc": "Cereal"
    },
    "weight": "12.2 oz",
    "UpcCode": "",
    "tax": 0.0,
    "spiceLevel": "",
    "aiselNo": "5",
    "store": "Market Basket",
    "weightType": "12.2 oz",
    "imageName": "No Image.jpg",
    "defaultImage": "No Image.jpg",
    "updatedTimestamp": "Jan 23, 2021 8:02:30 PM",
    "createdTimestamp": "Jan 23, 2021 8:02:30 PM",
    "isNewlyAdded": false,
    "isActive": true,
    "isDealsEnabled": false,
    "quantity": 0
  },
  {
    "id": 8666,
    "code": "Nathan's Pickles, Half Sour, New York",
    "desc": "Nathan's Pickles, Half Sour, New York",
    "shortDesc": "Nathan's Pickles, Half Sour, New York",
    "tags": [
      "Pickled Goods & Olives"
    ],
    "categories": [
      {
        "code": "Condiments & Dressings",
        "desc": "Condiments & Dressings"
      }
    ],
    "subCategories": [
      {
        "code": "Pickled Goods & Olives",
        "desc": "Pickled Goods & Olives"
      }
    ],
    "brands": [
      {
        "code": "Nathan's",
        "desc": "Nathan's"
      }
    ],
    "price": {
      "basePrice": 3.99,
      "discountPrice": 3.99
    },
    "type": {
      "code": "Pickled Goods & Olives",
      "desc": "Pickled Goods & Olives"
    },
    "weight": "32 oz",
    "UpcCode": "",
    "tax": 0.0,
    "spiceLevel": "",
    "aiselNo": "2",
    "store": "Market Basket",
    "weightType": "32 oz",
    "imageName": "15534.jpg",
    "defaultImage": "15534.jpg",
    "updatedTimestamp": "Jan 23, 2021 8:02:30 PM",
    "createdTimestamp": "Jan 23, 2021 8:02:30 PM",
    "isNewlyAdded": false,
    "isActive": true,
    "isDealsEnabled": false,
    "quantity": 0
  },
  {
    "id": 15143,
    "code": "Aim Multi-Benefit Cavity Protection Ultra Mint Gel Toothpaste",
    "desc": "Aim Multi-Benefit Cavity Protection Ultra Mint Gel Toothpaste",
    "shortDesc": "Aim Multi-Benefit Cavity Protection Ultra Mint Gel Toothpaste",
    "tags": [
      "Oral Hygiene"
    ],
    "categories": [
      {
        "code": "Personal Care",
        "desc": "Personal Care"
      }
    ],
    "subCategories": [
      {
        "code": "Personal Needs",
        "desc": "Personal Needs"
      }
    ],
    "brands": [
      {
        "code": "Aim",
        "desc": "Aim"
      }
    ],
    "price": {
      "basePrice": 1.48,
      "discountPrice": 1.48
    },
    "type": {
      "code": "Oral Hygiene",
      "desc": "Oral Hygiene"
    },
    "weight": "7.2 oz",
    "UpcCode": "",
    "tax": 1.0,
    "spiceLevel": "",
    "aiselNo": "13",
    "store": "Market Basket",
    "weightType": "7.2 oz",
    "imageName": "17775.jpg",
    "defaultImage": "17775.jpg",
    "updatedTimestamp": "Jan 23, 2021 8:02:30 PM",
    "createdTimestamp": "Jan 23, 2021 8:02:30 PM",
    "isNewlyAdded": false,
    "isActive": true,
    "isDealsEnabled": false,
    "quantity": 0
  },
  {
    "id": 3460,
    "code": "Pepino Melons",
    "desc": "Pepino Melons",
    "shortDesc": "Pepino Melons",
    "tags": [
      "Melon"
    ],
    "categories": [
      {
        "code": "Fresh Produce",
        "desc": "Fresh Produce"
      }
    ],
    "subCategories": [
      {
        "code": "Fresh Fruits",
        "desc": "Fresh Fruits"
      }
    ],
    "brands": [
      {
        "code": "Market Basket",
        "desc": "Market Basket"
      }
    ],
    "price": {
      "basePrice": 3.84,
      "discountPrice": 3.84
    },
    "type": {
      "code": "Melon",
      "desc": "Melon"
    },
    "weight": "1 count",
    "UpcCode": "",
    "tax": 0.0,
    "spiceLevel": "",
    "aiselNo": "20",
    "store": "Market Basket",
    "weightType": "1 count",
    "imageName": "f39.jpg",
    "defaultImage": "f39.jpg",
    "updatedTimestamp": "Jan 23, 2021 8:02:30 PM",
    "createdTimestamp": "Jan 23, 2021 8:02:30 PM",
    "isNewlyAdded": false,
    "isActive": true,
    "isDealsEnabled": false,
    "quantity": 0
  },
  {
    "id": 6812,
    "code": "Comstock Original Lite Cherry Pie Filling & Topping",
    "desc": "Comstock Original Lite Cherry Pie Filling & Topping",
    "shortDesc": "Comstock Original Lite Cherry Pie Filling & Topping",
    "tags": [
      "Baking Ingredients"
    ],
    "categories": [
      {
        "code": "Cooking Needs",
        "desc": "Cooking Needs"
      }
    ],
    "subCategories": [
      {
        "code": "Baking & Cooking",
        "desc": "Baking & Cooking"
      }
    ],
    "brands": [
      {
        "code": "Comstock",
        "desc": "Comstock"
      }
    ],
    "price": {
      "basePrice": 5.19,
      "discountPrice": 5.19
    },
    "type": {
      "code": "Baking Ingredients",
      "desc": "Baking Ingredients"
    },
    "weight": "20 oz",
    "UpcCode": "",
    "tax": 0.0,
    "spiceLevel": "",
    "aiselNo": "8",
    "store": "Market Basket",
    "weightType": "20 oz",
    "imageName": "15715.jpg",
    "defaultImage": "15715.jpg",
    "updatedTimestamp": "Jan 23, 2021 8:02:30 PM",
    "createdTimestamp": "Jan 23, 2021 8:02:30 PM",
    "isNewlyAdded": false,
    "isActive": true,
    "isDealsEnabled": false,
    "quantity": 0
  },
  {
    "id": 9888,
    "code": "Market Basket Whole Blackberries",
    "desc": "Market Basket Whole Blackberries",
    "shortDesc": "Market Basket Whole Blackberries",
    "tags": [
      "Frozen Produce"
    ],
    "categories": [
      {
        "code": "Frozen Food",
        "desc": "Frozen Food"
      }
    ],
    "subCategories": [
      {
        "code": "Frozen Produce",
        "desc": "Frozen Produce"
      }
    ],
    "brands": [
      {
        "code": "Market Basket",
        "desc": "Market Basket"
      }
    ],
    "price": {
      "basePrice": 2.49,
      "discountPrice": 2.49
    },
    "type": {
      "code": "Frozen Produce",
      "desc": "Frozen Produce"
    },
    "weight": "12 oz",
    "UpcCode": "",
    "tax": 0.0,
    "spiceLevel": "",
    "aiselNo": "19",
    "store": "Market Basket",
    "weightType": "12 oz",
    "imageName": "Market Basket.jpg",
    "defaultImage": "Market Basket.jpg",
    "updatedTimestamp": "Jan 23, 2021 8:02:30 PM",
    "createdTimestamp": "Jan 23, 2021 8:02:30 PM",
    "isNewlyAdded": false,
    "isActive": true,
    "isDealsEnabled": false,
    "quantity": 0
  },
  {
    "id": 7816,
    "code": "Brunswick in Soybean Oil Sardines",
    "desc": "Brunswick in Soybean Oil Sardines",
    "shortDesc": "Brunswick in Soybean Oil Sardines",
    "tags": [
      "Canned Meat & Seafood"
    ],
    "categories": [
      {
        "code": "Cooking Needs",
        "desc": "Cooking Needs"
      }
    ],
    "subCategories": [
      {
        "code": "Canned Food",
        "desc": "Canned Food"
      }
    ],
    "brands": [
      {
        "code": "Brunswick",
        "desc": "Brunswick"
      }
    ],
    "price": {
      "basePrice": 1.09,
      "discountPrice": 1.09
    },
    "type": {
      "code": "Canned Meat & Seafood",
      "desc": "Canned Meat & Seafood"
    },
    "weight": "3.75 oz",
    "UpcCode": "",
    "tax": 0.0,
    "spiceLevel": "",
    "aiselNo": "2",
    "store": "Market Basket",
    "weightType": "3.75 oz",
    "imageName": "17158.jpg",
    "defaultImage": "17158.jpg",
    "updatedTimestamp": "Jan 23, 2021 8:02:30 PM",
    "createdTimestamp": "Jan 23, 2021 8:02:30 PM",
    "isNewlyAdded": false,
    "isActive": true,
    "isDealsEnabled": false,
    "quantity": 0
  },
  {
    "id": 14528,
    "code": "Bigelow English Teatime Black Tea",
    "desc": "Bigelow English Teatime Black Tea",
    "shortDesc": "Bigelow English Teatime Black Tea",
    "tags": [
      "Tea"
    ],
    "categories": [
      {
        "code": "Breakfast & Dairy",
        "desc": "Breakfast & Dairy"
      }
    ],
    "subCategories": [
      {
        "code": "Tea & Coffee",
        "desc": "Tea & Coffee"
      }
    ],
    "brands": [
      {
        "code": "Bigelow ",
        "desc": "Bigelow "
      }
    ],
    "price": {
      "basePrice": 2.49,
      "discountPrice": 2.49
    },
    "type": {
      "code": "Tea",
      "desc": "Tea"
    },
    "weight": "20 count",
    "UpcCode": "",
    "tax": 0.0,
    "spiceLevel": "",
    "aiselNo": "8",
    "store": "Market Basket",
    "weightType": "20 count",
    "imageName": "3410.jpg",
    "defaultImage": "3410.jpg",
    "updatedTimestamp": "Jan 23, 2021 8:02:30 PM",
    "createdTimestamp": "Jan 23, 2021 8:02:30 PM",
    "isNewlyAdded": false,
    "isActive": true,
    "isDealsEnabled": false,
    "quantity": 0
  },
  {
    "id": 10122,
    "code": "Klondike Ice Cream Bars Dark Chocolate",
    "desc": "Klondike Ice Cream Bars Dark Chocolate",
    "shortDesc": "Klondike Ice Cream Bars Dark Chocolate",
    "tags": [
      "Ice Cream & Ice"
    ],
    "categories": [
      {
        "code": "Frozen Food",
        "desc": "Frozen Food"
      }
    ],
    "subCategories": [
      {
        "code": "Ice Cream & Ice",
        "desc": "Ice Cream & Ice"
      }
    ],
    "brands": [
      {
        "code": "Klondike",
        "desc": "Klondike"
      }
    ],
    "price": {
      "basePrice": 4.09,
      "discountPrice": 4.09
    },
    "type": {
      "code": "Ice Cream & Ice",
      "desc": "Ice Cream & Ice"
    },
    "weight": "6 count",
    "UpcCode": "",
    "tax": 0.0,
    "spiceLevel": "",
    "aiselNo": "21",
    "store": "Market Basket",
    "weightType": "6 count",
    "imageName": "18021.jpg",
    "defaultImage": "18021.jpg",
    "updatedTimestamp": "Jan 23, 2021 8:02:30 PM",
    "createdTimestamp": "Jan 23, 2021 8:02:30 PM",
    "isNewlyAdded": false,
    "isActive": true,
    "isDealsEnabled": false,
    "quantity": 0
  },
  {
    "id": 7145,
    "code": "Mazola Vegetable Plus! Oil",
    "desc": "Mazola Vegetable Plus! Oil",
    "shortDesc": "Mazola Vegetable Plus! Oil",
    "tags": [
      "Oils & Vinegars"
    ],
    "categories": [
      {
        "code": "Cooking Needs",
        "desc": "Cooking Needs"
      }
    ],
    "subCategories": [
      {
        "code": "Oils & Vinegars",
        "desc": "Oils & Vinegars"
      }
    ],
    "brands": [
      {
        "code": "Mazola",
        "desc": "Mazola"
      }
    ],
    "price": {
      "basePrice": 4.69,
      "discountPrice": 4.69
    },
    "type": {
      "code": "Oils & Vinegars",
      "desc": "Oils & Vinegars"
    },
    "weight": "40 fl oz",
    "UpcCode": "",
    "tax": 0.0,
    "spiceLevel": "",
    "aiselNo": "2",
    "store": "Market Basket",
    "weightType": "40 fl oz",
    "imageName": "15524.jpg",
    "defaultImage": "15524.jpg",
    "updatedTimestamp": "Jan 23, 2021 8:02:30 PM",
    "createdTimestamp": "Jan 23, 2021 8:02:30 PM",
    "isNewlyAdded": false,
    "isActive": true,
    "isDealsEnabled": false,
    "quantity": 0
  },
  {
    "id": 8019,
    "code": "Kitchen Basics All Natural Unsalted Beef Stock",
    "desc": "Kitchen Basics All Natural Unsalted Beef Stock",
    "shortDesc": "Kitchen Basics All Natural Unsalted Beef Stock",
    "tags": [
      "Soup, Broth & Bouillon"
    ],
    "categories": [
      {
        "code": "Cooking Needs",
        "desc": "Cooking Needs"
      }
    ],
    "subCategories": [
      {
        "code": "Canned Food",
        "desc": "Canned Food"
      }
    ],
    "brands": [
      {
        "code": "Kitchen Basics",
        "desc": "Kitchen Basics"
      }
    ],
    "price": {
      "basePrice": 3.09,
      "discountPrice": 3.09
    },
    "type": {
      "code": "Soup, Broth & Bouillon",
      "desc": "Soup, Broth & Bouillon"
    },
    "weight": "32 fl oz",
    "UpcCode": "",
    "tax": 0.0,
    "spiceLevel": "",
    "aiselNo": "2",
    "store": "Market Basket",
    "weightType": "32 fl oz",
    "imageName": "17221.jpg",
    "defaultImage": "17221.jpg",
    "updatedTimestamp": "Jan 23, 2021 8:02:30 PM",
    "createdTimestamp": "Jan 23, 2021 8:02:30 PM",
    "isNewlyAdded": false,
    "isActive": true,
    "isDealsEnabled": false,
    "quantity": 0
  },
  {
    "id": 14402,
    "code": "LavAzza Caffe Espresso Medium Roast Ground Coffee",
    "desc": "LavAzza Caffe Espresso Medium Roast Ground Coffee",
    "shortDesc": "LavAzza Caffe Espresso Medium Roast Ground Coffee",
    "tags": [
      "Coffee"
    ],
    "categories": [
      {
        "code": "Breakfast & Dairy",
        "desc": "Breakfast & Dairy"
      }
    ],
    "subCategories": [
      {
        "code": "Tea & Coffee",
        "desc": "Tea & Coffee"
      }
    ],
    "brands": [
      {
        "code": "LavAzza",
        "desc": "LavAzza"
      }
    ],
    "price": {
      "basePrice": 6.09,
      "discountPrice": 6.09
    },
    "type": {
      "code": "Coffee",
      "desc": "Coffee"
    },
    "weight": "8 oz",
    "UpcCode": "",
    "tax": 0.0,
    "spiceLevel": "",
    "aiselNo": "8",
    "store": "Market Basket",
    "weightType": "8 oz",
    "imageName": "16282.jpg",
    "defaultImage": "16282.jpg",
    "updatedTimestamp": "Jan 23, 2021 8:02:30 PM",
    "createdTimestamp": "Jan 23, 2021 8:02:30 PM",
    "isNewlyAdded": false,
    "isActive": true,
    "isDealsEnabled": false,
    "quantity": 0
  },
  {
    "id": 15033,
    "code": "Lady Speed Stick Invisible Dry Power Antiperspirant/Deodorant Wild Freesia",
    "desc": "Lady Speed Stick Invisible Dry Power Antiperspirant/Deodorant Wild Freesia",
    "shortDesc": "Lady Speed Stick Invisible Dry Power Antiperspirant/Deodorant Wild Freesia",
    "tags": [
      "Deodorants"
    ],
    "categories": [
      {
        "code": "Personal Care",
        "desc": "Personal Care"
      }
    ],
    "subCategories": [
      {
        "code": "Personal Needs",
        "desc": "Personal Needs"
      }
    ],
    "brands": [
      {
        "code": "Lady Speed Stick",
        "desc": "Lady Speed Stick"
      }
    ],
    "price": {
      "basePrice": 4.24,
      "discountPrice": 4.24
    },
    "type": {
      "code": "Deodorants",
      "desc": "Deodorants"
    },
    "weight": "2.3 oz",
    "UpcCode": "",
    "tax": 1.0,
    "spiceLevel": "",
    "aiselNo": "13",
    "store": "Market Basket",
    "weightType": "2.3 oz",
    "imageName": "17698.jpg",
    "defaultImage": "17698.jpg",
    "updatedTimestamp": "Jan 23, 2021 8:02:30 PM",
    "createdTimestamp": "Jan 23, 2021 8:02:30 PM",
    "isNewlyAdded": false,
    "isActive": true,
    "isDealsEnabled": false,
    "quantity": 0
  },
  {
    "id": 4117,
    "code": "Harvestland Fully Cooked Grilled Chicken Breast Strips",
    "desc": "Harvestland Fully Cooked Grilled Chicken Breast Strips",
    "shortDesc": "Harvestland Fully Cooked Grilled Chicken Breast Strips",
    "tags": [
      "Chicken Breast"
    ],
    "categories": [
      {
        "code": "Meat & Seafood",
        "desc": "Meat & Seafood"
      }
    ],
    "subCategories": [
      {
        "code": "Meat & Seafood Counter",
        "desc": "Meat & Seafood Counter"
      }
    ],
    "brands": [
      {
        "code": "Harvestland",
        "desc": "Harvestland"
      }
    ],
    "price": {
      "basePrice": 8.59,
      "discountPrice": 8.59
    },
    "type": {
      "code": "Chicken Breast",
      "desc": "Chicken Breast"
    },
    "weight": "1 lb",
    "UpcCode": "",
    "tax": 0.0,
    "spiceLevel": "",
    "aiselNo": "22",
    "store": "Market Basket",
    "weightType": "1 lb",
    "imageName": "No Image.jpg",
    "defaultImage": "No Image.jpg",
    "updatedTimestamp": "Jan 23, 2021 8:02:30 PM",
    "createdTimestamp": "Jan 23, 2021 8:02:30 PM",
    "isNewlyAdded": false,
    "isActive": true,
    "isDealsEnabled": false,
    "quantity": 0
  },
  {
    "id": 13946,
    "code": "Hoffman House Sharp Cheese",
    "desc": "Hoffman House Sharp Cheese",
    "shortDesc": "Hoffman House Sharp Cheese",
    "tags": [
      "Specialty Cheeses"
    ],
    "categories": [
      {
        "code": "Breakfast & Dairy",
        "desc": "Breakfast & Dairy"
      }
    ],
    "subCategories": [
      {
        "code": "Dairy & Eggs",
        "desc": "Dairy & Eggs"
      }
    ],
    "brands": [
      {
        "code": "Market Basket",
        "desc": "Market Basket"
      }
    ],
    "price": {
      "basePrice": 1.69,
      "discountPrice": 1.69
    },
    "type": {
      "code": "Specialty Cheeses",
      "desc": "Specialty Cheeses"
    },
    "weight": "1 per lb",
    "UpcCode": "",
    "tax": 0.0,
    "spiceLevel": "",
    "aiselNo": "1",
    "store": "Market Basket",
    "weightType": "1 per lb",
    "imageName": "Market Basket.jpg",
    "defaultImage": "Market Basket.jpg",
    "updatedTimestamp": "Jan 23, 2021 8:02:30 PM",
    "createdTimestamp": "Jan 23, 2021 8:02:30 PM",
    "isNewlyAdded": false,
    "isActive": true,
    "isDealsEnabled": false,
    "quantity": 0
  },
  {
    "id": 14495,
    "code": "The Organic Coffee Co. French Roast Ground Coffee",
    "desc": "The Organic Coffee Co. French Roast Ground Coffee",
    "shortDesc": "The Organic Coffee Co. French Roast Ground Coffee",
    "tags": [
      "Coffee"
    ],
    "categories": [
      {
        "code": "Breakfast & Dairy",
        "desc": "Breakfast & Dairy"
      }
    ],
    "subCategories": [
      {
        "code": "Tea & Coffee",
        "desc": "Tea & Coffee"
      }
    ],
    "brands": [
      {
        "code": "The Organic Coffee Co.",
        "desc": "The Organic Coffee Co."
      }
    ],
    "price": {
      "basePrice": 7.39,
      "discountPrice": 7.39
    },
    "type": {
      "code": "Coffee",
      "desc": "Coffee"
    },
    "weight": "12 oz",
    "UpcCode": "",
    "tax": 0.0,
    "spiceLevel": "",
    "aiselNo": "8",
    "store": "Market Basket",
    "weightType": "12 oz",
    "imageName": "16299.jpg",
    "defaultImage": "16299.jpg",
    "updatedTimestamp": "Jan 23, 2021 8:02:30 PM",
    "createdTimestamp": "Jan 23, 2021 8:02:30 PM",
    "isNewlyAdded": false,
    "isActive": true,
    "isDealsEnabled": false,
    "quantity": 0
  },
  {
    "id": 6448,
    "code": "Market Basket Orange Soda",
    "desc": "Market Basket Orange Soda",
    "shortDesc": "Market Basket Orange Soda",
    "tags": [
      "Soft Drinks"
    ],
    "categories": [
      {
        "code": "Beverages & Juices",
        "desc": "Beverages & Juices"
      }
    ],
    "subCategories": [
      {
        "code": "Soft Drinks & Seltzers",
        "desc": "Soft Drinks & Seltzers"
      }
    ],
    "brands": [
      {
        "code": "Market Basket",
        "desc": "Market Basket"
      }
    ],
    "price": {
      "basePrice": 3.75,
      "discountPrice": 3.75
    },
    "type": {
      "code": "Soft Drinks",
      "desc": "Soft Drinks"
    },
    "weight": "12 x 12 fl oz",
    "UpcCode": "",
    "tax": 0.0,
    "spiceLevel": "",
    "aiselNo": "17",
    "store": "Market Basket",
    "weightType": "12 x 12 fl oz",
    "imageName": "Market Basket.jpg",
    "defaultImage": "Market Basket.jpg",
    "updatedTimestamp": "Jan 23, 2021 8:02:30 PM",
    "createdTimestamp": "Jan 23, 2021 8:02:30 PM",
    "isNewlyAdded": false,
    "isActive": true,
    "isDealsEnabled": false,
    "quantity": 0
  },
  {
    "id": 9848,
    "code": "Market Basket Cultivated Blueberries",
    "desc": "Market Basket Cultivated Blueberries",
    "shortDesc": "Market Basket Cultivated Blueberries",
    "tags": [
      "Frozen Produce"
    ],
    "categories": [
      {
        "code": "Frozen Food",
        "desc": "Frozen Food"
      }
    ],
    "subCategories": [
      {
        "code": "Frozen Produce",
        "desc": "Frozen Produce"
      }
    ],
    "brands": [
      {
        "code": "Market Basket",
        "desc": "Market Basket"
      }
    ],
    "price": {
      "basePrice": 6.09,
      "discountPrice": 6.09
    },
    "type": {
      "code": "Frozen Produce",
      "desc": "Frozen Produce"
    },
    "weight": "32 oz",
    "UpcCode": "",
    "tax": 0.0,
    "spiceLevel": "",
    "aiselNo": "19",
    "store": "Market Basket",
    "weightType": "32 oz",
    "imageName": "Market Basket.jpg",
    "defaultImage": "Market Basket.jpg",
    "updatedTimestamp": "Jan 23, 2021 8:02:30 PM",
    "createdTimestamp": "Jan 23, 2021 8:02:30 PM",
    "isNewlyAdded": false,
    "isActive": true,
    "isDealsEnabled": false,
    "quantity": 0
  },
  {
    "id": 3547,
    "code": "Indian Bitter Melon Pack",
    "desc": "Indian Bitter Melon Pack",
    "shortDesc": "Indian Bitter Melon Pack",
    "tags": [
      "Bitter Melon"
    ],
    "categories": [
      {
        "code": "Fresh Produce",
        "desc": "Fresh Produce"
      }
    ],
    "subCategories": [
      {
        "code": "Fresh Vegetables",
        "desc": "Fresh Vegetables"
      }
    ],
    "brands": [
      {
        "code": "Market Basket",
        "desc": "Market Basket"
      }
    ],
    "price": {
      "basePrice": 5.88,
      "discountPrice": 5.88
    },
    "type": {
      "code": "Bitter Melon",
      "desc": "Bitter Melon"
    },
    "weight": "1 pack",
    "UpcCode": "",
    "tax": 0.0,
    "spiceLevel": "",
    "aiselNo": "20",
    "store": "Market Basket",
    "weightType": "1 pack",
    "imageName": "FP74.jpg",
    "defaultImage": "FP74.jpg",
    "updatedTimestamp": "Jan 23, 2021 8:02:30 PM",
    "createdTimestamp": "Jan 23, 2021 8:02:30 PM",
    "isNewlyAdded": false,
    "isActive": true,
    "isDealsEnabled": false,
    "quantity": 0
  },
  {
    "id": 15006,
    "code": "Arm & Hammer Fresh Rosemary Lavender Deodorant",
    "desc": "Arm & Hammer Fresh Rosemary Lavender Deodorant",
    "shortDesc": "Arm & Hammer Fresh Rosemary Lavender Deodorant",
    "tags": [
      "Deodorants"
    ],
    "categories": [
      {
        "code": "Personal Care",
        "desc": "Personal Care"
      }
    ],
    "subCategories": [
      {
        "code": "Personal Needs",
        "desc": "Personal Needs"
      }
    ],
    "brands": [
      {
        "code": "Arm & Hammer",
        "desc": "Arm & Hammer"
      }
    ],
    "price": {
      "basePrice": 4.82,
      "discountPrice": 4.82
    },
    "type": {
      "code": "Deodorants",
      "desc": "Deodorants"
    },
    "weight": "2.5 oz",
    "UpcCode": "",
    "tax": 1.0,
    "spiceLevel": "",
    "aiselNo": "13",
    "store": "Market Basket",
    "weightType": "2.5 oz",
    "imageName": "6317.jpg",
    "defaultImage": "6317.jpg",
    "updatedTimestamp": "Jan 23, 2021 8:02:30 PM",
    "createdTimestamp": "Jan 23, 2021 8:02:30 PM",
    "isNewlyAdded": false,
    "isActive": true,
    "isDealsEnabled": false,
    "quantity": 0
  },
  {
    "id": 6675,
    "code": "Tropicana Trop50 SOME PULP 50% LESS SUGAR & CALORIES Than Orange juice",
    "desc": "Tropicana Trop50 SOME PULP 50% LESS SUGAR & CALORIES Than Orange juice",
    "shortDesc": "Tropicana Trop50 SOME PULP 50% LESS SUGAR & CALORIES Than Orange juice",
    "tags": [
      "Refrigerated Drinks"
    ],
    "categories": [
      {
        "code": "Beverages & Juices",
        "desc": "Beverages & Juices"
      }
    ],
    "subCategories": [
      {
        "code": "Juices & Refrigerated Drinks",
        "desc": "Juices & Refrigerated Drinks"
      }
    ],
    "brands": [
      {
        "code": "Tropicana ",
        "desc": "Tropicana "
      }
    ],
    "price": {
      "basePrice": 4.61,
      "discountPrice": 4.61
    },
    "type": {
      "code": "Refrigerated Drinks",
      "desc": "Refrigerated Drinks"
    },
    "weight": "52 fl oz",
    "UpcCode": "",
    "tax": 0.0,
    "spiceLevel": "",
    "aiselNo": "1",
    "store": "Market Basket",
    "weightType": "52 fl oz",
    "imageName": "X852.jpg",
    "defaultImage": "X852.jpg",
    "updatedTimestamp": "Jan 23, 2021 8:02:29 PM",
    "createdTimestamp": "Jan 23, 2021 8:02:29 PM",
    "isNewlyAdded": false,
    "isActive": true,
    "isDealsEnabled": false,
    "quantity": 0
  },
  {
    "id": 335,
    "code": "Market Basket Super Size Sandwich Bags",
    "desc": "Market Basket Super Size Sandwich Bags",
    "shortDesc": "Market Basket Super Size Sandwich Bags",
    "tags": [
      "Storage Bags"
    ],
    "categories": [
      {
        "code": "Kitchen & Cleaning",
        "desc": "Kitchen & Cleaning"
      }
    ],
    "subCategories": [
      {
        "code": "Food Storage & Kitchen Supplies",
        "desc": "Food Storage & Kitchen Supplies"
      }
    ],
    "brands": [
      {
        "code": "Market Basket",
        "desc": "Market Basket"
      }
    ],
    "price": {
      "basePrice": 1.69,
      "discountPrice": 1.69
    },
    "type": {
      "code": "Storage Bags",
      "desc": "Storage Bags"
    },
    "weight": "30 bag(s)",
    "UpcCode": "",
    "tax": 1.0,
    "spiceLevel": "",
    "aiselNo": "12",
    "store": "Market Basket",
    "weightType": "30 bag(s)",
    "imageName": "Market Basket.jpg",
    "defaultImage": "Market Basket.jpg",
    "updatedTimestamp": "Jan 23, 2021 8:02:30 PM",
    "createdTimestamp": "Jan 23, 2021 8:02:30 PM",
    "isNewlyAdded": false,
    "isActive": true,
    "isDealsEnabled": false,
    "quantity": 0
  },
  {
    "id": 10069,
    "code": "Haagen dazs Coffee Ice Cream",
    "desc": "Haagen dazs Coffee Ice Cream",
    "shortDesc": "Haagen dazs Coffee Ice Cream",
    "tags": [
      "Ice Cream & Ice"
    ],
    "categories": [
      {
        "code": "Frozen Food",
        "desc": "Frozen Food"
      }
    ],
    "subCategories": [
      {
        "code": "Ice Cream & Ice",
        "desc": "Ice Cream & Ice"
      }
    ],
    "brands": [
      {
        "code": "Haagen-dazs",
        "desc": "Haagen-dazs"
      }
    ],
    "price": {
      "basePrice": 1.29,
      "discountPrice": 1.29
    },
    "type": {
      "code": "Ice Cream & Ice",
      "desc": "Ice Cream & Ice"
    },
    "weight": "3.6 fl oz",
    "UpcCode": "",
    "tax": 0.0,
    "spiceLevel": "",
    "aiselNo": "21",
    "store": "Market Basket",
    "weightType": "3.6 fl oz",
    "imageName": "3079.jpg",
    "defaultImage": "3079.jpg",
    "updatedTimestamp": "Jan 23, 2021 8:02:30 PM",
    "createdTimestamp": "Jan 23, 2021 8:02:30 PM",
    "isNewlyAdded": false,
    "isActive": true,
    "isDealsEnabled": false,
    "quantity": 0
  },
  {
    "id": 4148,
    "code": "Haddock",
    "desc": "Haddock",
    "shortDesc": "Haddock",
    "tags": [
      "Haddock"
    ],
    "categories": [
      {
        "code": "Meat & Seafood",
        "desc": "Meat & Seafood"
      }
    ],
    "subCategories": [
      {
        "code": "Meat & Seafood Counter",
        "desc": "Meat & Seafood Counter"
      }
    ],
    "brands": [
      {
        "code": "Market Basket",
        "desc": "Market Basket"
      }
    ],
    "price": {
      "basePrice": 8.59,
      "discountPrice": 8.59
    },
    "type": {
      "code": "Haddock",
      "desc": "Haddock"
    },
    "weight": "1 lb",
    "UpcCode": "",
    "tax": 0.0,
    "spiceLevel": "",
    "aiselNo": "22",
    "store": "Market Basket",
    "weightType": "1 lb",
    "imageName": "Market Basket.jpg",
    "defaultImage": "Market Basket.jpg",
    "updatedTimestamp": "Jan 23, 2021 8:02:30 PM",
    "createdTimestamp": "Jan 23, 2021 8:02:30 PM",
    "isNewlyAdded": false,
    "isActive": true,
    "isDealsEnabled": false,
    "quantity": 0
  },
  {
    "id": 5017,
    "code": "Utz Pork Rinds Chicharrones Original",
    "desc": "Utz Pork Rinds Chicharrones Original",
    "shortDesc": "Utz Pork Rinds Chicharrones Original",
    "tags": [
      "Chips & Pretzels"
    ],
    "categories": [
      {
        "code": "Chips, Cookies & Snacks",
        "desc": "Chips, Cookies & Snacks"
      }
    ],
    "subCategories": [
      {
        "code": "Chips & Fruit Snacks",
        "desc": "Chips & Fruit Snacks"
      }
    ],
    "brands": [
      {
        "code": "Utz",
        "desc": "Utz"
      }
    ],
    "price": {
      "basePrice": 3.11,
      "discountPrice": 3.11
    },
    "type": {
      "code": "Chips & Pretzels",
      "desc": "Chips & Pretzels"
    },
    "weight": "5 oz",
    "UpcCode": "",
    "tax": 0.0,
    "spiceLevel": "",
    "aiselNo": "0",
    "store": "Market Basket",
    "weightType": "5 oz",
    "imageName": "No Image.jpg",
    "defaultImage": "No Image.jpg",
    "updatedTimestamp": "Jan 23, 2021 8:02:30 PM",
    "createdTimestamp": "Jan 23, 2021 8:02:30 PM",
    "isNewlyAdded": false,
    "isActive": true,
    "isDealsEnabled": false,
    "quantity": 0
  },
  {
    "id": 13853,
    "code": "Snack Pack Pudding Triples Chocolate Vanilla",
    "desc": "Snack Pack Pudding Triples Chocolate Vanilla",
    "shortDesc": "Snack Pack Pudding Triples Chocolate Vanilla",
    "tags": [
      "Refrigerated Pudding & Desserts"
    ],
    "categories": [
      {
        "code": "Breakfast & Dairy",
        "desc": "Breakfast & Dairy"
      }
    ],
    "subCategories": [
      {
        "code": "Dairy & Eggs",
        "desc": "Dairy & Eggs"
      }
    ],
    "brands": [
      {
        "code": "Snack Pack",
        "desc": "Snack Pack"
      }
    ],
    "price": {
      "basePrice": 1.49,
      "discountPrice": 1.49
    },
    "type": {
      "code": "Refrigerated Pudding & Desserts",
      "desc": "Refrigerated Pudding & Desserts"
    },
    "weight": "3.25 oz",
    "UpcCode": "",
    "tax": 0.0,
    "spiceLevel": "",
    "aiselNo": "19",
    "store": "Market Basket",
    "weightType": "3.25 oz",
    "imageName": "808.jpg",
    "defaultImage": "808.jpg",
    "updatedTimestamp": "Jan 23, 2021 8:02:30 PM",
    "createdTimestamp": "Jan 23, 2021 8:02:30 PM",
    "isNewlyAdded": false,
    "isActive": true,
    "isDealsEnabled": false,
    "quantity": 0
  },
  {
    "id": 5399,
    "code": "Back to Nature Fudge Mint Cookies",
    "desc": "Back to Nature Fudge Mint Cookies",
    "shortDesc": "Back to Nature Fudge Mint Cookies",
    "tags": [
      "Crackers"
    ],
    "categories": [
      {
        "code": "Chips, Cookies & Snacks",
        "desc": "Chips, Cookies & Snacks"
      }
    ],
    "subCategories": [
      {
        "code": "Cookies & Crackers",
        "desc": "Cookies & Crackers"
      }
    ],
    "brands": [
      {
        "code": "Back to Nature",
        "desc": "Back to Nature"
      }
    ],
    "price": {
      "basePrice": 6.23,
      "discountPrice": 6.23
    },
    "type": {
      "code": "Crackers",
      "desc": "Crackers"
    },
    "weight": "6.4 oz",
    "UpcCode": "",
    "tax": 0.0,
    "spiceLevel": "",
    "aiselNo": "6",
    "store": "Market Basket",
    "weightType": "6.4 oz",
    "imageName": "No Image.jpg",
    "defaultImage": "No Image.jpg",
    "updatedTimestamp": "Jan 23, 2021 8:02:30 PM",
    "createdTimestamp": "Jan 23, 2021 8:02:30 PM",
    "isNewlyAdded": false,
    "isActive": true,
    "isDealsEnabled": false,
    "quantity": 0
  },
  {
    "id": 13474,
    "code": "Hood Cultured Fat Free Buttermilk",
    "desc": "Hood Cultured Fat Free Buttermilk",
    "shortDesc": "Hood Cultured Fat Free Buttermilk",
    "tags": [
      "Milk"
    ],
    "categories": [
      {
        "code": "Breakfast & Dairy",
        "desc": "Breakfast & Dairy"
      }
    ],
    "subCategories": [
      {
        "code": "Dairy & Eggs",
        "desc": "Dairy & Eggs"
      }
    ],
    "brands": [
      {
        "code": "Hood",
        "desc": "Hood"
      }
    ],
    "price": {
      "basePrice": 1.99,
      "discountPrice": 1.99
    },
    "type": {
      "code": "Milk",
      "desc": "Milk"
    },
    "weight": "1 count",
    "UpcCode": "",
    "tax": 0.0,
    "spiceLevel": "",
    "aiselNo": "1",
    "store": "Market Basket",
    "weightType": "1 count",
    "imageName": "501.jpg",
    "defaultImage": "501.jpg",
    "updatedTimestamp": "Jan 23, 2021 8:02:30 PM",
    "createdTimestamp": "Jan 23, 2021 8:02:30 PM",
    "isNewlyAdded": false,
    "isActive": true,
    "isDealsEnabled": false,
    "quantity": 0
  },
  {
    "id": 14597,
    "code": "Snapple Diet Peach Tea ",
    "desc": "Snapple Diet Peach Tea ",
    "shortDesc": "Snapple Diet Peach Tea ",
    "tags": [
      "Tea"
    ],
    "categories": [
      {
        "code": "Beverages & Juices",
        "desc": "Beverages & Juices"
      }
    ],
    "subCategories": [
      {
        "code": "Tea, Coffee, Milk & Coconut Water",
        "desc": "Tea, Coffee, Milk & Coconut Water"
      }
    ],
    "brands": [
      {
        "code": "Snapple",
        "desc": "Snapple"
      }
    ],
    "price": {
      "basePrice": 7.49,
      "discountPrice": 7.49
    },
    "type": {
      "code": "Tea",
      "desc": "Tea"
    },
    "weight": "6 x 16 fl oz",
    "UpcCode": "076183263570",
    "tax": 0.0,
    "spiceLevel": "",
    "aiselNo": "10",
    "store": "Market Basket",
    "weightType": "6 x 16 fl oz",
    "imageName": "X3005.jpg",
    "defaultImage": "X3005.jpg",
    "updatedTimestamp": "Jan 23, 2021 8:02:29 PM",
    "createdTimestamp": "Jan 23, 2021 8:02:29 PM",
    "isNewlyAdded": false,
    "isActive": true,
    "isDealsEnabled": false,
    "quantity": 0
  },
  {
    "id": 7459,
    "code": "Goya Whole Tomatillos",
    "desc": "Goya Whole Tomatillos",
    "shortDesc": "Goya Whole Tomatillos",
    "tags": [
      "Canned & Jarred Vegetables"
    ],
    "categories": [
      {
        "code": "Cooking Needs",
        "desc": "Cooking Needs"
      }
    ],
    "subCategories": [
      {
        "code": "Canned Food",
        "desc": "Canned Food"
      }
    ],
    "brands": [
      {
        "code": "Goya",
        "desc": "Goya"
      }
    ],
    "price": {
      "basePrice": 2.69,
      "discountPrice": 2.69
    },
    "type": {
      "code": "Canned & Jarred Vegetables",
      "desc": "Canned & Jarred Vegetables"
    },
    "weight": "26 oz",
    "UpcCode": "",
    "tax": 0.0,
    "spiceLevel": "",
    "aiselNo": "9",
    "store": "Market Basket",
    "weightType": "26 oz",
    "imageName": "No Image.jpg",
    "defaultImage": "No Image.jpg",
    "updatedTimestamp": "Jan 23, 2021 8:02:30 PM",
    "createdTimestamp": "Jan 23, 2021 8:02:30 PM",
    "isNewlyAdded": false,
    "isActive": true,
    "isDealsEnabled": false,
    "quantity": 0
  },
  {
    "id": 4921,
    "code": "Santitas Corn Tortilla Chips",
    "desc": "Santitas Corn Tortilla Chips",
    "shortDesc": "Santitas Corn Tortilla Chips",
    "tags": [
      "Chips & Pretzels"
    ],
    "categories": [
      {
        "code": "Chips, Cookies & Snacks",
        "desc": "Chips, Cookies & Snacks"
      }
    ],
    "subCategories": [
      {
        "code": "Chips & Fruit Snacks",
        "desc": "Chips & Fruit Snacks"
      }
    ],
    "brands": [
      {
        "code": "Santitas",
        "desc": "Santitas"
      }
    ],
    "price": {
      "basePrice": 3.58,
      "discountPrice": 3.58
    },
    "type": {
      "code": "Chips & Pretzels",
      "desc": "Chips & Pretzels"
    },
    "weight": "11 oz",
    "UpcCode": "",
    "tax": 0.0,
    "spiceLevel": "",
    "aiselNo": "0",
    "store": "Market Basket",
    "weightType": "11 oz",
    "imageName": "No Image.jpg",
    "defaultImage": "No Image.jpg",
    "updatedTimestamp": "Jan 23, 2021 8:02:30 PM",
    "createdTimestamp": "Jan 23, 2021 8:02:30 PM",
    "isNewlyAdded": false,
    "isActive": true,
    "isDealsEnabled": false,
    "quantity": 0
  },
  {
    "id": 14756,
    "code": "L'oreal KidsÂ® Extra Gentle 2 in 1 Shampoo Sunny Orange Swim",
    "desc": "L'oreal KidsÂ® Extra Gentle 2 in 1 Shampoo Sunny Orange Swim",
    "shortDesc": "L'oreal KidsÂ® Extra Gentle 2 in 1 Shampoo Sunny Orange Swim",
    "tags": [
      "Hair Care"
    ],
    "categories": [
      {
        "code": "Personal Care",
        "desc": "Personal Care"
      }
    ],
    "subCategories": [
      {
        "code": "Body Wash, Soap & Hair Care",
        "desc": "Body Wash, Soap & Hair Care"
      }
    ],
    "brands": [
      {
        "code": "L'Oreal",
        "desc": "L'Oreal"
      }
    ],
    "price": {
      "basePrice": 4.93,
      "discountPrice": 4.93
    },
    "type": {
      "code": "Hair Care",
      "desc": "Hair Care"
    },
    "weight": "9 fl oz",
    "UpcCode": "",
    "tax": 1.0,
    "spiceLevel": "",
    "aiselNo": "13",
    "store": "Market Basket",
    "weightType": "9 fl oz",
    "imageName": "17826.jpg",
    "defaultImage": "17826.jpg",
    "updatedTimestamp": "Jan 23, 2021 8:02:30 PM",
    "createdTimestamp": "Jan 23, 2021 8:02:30 PM",
    "isNewlyAdded": false,
    "isActive": true,
    "isDealsEnabled": false,
    "quantity": 0
  },
  {
    "id": 6174,
    "code": "Pepsi Diet",
    "desc": "Pepsi Diet",
    "shortDesc": "Pepsi Diet",
    "tags": [
      "Soft Drinks"
    ],
    "categories": [
      {
        "code": "Beverages & Juices",
        "desc": "Beverages & Juices"
      }
    ],
    "subCategories": [
      {
        "code": "Soft Drinks & Seltzers",
        "desc": "Soft Drinks & Seltzers"
      }
    ],
    "brands": [
      {
        "code": "Pepsi",
        "desc": "Pepsi"
      }
    ],
    "price": {
      "basePrice": 2.5,
      "discountPrice": 2.5
    },
    "type": {
      "code": "Soft Drinks",
      "desc": "Soft Drinks"
    },
    "weight": "2 L",
    "UpcCode": "",
    "tax": 0.0,
    "spiceLevel": "",
    "aiselNo": "17",
    "store": "Market Basket",
    "weightType": "2 L",
    "imageName": "3919.jpg",
    "defaultImage": "3919.jpg",
    "updatedTimestamp": "Jan 23, 2021 8:02:30 PM",
    "createdTimestamp": "Jan 23, 2021 8:02:30 PM",
    "isNewlyAdded": false,
    "isActive": true,
    "isDealsEnabled": false,
    "quantity": 0
  },
  {
    "id": 7292,
    "code": "McCormick GourmetÃ¢âÂ¢ Organic Ground Cumin",
    "desc": "McCormick GourmetÃ¢âÂ¢ Organic Ground Cumin",
    "shortDesc": "McCormick GourmetÃ¢âÂ¢ Organic Ground Cumin",
    "tags": [
      "Spices & Seasonings"
    ],
    "categories": [
      {
        "code": "Cooking Needs",
        "desc": "Cooking Needs"
      }
    ],
    "subCategories": [
      {
        "code": "Spices & Seasonings",
        "desc": "Spices & Seasonings"
      }
    ],
    "brands": [
      {
        "code": "McCormick",
        "desc": "McCormick"
      }
    ],
    "price": {
      "basePrice": 4.89,
      "discountPrice": 4.89
    },
    "type": {
      "code": "Spices & Seasonings",
      "desc": "Spices & Seasonings"
    },
    "weight": "1.5 oz",
    "UpcCode": "",
    "tax": 0.0,
    "spiceLevel": "",
    "aiselNo": "9",
    "store": "Market Basket",
    "weightType": "1.5 oz",
    "imageName": "2205.jpg",
    "defaultImage": "2205.jpg",
    "updatedTimestamp": "Jan 23, 2021 8:02:30 PM",
    "createdTimestamp": "Jan 23, 2021 8:02:30 PM",
    "isNewlyAdded": false,
    "isActive": true,
    "isDealsEnabled": false,
    "quantity": 0
  },
  {
    "id": 10391,
    "code": "Goya Extra Long Grain Canilla Enriched White Rice",
    "desc": "Goya Extra Long Grain Canilla Enriched White Rice",
    "shortDesc": "Goya Extra Long Grain Canilla Enriched White Rice",
    "tags": [
      "Rice"
    ],
    "categories": [
      {
        "code": "Cooking Needs",
        "desc": "Cooking Needs"
      }
    ],
    "subCategories": [
      {
        "code": "Rice & Grains",
        "desc": "Rice & Grains"
      }
    ],
    "brands": [
      {
        "code": "Canilla",
        "desc": "Canilla"
      }
    ],
    "price": {
      "basePrice": 8.59,
      "discountPrice": 8.59
    },
    "type": {
      "code": "Rice",
      "desc": "Rice"
    },
    "weight": "10 lb",
    "UpcCode": "",
    "tax": 0.0,
    "spiceLevel": "",
    "aiselNo": "4",
    "store": "Market Basket",
    "weightType": "10 lb",
    "imageName": "17437.jpg",
    "defaultImage": "17437.jpg",
    "updatedTimestamp": "Jan 23, 2021 8:02:30 PM",
    "createdTimestamp": "Jan 23, 2021 8:02:30 PM",
    "isNewlyAdded": false,
    "isActive": true,
    "isDealsEnabled": false,
    "quantity": 0
  },
  {
    "id": 13841,
    "code": "Market Basket Marachino Cherries",
    "desc": "Market Basket Marachino Cherries",
    "shortDesc": "Market Basket Marachino Cherries",
    "tags": [
      "Refrigerated Pudding & Desserts"
    ],
    "categories": [
      {
        "code": "Breakfast & Dairy",
        "desc": "Breakfast & Dairy"
      }
    ],
    "subCategories": [
      {
        "code": "Dairy & Eggs",
        "desc": "Dairy & Eggs"
      }
    ],
    "brands": [
      {
        "code": "Market Basket",
        "desc": "Market Basket"
      }
    ],
    "price": {
      "basePrice": 2.49,
      "discountPrice": 2.49
    },
    "type": {
      "code": "Refrigerated Pudding & Desserts",
      "desc": "Refrigerated Pudding & Desserts"
    },
    "weight": "10 oz",
    "UpcCode": "",
    "tax": 0.0,
    "spiceLevel": "",
    "aiselNo": "19",
    "store": "Market Basket",
    "weightType": "10 oz",
    "imageName": "Market Basket.jpg",
    "defaultImage": "Market Basket.jpg",
    "updatedTimestamp": "Jan 23, 2021 8:02:30 PM",
    "createdTimestamp": "Jan 23, 2021 8:02:30 PM",
    "isNewlyAdded": false,
    "isActive": true,
    "isDealsEnabled": false,
    "quantity": 0
  },
  {
    "id": 13805,
    "code": "Stella Feta Cheese",
    "desc": "Stella Feta Cheese",
    "shortDesc": "Stella Feta Cheese",
    "tags": [
      "Packaged Cheese"
    ],
    "categories": [
      {
        "code": "Breakfast & Dairy",
        "desc": "Breakfast & Dairy"
      }
    ],
    "subCategories": [
      {
        "code": "Dairy & Eggs",
        "desc": "Dairy & Eggs"
      }
    ],
    "brands": [
      {
        "code": "Stella",
        "desc": "Stella"
      }
    ],
    "price": {
      "basePrice": 4.89,
      "discountPrice": 4.89
    },
    "type": {
      "code": "Packaged Cheese",
      "desc": "Packaged Cheese"
    },
    "weight": "16 oz",
    "UpcCode": "",
    "tax": 0.0,
    "spiceLevel": "",
    "aiselNo": "1",
    "store": "Market Basket",
    "weightType": "16 oz",
    "imageName": "Market Basket.jpg",
    "defaultImage": "Market Basket.jpg",
    "updatedTimestamp": "Jan 23, 2021 8:02:30 PM",
    "createdTimestamp": "Jan 23, 2021 8:02:30 PM",
    "isNewlyAdded": false,
    "isActive": true,
    "isDealsEnabled": false,
    "quantity": 0
  },
  {
    "id": 7704,
    "code": "Bush's Best Light Red Kidney Beans",
    "desc": "Bush's Best Light Red Kidney Beans",
    "shortDesc": "Bush's Best Light Red Kidney Beans",
    "tags": [
      "Canned Meals & Beans"
    ],
    "categories": [
      {
        "code": "Cooking Needs",
        "desc": "Cooking Needs"
      }
    ],
    "subCategories": [
      {
        "code": "Canned Food",
        "desc": "Canned Food"
      }
    ],
    "brands": [
      {
        "code": "Bush's Best",
        "desc": "Bush's Best"
      }
    ],
    "price": {
      "basePrice": 1.29,
      "discountPrice": 1.29
    },
    "type": {
      "code": "Canned Meals & Beans",
      "desc": "Canned Meals & Beans"
    },
    "weight": "16 oz",
    "UpcCode": "",
    "tax": 0.0,
    "spiceLevel": "",
    "aiselNo": "2",
    "store": "Market Basket",
    "weightType": "16 oz",
    "imageName": "5144.jpg",
    "defaultImage": "5144.jpg",
    "updatedTimestamp": "Jan 23, 2021 8:02:30 PM",
    "createdTimestamp": "Jan 23, 2021 8:02:30 PM",
    "isNewlyAdded": false,
    "isActive": true,
    "isDealsEnabled": false,
    "quantity": 0
  },
  {
    "id": 7559,
    "code": "Pastene Artichoke Hearts",
    "desc": "Pastene Artichoke Hearts",
    "shortDesc": "Pastene Artichoke Hearts",
    "tags": [
      "Canned & Jarred Vegetables"
    ],
    "categories": [
      {
        "code": "Cooking Needs",
        "desc": "Cooking Needs"
      }
    ],
    "subCategories": [
      {
        "code": "Canned Food",
        "desc": "Canned Food"
      }
    ],
    "brands": [
      {
        "code": "Pastene",
        "desc": "Pastene"
      }
    ],
    "price": {
      "basePrice": 3.09,
      "discountPrice": 3.09
    },
    "type": {
      "code": "Canned & Jarred Vegetables",
      "desc": "Canned & Jarred Vegetables"
    },
    "weight": "14 oz",
    "UpcCode": "",
    "tax": 0.0,
    "spiceLevel": "",
    "aiselNo": "9",
    "store": "Market Basket",
    "weightType": "14 oz",
    "imageName": "4982.jpg",
    "defaultImage": "4982.jpg",
    "updatedTimestamp": "Jan 23, 2021 8:02:30 PM",
    "createdTimestamp": "Jan 23, 2021 8:02:30 PM",
    "isNewlyAdded": false,
    "isActive": true,
    "isDealsEnabled": false,
    "quantity": 0
  },
  {
    "id": 115,
    "code": "Butler Gum Power Brush",
    "desc": "Butler Gum Power Brush",
    "shortDesc": "Butler Gum Power Brush",
    "tags": [
      "Cleaning Brush"
    ],
    "categories": [
      {
        "code": "Kitchen & Cleaning",
        "desc": "Kitchen & Cleaning"
      }
    ],
    "subCategories": [
      {
        "code": "Cleaning Products",
        "desc": "Cleaning Products"
      }
    ],
    "brands": [
      {
        "code": "Butler Gum",
        "desc": "Butler Gum"
      }
    ],
    "price": {
      "basePrice": 4.89,
      "discountPrice": 4.89
    },
    "type": {
      "code": "Cleaning Brush",
      "desc": "Cleaning Brush"
    },
    "weight": "1 count",
    "UpcCode": "",
    "tax": 1.0,
    "spiceLevel": "",
    "aiselNo": "15",
    "store": "Market Basket",
    "weightType": "1 count",
    "imageName": "No Image.jpg",
    "defaultImage": "No Image.jpg",
    "updatedTimestamp": "Jan 23, 2021 8:02:30 PM",
    "createdTimestamp": "Jan 23, 2021 8:02:30 PM",
    "isNewlyAdded": false,
    "isActive": true,
    "isDealsEnabled": false,
    "quantity": 0
  },
  {
    "id": 14432,
    "code": "Nescafe Taster's Choice Decaf House Blend Instant Coffee",
    "desc": "Nescafe Taster's Choice Decaf House Blend Instant Coffee",
    "shortDesc": "Nescafe Taster's Choice Decaf House Blend Instant Coffee",
    "tags": [
      "Coffee"
    ],
    "categories": [
      {
        "code": "Breakfast & Dairy",
        "desc": "Breakfast & Dairy"
      }
    ],
    "subCategories": [
      {
        "code": "Tea & Coffee",
        "desc": "Tea & Coffee"
      }
    ],
    "brands": [
      {
        "code": "Nescafe",
        "desc": "Nescafe"
      }
    ],
    "price": {
      "basePrice": 12.19,
      "discountPrice": 12.19
    },
    "type": {
      "code": "Coffee",
      "desc": "Coffee"
    },
    "weight": "7 oz",
    "UpcCode": "",
    "tax": 0.0,
    "spiceLevel": "",
    "aiselNo": "8",
    "store": "Market Basket",
    "weightType": "7 oz",
    "imageName": "3397.jpg",
    "defaultImage": "3397.jpg",
    "updatedTimestamp": "Jan 23, 2021 8:02:30 PM",
    "createdTimestamp": "Jan 23, 2021 8:02:30 PM",
    "isNewlyAdded": false,
    "isActive": true,
    "isDealsEnabled": false,
    "quantity": 0
  },
  {
    "id": 14983,
    "code": "Advil Medicinal Sleep Aid",
    "desc": "Advil Medicinal Sleep Aid",
    "shortDesc": "Advil Medicinal Sleep Aid",
    "tags": [
      "Muscles, Joints & Pain Relief"
    ],
    "categories": [
      {
        "code": "Personal Care",
        "desc": "Personal Care"
      }
    ],
    "subCategories": [
      {
        "code": "First Aid & Healthcare",
        "desc": "First Aid & Healthcare"
      }
    ],
    "brands": [
      {
        "code": "Advil",
        "desc": "Advil"
      }
    ],
    "price": {
      "basePrice": 6.08,
      "discountPrice": 6.08
    },
    "type": {
      "code": "Muscles, Joints & Pain Relief",
      "desc": "Muscles, Joints & Pain Relief"
    },
    "weight": "20 count",
    "UpcCode": "",
    "tax": 1.0,
    "spiceLevel": "",
    "aiselNo": "13",
    "store": "Market Basket",
    "weightType": "20 count",
    "imageName": "6625.jpg",
    "defaultImage": "6625.jpg",
    "updatedTimestamp": "Jan 23, 2021 8:02:30 PM",
    "createdTimestamp": "Jan 23, 2021 8:02:30 PM",
    "isNewlyAdded": false,
    "isActive": true,
    "isDealsEnabled": false,
    "quantity": 0
  },
  {
    "id": 13611,
    "code": "Weight Watchers Reduced Fat Whipped Cream Cheese Spread",
    "desc": "Weight Watchers Reduced Fat Whipped Cream Cheese Spread",
    "shortDesc": "Weight Watchers Reduced Fat Whipped Cream Cheese Spread",
    "tags": [
      "Other Creams & Cheeses"
    ],
    "categories": [
      {
        "code": "Breakfast & Dairy",
        "desc": "Breakfast & Dairy"
      }
    ],
    "subCategories": [
      {
        "code": "Dairy & Eggs",
        "desc": "Dairy & Eggs"
      }
    ],
    "brands": [
      {
        "code": "Weight Watchers",
        "desc": "Weight Watchers"
      }
    ],
    "price": {
      "basePrice": 2.69,
      "discountPrice": 2.69
    },
    "type": {
      "code": "Other Creams & Cheeses",
      "desc": "Other Creams & Cheeses"
    },
    "weight": "8 oz",
    "UpcCode": "",
    "tax": 0.0,
    "spiceLevel": "",
    "aiselNo": "1",
    "store": "Market Basket",
    "weightType": "8 oz",
    "imageName": "14793.jpg",
    "defaultImage": "14793.jpg",
    "updatedTimestamp": "Jan 23, 2021 8:02:30 PM",
    "createdTimestamp": "Jan 23, 2021 8:02:30 PM",
    "isNewlyAdded": false,
    "isActive": true,
    "isDealsEnabled": false,
    "quantity": 0
  },
  {
    "id": 5846,
    "code": "Cake Mate Sugar Red",
    "desc": "Cake Mate Sugar Red",
    "shortDesc": "Cake Mate Sugar Red",
    "tags": [
      "Ice Cream Toppings"
    ],
    "categories": [
      {
        "code": "Richardson's Farm Ice Cream",
        "desc": "Richardson's Farm Ice Cream"
      }
    ],
    "subCategories": [
      {
        "code": "Ice Cream Toppings",
        "desc": "Ice Cream Toppings"
      }
    ],
    "brands": [
      {
        "code": "Cake Mate",
        "desc": "Cake Mate"
      }
    ],
    "price": {
      "basePrice": 1.89,
      "discountPrice": 1.89
    },
    "type": {
      "code": "Ice Cream Toppings",
      "desc": "Ice Cream Toppings"
    },
    "weight": "8 oz",
    "UpcCode": "",
    "tax": 0.0,
    "spiceLevel": "",
    "aiselNo": "20",
    "store": "Market Basket",
    "weightType": "8 oz",
    "imageName": "1347.jpg",
    "defaultImage": "1347.jpg",
    "updatedTimestamp": "Jan 23, 2021 8:02:30 PM",
    "createdTimestamp": "Jan 23, 2021 8:02:30 PM",
    "isNewlyAdded": false,
    "isActive": true,
    "isDealsEnabled": false,
    "quantity": 0
  },
  {
    "id": 10309,
    "code": "Goya Enriched Macaroni Product, Shells",
    "desc": "Goya Enriched Macaroni Product, Shells",
    "shortDesc": "Goya Enriched Macaroni Product, Shells",
    "tags": [
      "Raw Pasta"
    ],
    "categories": [
      {
        "code": "Pasta & Sauces",
        "desc": "Pasta & Sauces"
      }
    ],
    "subCategories": [
      {
        "code": "Raw Pasta",
        "desc": "Raw Pasta"
      }
    ],
    "brands": [
      {
        "code": "Goya",
        "desc": "Goya"
      }
    ],
    "price": {
      "basePrice": 0.69,
      "discountPrice": 0.69
    },
    "type": {
      "code": "Raw Pasta",
      "desc": "Raw Pasta"
    },
    "weight": "7 oz",
    "UpcCode": "",
    "tax": 0.0,
    "spiceLevel": "",
    "aiselNo": "4",
    "store": "Market Basket",
    "weightType": "7 oz",
    "imageName": "5609.jpg",
    "defaultImage": "5609.jpg",
    "updatedTimestamp": "Jan 23, 2021 8:02:30 PM",
    "createdTimestamp": "Jan 23, 2021 8:02:30 PM",
    "isNewlyAdded": false,
    "isActive": true,
    "isDealsEnabled": false,
    "quantity": 0
  },
  {
    "id": 7616,
    "code": "Del Monte Fruit Naturals Red Grapefruit No Sugar Added",
    "desc": "Del Monte Fruit Naturals Red Grapefruit No Sugar Added",
    "shortDesc": "Del Monte Fruit Naturals Red Grapefruit No Sugar Added",
    "tags": [
      "Canned Fruit & Applesauce"
    ],
    "categories": [
      {
        "code": "Cooking Needs",
        "desc": "Cooking Needs"
      }
    ],
    "subCategories": [
      {
        "code": "Canned Food",
        "desc": "Canned Food"
      }
    ],
    "brands": [
      {
        "code": "Del Monte",
        "desc": "Del Monte"
      }
    ],
    "price": {
      "basePrice": 1.59,
      "discountPrice": 1.59
    },
    "type": {
      "code": "Canned Fruit & Applesauce",
      "desc": "Canned Fruit & Applesauce"
    },
    "weight": "6.5 oz",
    "UpcCode": "",
    "tax": 0.0,
    "spiceLevel": "",
    "aiselNo": "3",
    "store": "Market Basket",
    "weightType": "6.5 oz",
    "imageName": "4910.jpg",
    "defaultImage": "4910.jpg",
    "updatedTimestamp": "Jan 23, 2021 8:02:30 PM",
    "createdTimestamp": "Jan 23, 2021 8:02:30 PM",
    "isNewlyAdded": false,
    "isActive": true,
    "isDealsEnabled": false,
    "quantity": 0
  },
  {
    "id": 4296,
    "code": "Market Basket Spanish Mackerel",
    "desc": "Market Basket Spanish Mackerel",
    "shortDesc": "Market Basket Spanish Mackerel",
    "tags": [
      "Mackerel"
    ],
    "categories": [
      {
        "code": "Meat & Seafood",
        "desc": "Meat & Seafood"
      }
    ],
    "subCategories": [
      {
        "code": "Meat & Seafood Counter",
        "desc": "Meat & Seafood Counter"
      }
    ],
    "brands": [
      {
        "code": "Market Basket",
        "desc": "Market Basket"
      }
    ],
    "price": {
      "basePrice": 6.09,
      "discountPrice": 6.09
    },
    "type": {
      "code": "Mackerel",
      "desc": "Mackerel"
    },
    "weight": "Approx: 1.00 lb at $6.09/lb",
    "UpcCode": "",
    "tax": 0.0,
    "spiceLevel": "",
    "aiselNo": "22",
    "store": "Market Basket",
    "weightType": "Approx: 1.00 lb at $6.09/lb",
    "imageName": "Market Basket.jpg",
    "defaultImage": "Market Basket.jpg",
    "updatedTimestamp": "Jan 23, 2021 8:02:30 PM",
    "createdTimestamp": "Jan 23, 2021 8:02:30 PM",
    "isNewlyAdded": false,
    "isActive": true,
    "isDealsEnabled": false,
    "quantity": 0
  },
  {
    "id": 5919,
    "code": "Peet's Iced Espresso Caramel Macchiato",
    "desc": "Peet's Iced Espresso Caramel Macchiato",
    "shortDesc": "Peet's Iced Espresso Caramel Macchiato",
    "tags": [
      "Single To-Go Coffee"
    ],
    "categories": [
      {
        "code": "Beverages & Juices",
        "desc": "Beverages & Juices"
      }
    ],
    "subCategories": [
      {
        "code": "Tea, Coffee, Milk & Coconut Water",
        "desc": "Tea, Coffee, Milk & Coconut Water"
      }
    ],
    "brands": [
      {
        "code": "Peet's",
        "desc": "Peet's"
      }
    ],
    "price": {
      "basePrice": 3.13,
      "discountPrice": 3.13
    },
    "type": {
      "code": "Single To-Go Coffee",
      "desc": "Single To-Go Coffee"
    },
    "weight": "8 fl oz",
    "UpcCode": "",
    "tax": 0.0,
    "spiceLevel": "",
    "aiselNo": "17",
    "store": "Market Basket",
    "weightType": "8 fl oz",
    "imageName": "No Image.jpg",
    "defaultImage": "No Image.jpg",
    "updatedTimestamp": "Jan 23, 2021 8:02:30 PM",
    "createdTimestamp": "Jan 23, 2021 8:02:30 PM",
    "isNewlyAdded": false,
    "isActive": true,
    "isDealsEnabled": false,
    "quantity": 0
  },
  {
    "id": 10134,
    "code": "Lindy's Homemade Italian Ice Orange",
    "desc": "Lindy's Homemade Italian Ice Orange",
    "shortDesc": "Lindy's Homemade Italian Ice Orange",
    "tags": [
      "Ice Cream & Ice"
    ],
    "categories": [
      {
        "code": "Frozen Food",
        "desc": "Frozen Food"
      }
    ],
    "subCategories": [
      {
        "code": "Ice Cream & Ice",
        "desc": "Ice Cream & Ice"
      }
    ],
    "brands": [
      {
        "code": "Lindy's",
        "desc": "Lindy's"
      }
    ],
    "price": {
      "basePrice": 2.49,
      "discountPrice": 2.49
    },
    "type": {
      "code": "Ice Cream & Ice",
      "desc": "Ice Cream & Ice"
    },
    "weight": "6 fl oz",
    "UpcCode": "",
    "tax": 0.0,
    "spiceLevel": "",
    "aiselNo": "21",
    "store": "Market Basket",
    "weightType": "6 fl oz",
    "imageName": "16175.jpg",
    "defaultImage": "16175.jpg",
    "updatedTimestamp": "Jan 23, 2021 8:02:30 PM",
    "createdTimestamp": "Jan 23, 2021 8:02:30 PM",
    "isNewlyAdded": false,
    "isActive": true,
    "isDealsEnabled": false,
    "quantity": 0
  },
  {
    "id": 10175,
    "code": "Market Basket Vanilla Bean Ice Cream",
    "desc": "Market Basket Vanilla Bean Ice Cream",
    "shortDesc": "Market Basket Vanilla Bean Ice Cream",
    "tags": [
      "Ice Cream & Ice"
    ],
    "categories": [
      {
        "code": "Frozen Food",
        "desc": "Frozen Food"
      }
    ],
    "subCategories": [
      {
        "code": "Ice Cream & Ice",
        "desc": "Ice Cream & Ice"
      }
    ],
    "brands": [
      {
        "code": "Market Basket",
        "desc": "Market Basket"
      }
    ],
    "price": {
      "basePrice": 3.49,
      "discountPrice": 3.49
    },
    "type": {
      "code": "Ice Cream & Ice",
      "desc": "Ice Cream & Ice"
    },
    "weight": "1.5 quart",
    "UpcCode": "",
    "tax": 0.0,
    "spiceLevel": "",
    "aiselNo": "21",
    "store": "Market Basket",
    "weightType": "1.5 quart",
    "imageName": "Market Basket.jpg",
    "defaultImage": "Market Basket.jpg",
    "updatedTimestamp": "Jan 23, 2021 8:02:30 PM",
    "createdTimestamp": "Jan 23, 2021 8:02:30 PM",
    "isNewlyAdded": false,
    "isActive": true,
    "isDealsEnabled": false,
    "quantity": 0
  },
  {
    "id": 8760,
    "code": "Mrs. Renfro's Habanero Salsa Hot",
    "desc": "Mrs. Renfro's Habanero Salsa Hot",
    "shortDesc": "Mrs. Renfro's Habanero Salsa Hot",
    "tags": [
      "Preserved Dips & Salsa"
    ],
    "categories": [
      {
        "code": "Condiments & Dressings",
        "desc": "Condiments & Dressings"
      }
    ],
    "subCategories": [
      {
        "code": "Preserved Dips & Spreads",
        "desc": "Preserved Dips & Spreads"
      }
    ],
    "brands": [
      {
        "code": "Mrs. Renfro's",
        "desc": "Mrs. Renfro's"
      }
    ],
    "price": {
      "basePrice": 3.69,
      "discountPrice": 3.69
    },
    "type": {
      "code": "Preserved Dips & Salsa",
      "desc": "Preserved Dips & Salsa"
    },
    "weight": "16 oz",
    "UpcCode": "",
    "tax": 0.0,
    "spiceLevel": "",
    "aiselNo": "1",
    "store": "Market Basket",
    "weightType": "16 oz",
    "imageName": "2003.jpg",
    "defaultImage": "2003.jpg",
    "updatedTimestamp": "Jan 23, 2021 8:02:30 PM",
    "createdTimestamp": "Jan 23, 2021 8:02:30 PM",
    "isNewlyAdded": false,
    "isActive": true,
    "isDealsEnabled": false,
    "quantity": 0
  },
  {
    "id": 7341,
    "code": "McCormick Pure Almond Extract",
    "desc": "McCormick Pure Almond Extract",
    "shortDesc": "McCormick Pure Almond Extract",
    "tags": [
      "Spices & Seasonings"
    ],
    "categories": [
      {
        "code": "Cooking Needs",
        "desc": "Cooking Needs"
      }
    ],
    "subCategories": [
      {
        "code": "Spices & Seasonings",
        "desc": "Spices & Seasonings"
      }
    ],
    "brands": [
      {
        "code": "McCormick",
        "desc": "McCormick"
      }
    ],
    "price": {
      "basePrice": 3.69,
      "discountPrice": 3.69
    },
    "type": {
      "code": "Spices & Seasonings",
      "desc": "Spices & Seasonings"
    },
    "weight": "1 fl oz",
    "UpcCode": "",
    "tax": 0.0,
    "spiceLevel": "",
    "aiselNo": "9",
    "store": "Market Basket",
    "weightType": "1 fl oz",
    "imageName": "2290.jpg",
    "defaultImage": "2290.jpg",
    "updatedTimestamp": "Jan 23, 2021 8:02:30 PM",
    "createdTimestamp": "Jan 23, 2021 8:02:30 PM",
    "isNewlyAdded": false,
    "isActive": true,
    "isDealsEnabled": false,
    "quantity": 0
  },
  {
    "id": 9039,
    "code": "Smart Balance Creamy Natural Rich Roast Peanut Butter",
    "desc": "Smart Balance Creamy Natural Rich Roast Peanut Butter",
    "shortDesc": "Smart Balance Creamy Natural Rich Roast Peanut Butter",
    "tags": [
      "Spreads"
    ],
    "categories": [
      {
        "code": "Condiments & Dressings",
        "desc": "Condiments & Dressings"
      }
    ],
    "subCategories": [
      {
        "code": "Preserved Dips & Spreads",
        "desc": "Preserved Dips & Spreads"
      }
    ],
    "brands": [
      {
        "code": "Smart Balance",
        "desc": "Smart Balance"
      }
    ],
    "price": {
      "basePrice": 3.89,
      "discountPrice": 3.89
    },
    "type": {
      "code": "Spreads",
      "desc": "Spreads"
    },
    "weight": "16 oz",
    "UpcCode": "",
    "tax": 0.0,
    "spiceLevel": "",
    "aiselNo": "3",
    "store": "Market Basket",
    "weightType": "16 oz",
    "imageName": "15406.jpg",
    "defaultImage": "15406.jpg",
    "updatedTimestamp": "Jan 23, 2021 8:02:30 PM",
    "createdTimestamp": "Jan 23, 2021 8:02:30 PM",
    "isNewlyAdded": false,
    "isActive": true,
    "isDealsEnabled": false,
    "quantity": 0
  },
  {
    "id": 3508,
    "code": "Organic Whole White mushrooms",
    "desc": "Organic Whole White mushrooms",
    "shortDesc": "Organic Whole White mushrooms",
    "tags": [
      "Mushroom"
    ],
    "categories": [
      {
        "code": "Fresh Produce",
        "desc": "Fresh Produce"
      }
    ],
    "subCategories": [
      {
        "code": "Fresh Organic Vegetables",
        "desc": "Fresh Organic Vegetables"
      }
    ],
    "brands": [
      {
        "code": "Market Basket",
        "desc": "Market Basket"
      }
    ],
    "price": {
      "basePrice": 4.39,
      "discountPrice": 4.39
    },
    "type": {
      "code": "Mushroom",
      "desc": "Mushroom"
    },
    "weight": "8 oz",
    "UpcCode": "",
    "tax": 0.0,
    "spiceLevel": "",
    "aiselNo": "20",
    "store": "Market Basket",
    "weightType": "8 oz",
    "imageName": "No Image.jpg",
    "defaultImage": "No Image.jpg",
    "updatedTimestamp": "Jan 23, 2021 8:02:30 PM",
    "createdTimestamp": "Jan 23, 2021 8:02:30 PM",
    "isNewlyAdded": false,
    "isActive": true,
    "isDealsEnabled": false,
    "quantity": 0
  },
  {
    "id": 15010,
    "code": "Arrid Antiperspirant Deodorant Extra Extra Dry Regular Solid",
    "desc": "Arrid Antiperspirant Deodorant Extra Extra Dry Regular Solid",
    "shortDesc": "Arrid Antiperspirant Deodorant Extra Extra Dry Regular Solid",
    "tags": [
      "Deodorants"
    ],
    "categories": [
      {
        "code": "Personal Care",
        "desc": "Personal Care"
      }
    ],
    "subCategories": [
      {
        "code": "Personal Needs",
        "desc": "Personal Needs"
      }
    ],
    "brands": [
      {
        "code": "Arrid",
        "desc": "Arrid"
      }
    ],
    "price": {
      "basePrice": 4.82,
      "discountPrice": 4.82
    },
    "type": {
      "code": "Deodorants",
      "desc": "Deodorants"
    },
    "weight": "2.6 fl oz",
    "UpcCode": "",
    "tax": 1.0,
    "spiceLevel": "",
    "aiselNo": "13",
    "store": "Market Basket",
    "weightType": "2.6 fl oz",
    "imageName": "17704.jpg",
    "defaultImage": "17704.jpg",
    "updatedTimestamp": "Jan 23, 2021 8:02:30 PM",
    "createdTimestamp": "Jan 23, 2021 8:02:30 PM",
    "isNewlyAdded": false,
    "isActive": true,
    "isDealsEnabled": false,
    "quantity": 0
  },
  {
    "id": 10412,
    "code": "Goya Large Fava Beans",
    "desc": "Goya Large Fava Beans",
    "shortDesc": "Goya Large Fava Beans",
    "tags": [
      "Canned Food"
    ],
    "categories": [
      {
        "code": "Cooking Needs",
        "desc": "Cooking Needs"
      }
    ],
    "subCategories": [
      {
        "code": "Canned Food",
        "desc": "Canned Food"
      }
    ],
    "brands": [
      {
        "code": "Goya",
        "desc": "Goya"
      }
    ],
    "price": {
      "basePrice": 2.19,
      "discountPrice": 2.19
    },
    "type": {
      "code": "Canned Food",
      "desc": "Canned Food"
    },
    "weight": "16 oz",
    "UpcCode": "",
    "tax": 0.0,
    "spiceLevel": "",
    "aiselNo": "7",
    "store": "Market Basket",
    "weightType": "16 oz",
    "imageName": "5825.jpg",
    "defaultImage": "5825.jpg",
    "updatedTimestamp": "Jan 23, 2021 8:02:30 PM",
    "createdTimestamp": "Jan 23, 2021 8:02:30 PM",
    "isNewlyAdded": false,
    "isActive": true,
    "isDealsEnabled": false,
    "quantity": 0
  },
  {
    "id": 15193,
    "code": "Crest Pro-Health Mouthwash Clean Mint",
    "desc": "Crest Pro-Health Mouthwash Clean Mint",
    "shortDesc": "Crest Pro-Health Mouthwash Clean Mint",
    "tags": [
      "Oral Hygiene"
    ],
    "categories": [
      {
        "code": "Personal Care",
        "desc": "Personal Care"
      }
    ],
    "subCategories": [
      {
        "code": "Personal Needs",
        "desc": "Personal Needs"
      }
    ],
    "brands": [
      {
        "code": "Crest",
        "desc": "Crest"
      }
    ],
    "price": {
      "basePrice": 5.39,
      "discountPrice": 5.39
    },
    "type": {
      "code": "Oral Hygiene",
      "desc": "Oral Hygiene"
    },
    "weight": "250 ml",
    "UpcCode": "",
    "tax": 1.0,
    "spiceLevel": "",
    "aiselNo": "13",
    "store": "Market Basket",
    "weightType": "250 ml",
    "imageName": "6409.jpg",
    "defaultImage": "6409.jpg",
    "updatedTimestamp": "Jan 23, 2021 8:02:30 PM",
    "createdTimestamp": "Jan 23, 2021 8:02:30 PM",
    "isNewlyAdded": false,
    "isActive": true,
    "isDealsEnabled": false,
    "quantity": 0
  },
  {
    "id": 616,
    "code": "Puffs Softly Eases Sneezes",
    "desc": "Puffs Softly Eases Sneezes",
    "shortDesc": "Puffs Softly Eases Sneezes",
    "tags": [
      "Wipes"
    ],
    "categories": [
      {
        "code": "Laundry & Paper Goods",
        "desc": "Laundry & Paper Goods"
      }
    ],
    "subCategories": [
      {
        "code": "Paper Goods",
        "desc": "Paper Goods"
      }
    ],
    "brands": [
      {
        "code": "Puffs",
        "desc": "Puffs"
      }
    ],
    "price": {
      "basePrice": 2.74,
      "discountPrice": 2.74
    },
    "type": {
      "code": "Wipes",
      "desc": "Wipes"
    },
    "weight": "80 count",
    "UpcCode": "",
    "tax": 1.0,
    "spiceLevel": "",
    "aiselNo": "14",
    "store": "Market Basket",
    "weightType": "80 count",
    "imageName": "No Image.jpg",
    "defaultImage": "No Image.jpg",
    "updatedTimestamp": "Jan 23, 2021 8:02:30 PM",
    "createdTimestamp": "Jan 23, 2021 8:02:30 PM",
    "isNewlyAdded": false,
    "isActive": true,
    "isDealsEnabled": false,
    "quantity": 0
  },
  {
    "id": 10397,
    "code": "Cedar Lane Red Lentil",
    "desc": "Cedar Lane Red Lentil",
    "shortDesc": "Cedar Lane Red Lentil",
    "tags": [
      "Canned Food"
    ],
    "categories": [
      {
        "code": "Cooking Needs",
        "desc": "Cooking Needs"
      }
    ],
    "subCategories": [
      {
        "code": "Canned Food",
        "desc": "Canned Food"
      }
    ],
    "brands": [
      {
        "code": "Cedar",
        "desc": "Cedar"
      }
    ],
    "price": {
      "basePrice": 3.69,
      "discountPrice": 3.69
    },
    "type": {
      "code": "Canned Food",
      "desc": "Canned Food"
    },
    "weight": "32 oz",
    "UpcCode": "",
    "tax": 0.0,
    "spiceLevel": "",
    "aiselNo": "1",
    "store": "Market Basket",
    "weightType": "32 oz",
    "imageName": "No Image.jpg",
    "defaultImage": "No Image.jpg",
    "updatedTimestamp": "Jan 23, 2021 8:02:30 PM",
    "createdTimestamp": "Jan 23, 2021 8:02:30 PM",
    "isNewlyAdded": false,
    "isActive": true,
    "isDealsEnabled": false,
    "quantity": 0
  },
  {
    "id": 14758,
    "code": "L'Oreal Paris Studio Line Mega Gel Max Hold",
    "desc": "L'Oreal Paris Studio Line Mega Gel Max Hold",
    "shortDesc": "L'Oreal Paris Studio Line Mega Gel Max Hold",
    "tags": [
      "Hair Care"
    ],
    "categories": [
      {
        "code": "Personal Care",
        "desc": "Personal Care"
      }
    ],
    "subCategories": [
      {
        "code": "Body Wash, Soap & Hair Care",
        "desc": "Body Wash, Soap & Hair Care"
      }
    ],
    "brands": [
      {
        "code": "L'Oreal",
        "desc": "L'Oreal"
      }
    ],
    "price": {
      "basePrice": 6.31,
      "discountPrice": 6.31
    },
    "type": {
      "code": "Hair Care",
      "desc": "Hair Care"
    },
    "weight": "6.8 fl oz",
    "UpcCode": "",
    "tax": 1.0,
    "spiceLevel": "",
    "aiselNo": "13",
    "store": "Market Basket",
    "weightType": "6.8 fl oz",
    "imageName": "17840.jpg",
    "defaultImage": "17840.jpg",
    "updatedTimestamp": "Jan 23, 2021 8:02:30 PM",
    "createdTimestamp": "Jan 23, 2021 8:02:30 PM",
    "isNewlyAdded": false,
    "isActive": true,
    "isDealsEnabled": false,
    "quantity": 0
  },
  {
    "id": 13635,
    "code": "Cabot Cheese Swiss Cheese Slices",
    "desc": "Cabot Cheese Swiss Cheese Slices",
    "shortDesc": "Cabot Cheese Swiss Cheese Slices",
    "tags": [
      "Packaged Cheese"
    ],
    "categories": [
      {
        "code": "Breakfast & Dairy",
        "desc": "Breakfast & Dairy"
      }
    ],
    "subCategories": [
      {
        "code": "Dairy & Eggs",
        "desc": "Dairy & Eggs"
      }
    ],
    "brands": [
      {
        "code": "Cabot",
        "desc": "Cabot"
      }
    ],
    "price": {
      "basePrice": 3.59,
      "discountPrice": 3.59
    },
    "type": {
      "code": "Packaged Cheese",
      "desc": "Packaged Cheese"
    },
    "weight": "8 oz",
    "UpcCode": "",
    "tax": 0.0,
    "spiceLevel": "",
    "aiselNo": "1",
    "store": "Market Basket",
    "weightType": "8 oz",
    "imageName": "14583.jpg",
    "defaultImage": "14583.jpg",
    "updatedTimestamp": "Jan 23, 2021 8:02:30 PM",
    "createdTimestamp": "Jan 23, 2021 8:02:30 PM",
    "isNewlyAdded": false,
    "isActive": true,
    "isDealsEnabled": false,
    "quantity": 0
  },
  {
    "id": 6972,
    "code": "Jell o Cook & Serve Fat Free Tapioca Pudding & Pie Filling Mix",
    "desc": "Jell o Cook & Serve Fat Free Tapioca Pudding & Pie Filling Mix",
    "shortDesc": "Jell o Cook & Serve Fat Free Tapioca Pudding & Pie Filling Mix",
    "tags": [
      "Doughs, Gelatins & Bake Mixes"
    ],
    "categories": [
      {
        "code": "Cooking Needs",
        "desc": "Cooking Needs"
      }
    ],
    "subCategories": [
      {
        "code": "Baking & Cooking",
        "desc": "Baking & Cooking"
      }
    ],
    "brands": [
      {
        "code": "Jell-O",
        "desc": "Jell-O"
      }
    ],
    "price": {
      "basePrice": 1.59,
      "discountPrice": 1.59
    },
    "type": {
      "code": "Doughs, Gelatins & Bake Mixes",
      "desc": "Doughs, Gelatins & Bake Mixes"
    },
    "weight": "3 oz",
    "UpcCode": "",
    "tax": 0.0,
    "spiceLevel": "",
    "aiselNo": "8",
    "store": "Market Basket",
    "weightType": "3 oz",
    "imageName": "2053.jpg",
    "defaultImage": "2053.jpg",
    "updatedTimestamp": "Jan 23, 2021 8:02:30 PM",
    "createdTimestamp": "Jan 23, 2021 8:02:30 PM",
    "isNewlyAdded": false,
    "isActive": true,
    "isDealsEnabled": false,
    "quantity": 0
  },
  {
    "id": 13234,
    "code": "Old Wessex Ltd. All Natural Irish Style Oatmeal",
    "desc": "Old Wessex Ltd. All Natural Irish Style Oatmeal",
    "shortDesc": "Old Wessex Ltd. All Natural Irish Style Oatmeal",
    "tags": [
      "Oats"
    ],
    "categories": [
      {
        "code": "Breakfast & Dairy",
        "desc": "Breakfast & Dairy"
      }
    ],
    "subCategories": [
      {
        "code": "Granola & Oats",
        "desc": "Granola & Oats"
      }
    ],
    "brands": [
      {
        "code": "Old Wessex Ltd",
        "desc": "Old Wessex Ltd"
      }
    ],
    "price": {
      "basePrice": 3.69,
      "discountPrice": 3.69
    },
    "type": {
      "code": "Oats",
      "desc": "Oats"
    },
    "weight": "18.5 oz",
    "UpcCode": "",
    "tax": 0.0,
    "spiceLevel": "",
    "aiselNo": "5",
    "store": "Market Basket",
    "weightType": "18.5 oz",
    "imageName": "17648.jpg",
    "defaultImage": "17648.jpg",
    "updatedTimestamp": "Jan 23, 2021 8:02:30 PM",
    "createdTimestamp": "Jan 23, 2021 8:02:30 PM",
    "isNewlyAdded": false,
    "isActive": true,
    "isDealsEnabled": false,
    "quantity": 0
  },
  {
    "id": 233,
    "code": "Ajax Super Degreaser Lemon Dish Liquid",
    "desc": "Ajax Super Degreaser Lemon Dish Liquid",
    "shortDesc": "Ajax Super Degreaser Lemon Dish Liquid",
    "tags": [
      "Dish Liquid"
    ],
    "categories": [
      {
        "code": "Kitchen & Cleaning",
        "desc": "Kitchen & Cleaning"
      }
    ],
    "subCategories": [
      {
        "code": "Dish Detergents",
        "desc": "Dish Detergents"
      }
    ],
    "brands": [
      {
        "code": "Ajax",
        "desc": "Ajax"
      }
    ],
    "price": {
      "basePrice": 2.49,
      "discountPrice": 2.49
    },
    "type": {
      "code": "Dish Liquid",
      "desc": "Dish Liquid"
    },
    "weight": "30 fl oz",
    "UpcCode": "",
    "tax": 1.0,
    "spiceLevel": "",
    "aiselNo": "15",
    "store": "Market Basket",
    "weightType": "30 fl oz",
    "imageName": "4371.jpg",
    "defaultImage": "4371.jpg",
    "updatedTimestamp": "Jan 23, 2021 8:02:30 PM",
    "createdTimestamp": "Jan 23, 2021 8:02:30 PM",
    "isNewlyAdded": false,
    "isActive": true,
    "isDealsEnabled": false,
    "quantity": 0
  },
  {
    "id": 7022,
    "code": "Pillsbury Premium Cake Mix Strawberry",
    "desc": "Pillsbury Premium Cake Mix Strawberry",
    "shortDesc": "Pillsbury Premium Cake Mix Strawberry",
    "tags": [
      "Doughs, Gelatins & Bake Mixes"
    ],
    "categories": [
      {
        "code": "Cooking Needs",
        "desc": "Cooking Needs"
      }
    ],
    "subCategories": [
      {
        "code": "Baking & Cooking",
        "desc": "Baking & Cooking"
      }
    ],
    "brands": [
      {
        "code": "Pillsbury",
        "desc": "Pillsbury"
      }
    ],
    "price": {
      "basePrice": 1.49,
      "discountPrice": 1.49
    },
    "type": {
      "code": "Doughs, Gelatins & Bake Mixes",
      "desc": "Doughs, Gelatins & Bake Mixes"
    },
    "weight": "15.25 oz",
    "UpcCode": "",
    "tax": 0.0,
    "spiceLevel": "",
    "aiselNo": "8",
    "store": "Market Basket",
    "weightType": "15.25 oz",
    "imageName": "2035.jpg",
    "defaultImage": "2035.jpg",
    "updatedTimestamp": "Jan 23, 2021 8:02:30 PM",
    "createdTimestamp": "Jan 23, 2021 8:02:30 PM",
    "isNewlyAdded": false,
    "isActive": true,
    "isDealsEnabled": false,
    "quantity": 0
  },
  {
    "id": 10568,
    "code": "Wick Fowler's Texas Style 2 Alarm Chili Kit",
    "desc": "Wick Fowler's Texas Style 2 Alarm Chili Kit",
    "shortDesc": "Wick Fowler's Texas Style 2 Alarm Chili Kit",
    "tags": [
      "Instant Food"
    ],
    "categories": [
      {
        "code": "Cooking Needs",
        "desc": "Cooking Needs"
      }
    ],
    "subCategories": [
      {
        "code": "Rice & Grains",
        "desc": "Rice & Grains"
      }
    ],
    "brands": [
      {
        "code": "Wick Fowler's",
        "desc": "Wick Fowler's"
      }
    ],
    "price": {
      "basePrice": 3.09,
      "discountPrice": 3.09
    },
    "type": {
      "code": "Instant Food",
      "desc": "Instant Food"
    },
    "weight": "3.63 oz",
    "UpcCode": "",
    "tax": 0.0,
    "spiceLevel": "",
    "aiselNo": "4",
    "store": "Market Basket",
    "weightType": "3.63 oz",
    "imageName": "17425.jpg",
    "defaultImage": "17425.jpg",
    "updatedTimestamp": "Jan 23, 2021 8:02:30 PM",
    "createdTimestamp": "Jan 23, 2021 8:02:30 PM",
    "isNewlyAdded": false,
    "isActive": true,
    "isDealsEnabled": false,
    "quantity": 0
  },
  {
    "id": 477,
    "code": "Purex Concentrated Detergent Mountain Breeze 38 loads",
    "desc": "Purex Concentrated Detergent Mountain Breeze 38 loads",
    "shortDesc": "Purex Concentrated Detergent Mountain Breeze 38 loads",
    "tags": [
      "Laundry Detergent"
    ],
    "categories": [
      {
        "code": "Laundry & Paper Goods",
        "desc": "Laundry & Paper Goods"
      }
    ],
    "subCategories": [
      {
        "code": "Laundry",
        "desc": "Laundry"
      }
    ],
    "brands": [
      {
        "code": "Purex Liquid Detergents",
        "desc": "Purex Liquid Detergents"
      }
    ],
    "price": {
      "basePrice": 4.99,
      "discountPrice": 4.99
    },
    "type": {
      "code": "Laundry Detergent",
      "desc": "Laundry Detergent"
    },
    "weight": "50 fl oz",
    "UpcCode": "",
    "tax": 1.0,
    "spiceLevel": "",
    "aiselNo": "15",
    "store": "Market Basket",
    "weightType": "50 fl oz",
    "imageName": "No Image.jpg",
    "defaultImage": "No Image.jpg",
    "updatedTimestamp": "Jan 23, 2021 8:02:30 PM",
    "createdTimestamp": "Jan 23, 2021 8:02:30 PM",
    "isNewlyAdded": false,
    "isActive": true,
    "isDealsEnabled": false,
    "quantity": 0
  },
  {
    "id": 4696,
    "code": "StarKistÃÂ® StarKist Solid White Albacore Tuna In Water",
    "desc": "StarKistÃÂ® StarKist Solid White Albacore Tuna In Water",
    "shortDesc": "StarKistÃÂ® StarKist Solid White Albacore Tuna In Water",
    "tags": [
      "Canned Tuna"
    ],
    "categories": [
      {
        "code": "Meat & Seafood",
        "desc": "Meat & Seafood"
      }
    ],
    "subCategories": [
      {
        "code": "Canned Meat & Seafood",
        "desc": "Canned Meat & Seafood"
      }
    ],
    "brands": [
      {
        "code": "StarKistÃÂ®",
        "desc": "StarKistÃÂ®"
      }
    ],
    "price": {
      "basePrice": 4.89,
      "discountPrice": 4.89
    },
    "type": {
      "code": "Canned Tuna",
      "desc": "Canned Tuna"
    },
    "weight": "12 oz",
    "UpcCode": "",
    "tax": 0.0,
    "spiceLevel": "",
    "aiselNo": "2",
    "store": "Market Basket",
    "weightType": "12 oz",
    "imageName": "5202.jpg",
    "defaultImage": "5202.jpg",
    "updatedTimestamp": "Jan 23, 2021 8:02:30 PM",
    "createdTimestamp": "Jan 23, 2021 8:02:30 PM",
    "isNewlyAdded": false,
    "isActive": true,
    "isDealsEnabled": false,
    "quantity": 0
  },
  {
    "id": 7227,
    "code": "Goya Sazon Con Azafran Seasoning",
    "desc": "Goya Sazon Con Azafran Seasoning",
    "shortDesc": "Goya Sazon Con Azafran Seasoning",
    "tags": [
      "Spices & Seasonings"
    ],
    "categories": [
      {
        "code": "Cooking Needs",
        "desc": "Cooking Needs"
      }
    ],
    "subCategories": [
      {
        "code": "Spices & Seasonings",
        "desc": "Spices & Seasonings"
      }
    ],
    "brands": [
      {
        "code": "Goya",
        "desc": "Goya"
      }
    ],
    "price": {
      "basePrice": 3.09,
      "discountPrice": 3.09
    },
    "type": {
      "code": "Spices & Seasonings",
      "desc": "Spices & Seasonings"
    },
    "weight": "3.52 oz",
    "UpcCode": "",
    "tax": 0.0,
    "spiceLevel": "",
    "aiselNo": "9",
    "store": "Market Basket",
    "weightType": "3.52 oz",
    "imageName": "2244.jpg",
    "defaultImage": "2244.jpg",
    "updatedTimestamp": "Jan 23, 2021 8:02:30 PM",
    "createdTimestamp": "Jan 23, 2021 8:02:30 PM",
    "isNewlyAdded": false,
    "isActive": true,
    "isDealsEnabled": false,
    "quantity": 0
  },
  {
    "id": 6979,
    "code": "Jell O Pistachio Instant Reduced Calorie Pudding & Pie Filling Mix",
    "desc": "Jell O Pistachio Instant Reduced Calorie Pudding & Pie Filling Mix",
    "shortDesc": "Jell O Pistachio Instant Reduced Calorie Pudding & Pie Filling Mix",
    "tags": [
      "Doughs, Gelatins & Bake Mixes"
    ],
    "categories": [
      {
        "code": "Cooking Needs",
        "desc": "Cooking Needs"
      }
    ],
    "subCategories": [
      {
        "code": "Baking & Cooking",
        "desc": "Baking & Cooking"
      }
    ],
    "brands": [
      {
        "code": "Jell-O",
        "desc": "Jell-O"
      }
    ],
    "price": {
      "basePrice": 1.09,
      "discountPrice": 1.09
    },
    "type": {
      "code": "Doughs, Gelatins & Bake Mixes",
      "desc": "Doughs, Gelatins & Bake Mixes"
    },
    "weight": "1 oz",
    "UpcCode": "",
    "tax": 0.0,
    "spiceLevel": "",
    "aiselNo": "8",
    "store": "Market Basket",
    "weightType": "1 oz",
    "imageName": "2058.jpg",
    "defaultImage": "2058.jpg",
    "updatedTimestamp": "Jan 23, 2021 8:02:30 PM",
    "createdTimestamp": "Jan 23, 2021 8:02:30 PM",
    "isNewlyAdded": false,
    "isActive": true,
    "isDealsEnabled": false,
    "quantity": 0
  },
  {
    "id": 6436,
    "code": "Market Basket Cola",
    "desc": "Market Basket Cola",
    "shortDesc": "Market Basket Cola",
    "tags": [
      "Soft Drinks"
    ],
    "categories": [
      {
        "code": "Beverages & Juices",
        "desc": "Beverages & Juices"
      }
    ],
    "subCategories": [
      {
        "code": "Soft Drinks & Seltzers",
        "desc": "Soft Drinks & Seltzers"
      }
    ],
    "brands": [
      {
        "code": "Market Basket",
        "desc": "Market Basket"
      }
    ],
    "price": {
      "basePrice": 2.24,
      "discountPrice": 2.24
    },
    "type": {
      "code": "Soft Drinks",
      "desc": "Soft Drinks"
    },
    "weight": "6 x 8 fl oz",
    "UpcCode": "",
    "tax": 0.0,
    "spiceLevel": "",
    "aiselNo": "17",
    "store": "Market Basket",
    "weightType": "6 x 8 fl oz",
    "imageName": "Market Basket.jpg",
    "defaultImage": "Market Basket.jpg",
    "updatedTimestamp": "Jan 23, 2021 8:02:30 PM",
    "createdTimestamp": "Jan 23, 2021 8:02:30 PM",
    "isNewlyAdded": false,
    "isActive": true,
    "isDealsEnabled": false,
    "quantity": 0
  },
  {
    "id": 10005,
    "code": "Edy's/Dreyer's Chocolate Peanut Butter Cup Ice Cream",
    "desc": "Edy's/Dreyer's Chocolate Peanut Butter Cup Ice Cream",
    "shortDesc": "Edy's/Dreyer's Chocolate Peanut Butter Cup Ice Cream",
    "tags": [
      "Ice Cream & Ice"
    ],
    "categories": [
      {
        "code": "Frozen Food",
        "desc": "Frozen Food"
      }
    ],
    "subCategories": [
      {
        "code": "Ice Cream & Ice",
        "desc": "Ice Cream & Ice"
      }
    ],
    "brands": [
      {
        "code": "Edy's/dreyer's",
        "desc": "Edy's/dreyer's"
      }
    ],
    "price": {
      "basePrice": 3.69,
      "discountPrice": 3.69
    },
    "type": {
      "code": "Ice Cream & Ice",
      "desc": "Ice Cream & Ice"
    },
    "weight": "1.5 quart",
    "UpcCode": "",
    "tax": 0.0,
    "spiceLevel": "",
    "aiselNo": "21",
    "store": "Market Basket",
    "weightType": "1.5 quart",
    "imageName": "3029.jpg",
    "defaultImage": "3029.jpg",
    "updatedTimestamp": "Jan 23, 2021 8:02:30 PM",
    "createdTimestamp": "Jan 23, 2021 8:02:30 PM",
    "isNewlyAdded": false,
    "isActive": true,
    "isDealsEnabled": false,
    "quantity": 0
  },
  {
    "id": 6535,
    "code": "Sunmaid California Sun-dried Raisins",
    "desc": "Sunmaid California Sun-dried Raisins",
    "shortDesc": "Sunmaid California Sun-dried Raisins",
    "tags": [
      "Nuts, Seeds & Dried Fruit"
    ],
    "categories": [
      {
        "code": "Chips, Cookies & Snacks",
        "desc": "Chips, Cookies & Snacks"
      }
    ],
    "subCategories": [
      {
        "code": "Nuts, Seeds & Dried Fruit",
        "desc": "Nuts, Seeds & Dried Fruit"
      }
    ],
    "brands": [
      {
        "code": "Sunmaid",
        "desc": "Sunmaid"
      }
    ],
    "price": {
      "basePrice": 3.74,
      "discountPrice": 3.74
    },
    "type": {
      "code": "Nuts, Seeds & Dried Fruit",
      "desc": "Nuts, Seeds & Dried Fruit"
    },
    "weight": "13 oz",
    "UpcCode": "",
    "tax": 0.0,
    "spiceLevel": "",
    "aiselNo": "6",
    "store": "Market Basket",
    "weightType": "13 oz",
    "imageName": "No Image.jpg",
    "defaultImage": "No Image.jpg",
    "updatedTimestamp": "Jan 23, 2021 8:02:30 PM",
    "createdTimestamp": "Jan 23, 2021 8:02:30 PM",
    "isNewlyAdded": false,
    "isActive": true,
    "isDealsEnabled": false,
    "quantity": 0
  },
  {
    "id": 14626,
    "code": "Traditional Medicinals Organic Green Tea Bags Peppermint",
    "desc": "Traditional Medicinals Organic Green Tea Bags Peppermint",
    "shortDesc": "Traditional Medicinals Organic Green Tea Bags Peppermint",
    "tags": [
      "Tea"
    ],
    "categories": [
      {
        "code": "Breakfast & Dairy",
        "desc": "Breakfast & Dairy"
      }
    ],
    "subCategories": [
      {
        "code": "Tea & Coffee",
        "desc": "Tea & Coffee"
      }
    ],
    "brands": [
      {
        "code": "Traditional Medicinals",
        "desc": "Traditional Medicinals"
      }
    ],
    "price": {
      "basePrice": 4.89,
      "discountPrice": 4.89
    },
    "type": {
      "code": "Tea",
      "desc": "Tea"
    },
    "weight": "16 x 0.85 oz",
    "UpcCode": "",
    "tax": 0.0,
    "spiceLevel": "",
    "aiselNo": "8",
    "store": "Market Basket",
    "weightType": "16 x 0.85 oz",
    "imageName": "3499.jpg",
    "defaultImage": "3499.jpg",
    "updatedTimestamp": "Jan 23, 2021 8:02:30 PM",
    "createdTimestamp": "Jan 23, 2021 8:02:30 PM",
    "isNewlyAdded": false,
    "isActive": true,
    "isDealsEnabled": false,
    "quantity": 0
  },
  {
    "id": 14851,
    "code": "Ivory Clean Original Bath Bar 4.0oz, 10 count",
    "desc": "Ivory Clean Original Bath Bar 4.0oz, 10 count",
    "shortDesc": "Ivory Clean Original Bath Bar 4.0oz, 10 count",
    "tags": [
      "Soap"
    ],
    "categories": [
      {
        "code": "Personal Care",
        "desc": "Personal Care"
      }
    ],
    "subCategories": [
      {
        "code": "Body Wash, Soap & Hair Care",
        "desc": "Body Wash, Soap & Hair Care"
      }
    ],
    "brands": [
      {
        "code": "Ivory",
        "desc": "Ivory"
      }
    ],
    "price": {
      "basePrice": 7.0,
      "discountPrice": 7.0
    },
    "type": {
      "code": "Soap",
      "desc": "Soap"
    },
    "weight": "38.8 oz",
    "UpcCode": "",
    "tax": 1.0,
    "spiceLevel": "",
    "aiselNo": "13",
    "store": "Market Basket",
    "weightType": "38.8 oz",
    "imageName": "6363.jpg",
    "defaultImage": "6363.jpg",
    "updatedTimestamp": "Jan 23, 2021 8:02:30 PM",
    "createdTimestamp": "Jan 23, 2021 8:02:30 PM",
    "isNewlyAdded": false,
    "isActive": true,
    "isDealsEnabled": false,
    "quantity": 0
  },
  {
    "id": 7979,
    "code": "Campbell's Ready to Serve Low Sodium Chicken with Noodles Soup",
    "desc": "Campbell's Ready to Serve Low Sodium Chicken with Noodles Soup",
    "shortDesc": "Campbell's Ready to Serve Low Sodium Chicken with Noodles Soup",
    "tags": [
      "Soup, Broth & Bouillon"
    ],
    "categories": [
      {
        "code": "Cooking Needs",
        "desc": "Cooking Needs"
      }
    ],
    "subCategories": [
      {
        "code": "Canned Food",
        "desc": "Canned Food"
      }
    ],
    "brands": [
      {
        "code": "Campbell's",
        "desc": "Campbell's"
      }
    ],
    "price": {
      "basePrice": 2.09,
      "discountPrice": 2.09
    },
    "type": {
      "code": "Soup, Broth & Bouillon",
      "desc": "Soup, Broth & Bouillon"
    },
    "weight": "10.75 oz",
    "UpcCode": "",
    "tax": 0.0,
    "spiceLevel": "",
    "aiselNo": "2",
    "store": "Market Basket",
    "weightType": "10.75 oz",
    "imageName": "17207.jpg",
    "defaultImage": "17207.jpg",
    "updatedTimestamp": "Jan 23, 2021 8:02:30 PM",
    "createdTimestamp": "Jan 23, 2021 8:02:30 PM",
    "isNewlyAdded": false,
    "isActive": true,
    "isDealsEnabled": false,
    "quantity": 0
  },
  {
    "id": 6917,
    "code": "Sugar In The Raw Turbinado Cane Sugar",
    "desc": "Sugar In The Raw Turbinado Cane Sugar",
    "shortDesc": "Sugar In The Raw Turbinado Cane Sugar",
    "tags": [
      "Baking Ingredients"
    ],
    "categories": [
      {
        "code": "Cooking Needs",
        "desc": "Cooking Needs"
      }
    ],
    "subCategories": [
      {
        "code": "Baking & Cooking",
        "desc": "Baking & Cooking"
      }
    ],
    "brands": [
      {
        "code": "Sugar In The Raw",
        "desc": "Sugar In The Raw"
      }
    ],
    "price": {
      "basePrice": 4.29,
      "discountPrice": 4.29
    },
    "type": {
      "code": "Baking Ingredients",
      "desc": "Baking Ingredients"
    },
    "weight": "32 oz",
    "UpcCode": "",
    "tax": 0.0,
    "spiceLevel": "",
    "aiselNo": "8",
    "store": "Market Basket",
    "weightType": "32 oz",
    "imageName": "15693.jpg",
    "defaultImage": "15693.jpg",
    "updatedTimestamp": "Jan 23, 2021 8:02:30 PM",
    "createdTimestamp": "Jan 23, 2021 8:02:30 PM",
    "isNewlyAdded": false,
    "isActive": true,
    "isDealsEnabled": false,
    "quantity": 0
  },
  {
    "id": 4219,
    "code": "Boneless Thighs",
    "desc": "Boneless Thighs",
    "shortDesc": "Boneless Thighs",
    "tags": [
      "Chicken Thighs"
    ],
    "categories": [
      {
        "code": "Meat & Seafood",
        "desc": "Meat & Seafood"
      }
    ],
    "subCategories": [
      {
        "code": "Packaged Meat & Seafood",
        "desc": "Packaged Meat & Seafood"
      }
    ],
    "brands": [
      {
        "code": "Market Basket",
        "desc": "Market Basket"
      }
    ],
    "price": {
      "basePrice": 2.09,
      "discountPrice": 2.09
    },
    "type": {
      "code": "Chicken Thighs",
      "desc": "Chicken Thighs"
    },
    "weight": "1 lb",
    "UpcCode": "",
    "tax": 0.0,
    "spiceLevel": "",
    "aiselNo": "22",
    "store": "Market Basket",
    "weightType": "1 lb",
    "imageName": "Market Basket.jpg",
    "defaultImage": "Market Basket.jpg",
    "updatedTimestamp": "Jan 23, 2021 8:02:30 PM",
    "createdTimestamp": "Jan 23, 2021 8:02:30 PM",
    "isNewlyAdded": false,
    "isActive": true,
    "isDealsEnabled": false,
    "quantity": 0
  },
  {
    "id": 8550,
    "code": "Mazola Vegetable Plus! Oil",
    "desc": "Mazola Vegetable Plus! Oil",
    "shortDesc": "Mazola Vegetable Plus! Oil",
    "tags": [
      "Oils & Vinegars"
    ],
    "categories": [
      {
        "code": "Cooking Needs",
        "desc": "Cooking Needs"
      }
    ],
    "subCategories": [
      {
        "code": "Oils & Vinegars",
        "desc": "Oils & Vinegars"
      }
    ],
    "brands": [
      {
        "code": "Mazola",
        "desc": "Mazola"
      }
    ],
    "price": {
      "basePrice": 4.69,
      "discountPrice": 4.69
    },
    "type": {
      "code": "Oils & Vinegars",
      "desc": "Oils & Vinegars"
    },
    "weight": "40 fl oz",
    "UpcCode": "",
    "tax": 0.0,
    "spiceLevel": "",
    "aiselNo": "2",
    "store": "Market Basket",
    "weightType": "40 fl oz",
    "imageName": "15524.jpg",
    "defaultImage": "15524.jpg",
    "updatedTimestamp": "Jan 23, 2021 8:02:30 PM",
    "createdTimestamp": "Jan 23, 2021 8:02:30 PM",
    "isNewlyAdded": false,
    "isActive": true,
    "isDealsEnabled": false,
    "quantity": 0
  },
  {
    "id": 4147,
    "code": "Yankee Trader Seafood Crab Cakes - 2 CT",
    "desc": "Yankee Trader Seafood Crab Cakes - 2 CT",
    "shortDesc": "Yankee Trader Seafood Crab Cakes - 2 CT",
    "tags": [
      "Crab Meat"
    ],
    "categories": [
      {
        "code": "Meat & Seafood",
        "desc": "Meat & Seafood"
      }
    ],
    "subCategories": [
      {
        "code": "Meat & Seafood Counter",
        "desc": "Meat & Seafood Counter"
      }
    ],
    "brands": [
      {
        "code": "Yankee Trader Seafood",
        "desc": "Yankee Trader Seafood"
      }
    ],
    "price": {
      "basePrice": 3.69,
      "discountPrice": 3.69
    },
    "type": {
      "code": "Crab Meat",
      "desc": "Crab Meat"
    },
    "weight": "1 lb",
    "UpcCode": "",
    "tax": 0.0,
    "spiceLevel": "",
    "aiselNo": "22",
    "store": "Market Basket",
    "weightType": "1 lb",
    "imageName": "4072.jpg",
    "defaultImage": "4072.jpg",
    "updatedTimestamp": "Jan 23, 2021 8:02:30 PM",
    "createdTimestamp": "Jan 23, 2021 8:02:30 PM",
    "isNewlyAdded": false,
    "isActive": true,
    "isDealsEnabled": false,
    "quantity": 0
  },
  {
    "id": 14205,
    "code": "YoCrunch Cookies n Cream Lowfat Yogurt with Oreo Cookie Pieces",
    "desc": "YoCrunch Cookies n Cream Lowfat Yogurt with Oreo Cookie Pieces",
    "shortDesc": "YoCrunch Cookies n Cream Lowfat Yogurt with Oreo Cookie Pieces",
    "tags": [
      "Yogurt"
    ],
    "categories": [
      {
        "code": "Breakfast & Dairy",
        "desc": "Breakfast & Dairy"
      }
    ],
    "subCategories": [
      {
        "code": "Dairy & Eggs",
        "desc": "Dairy & Eggs"
      }
    ],
    "brands": [
      {
        "code": "Oreo",
        "desc": "Oreo"
      }
    ],
    "price": {
      "basePrice": 0.89,
      "discountPrice": 0.89
    },
    "type": {
      "code": "Yogurt",
      "desc": "Yogurt"
    },
    "weight": "6 oz",
    "UpcCode": "",
    "tax": 0.0,
    "spiceLevel": "",
    "aiselNo": "1",
    "store": "Market Basket",
    "weightType": "6 oz",
    "imageName": "464.jpg",
    "defaultImage": "464.jpg",
    "updatedTimestamp": "Jan 23, 2021 8:02:30 PM",
    "createdTimestamp": "Jan 23, 2021 8:02:30 PM",
    "isNewlyAdded": false,
    "isActive": true,
    "isDealsEnabled": false,
    "quantity": 0
  },
  {
    "id": 143,
    "code": "Butler Gum Scrubber Dishwand",
    "desc": "Butler Gum Scrubber Dishwand",
    "shortDesc": "Butler Gum Scrubber Dishwand",
    "tags": [
      "Other Cleaning Products"
    ],
    "categories": [
      {
        "code": "Kitchen & Cleaning",
        "desc": "Kitchen & Cleaning"
      }
    ],
    "subCategories": [
      {
        "code": "Cleaning Products",
        "desc": "Cleaning Products"
      }
    ],
    "brands": [
      {
        "code": "Butler Gum",
        "desc": "Butler Gum"
      }
    ],
    "price": {
      "basePrice": 3.69,
      "discountPrice": 3.69
    },
    "type": {
      "code": "Other Cleaning Products",
      "desc": "Other Cleaning Products"
    },
    "weight": "1 count",
    "UpcCode": "",
    "tax": 1.0,
    "spiceLevel": "",
    "aiselNo": "15",
    "store": "Market Basket",
    "weightType": "1 count",
    "imageName": "No Image.jpg",
    "defaultImage": "No Image.jpg",
    "updatedTimestamp": "Jan 23, 2021 8:02:30 PM",
    "createdTimestamp": "Jan 23, 2021 8:02:30 PM",
    "isNewlyAdded": false,
    "isActive": true,
    "isDealsEnabled": false,
    "quantity": 0
  },
  {
    "id": 563,
    "code": "Era OXIBooster Detergent",
    "desc": "Era OXIBooster Detergent",
    "shortDesc": "Era OXIBooster Detergent",
    "tags": [
      "Laundry Detergent"
    ],
    "categories": [
      {
        "code": "Laundry & Paper Goods",
        "desc": "Laundry & Paper Goods"
      }
    ],
    "subCategories": [
      {
        "code": "Laundry",
        "desc": "Laundry"
      }
    ],
    "brands": [
      {
        "code": "Era",
        "desc": "Era"
      }
    ],
    "price": {
      "basePrice": 14.99,
      "discountPrice": 14.99
    },
    "type": {
      "code": "Laundry Detergent",
      "desc": "Laundry Detergent"
    },
    "weight": "50 fl oz",
    "UpcCode": "",
    "tax": 1.0,
    "spiceLevel": "",
    "aiselNo": "15",
    "store": "Market Basket",
    "weightType": "50 fl oz",
    "imageName": "No Image.jpg",
    "defaultImage": "No Image.jpg",
    "updatedTimestamp": "Jan 23, 2021 8:02:30 PM",
    "createdTimestamp": "Jan 23, 2021 8:02:30 PM",
    "isNewlyAdded": false,
    "isActive": true,
    "isDealsEnabled": false,
    "quantity": 0
  },
  {
    "id": 15014,
    "code": "Axe Body Spray For Men Essence",
    "desc": "Axe Body Spray For Men Essence",
    "shortDesc": "Axe Body Spray For Men Essence",
    "tags": [
      "Deodorants"
    ],
    "categories": [
      {
        "code": "Personal Care",
        "desc": "Personal Care"
      }
    ],
    "subCategories": [
      {
        "code": "Personal Needs",
        "desc": "Personal Needs"
      }
    ],
    "brands": [
      {
        "code": "Axe",
        "desc": "Axe"
      }
    ],
    "price": {
      "basePrice": 7.0,
      "discountPrice": 7.0
    },
    "type": {
      "code": "Deodorants",
      "desc": "Deodorants"
    },
    "weight": "4 oz",
    "UpcCode": "",
    "tax": 1.0,
    "spiceLevel": "",
    "aiselNo": "13",
    "store": "Market Basket",
    "weightType": "4 oz",
    "imageName": "6292.jpg",
    "defaultImage": "6292.jpg",
    "updatedTimestamp": "Jan 23, 2021 8:02:30 PM",
    "createdTimestamp": "Jan 23, 2021 8:02:30 PM",
    "isNewlyAdded": false,
    "isActive": true,
    "isDealsEnabled": false,
    "quantity": 0
  },
  {
    "id": 13890,
    "code": "Market Basket Lactose Free Whole Milk",
    "desc": "Market Basket Lactose Free Whole Milk",
    "shortDesc": "Market Basket Lactose Free Whole Milk",
    "tags": [
      "Soy & Lactose-Free"
    ],
    "categories": [
      {
        "code": "Breakfast & Dairy",
        "desc": "Breakfast & Dairy"
      }
    ],
    "subCategories": [
      {
        "code": "Dairy & Eggs",
        "desc": "Dairy & Eggs"
      }
    ],
    "brands": [
      {
        "code": "Market Basket",
        "desc": "Market Basket"
      }
    ],
    "price": {
      "basePrice": 3.69,
      "discountPrice": 3.69
    },
    "type": {
      "code": "Soy & Lactose-Free",
      "desc": "Soy & Lactose-Free"
    },
    "weight": "0.5 gal",
    "UpcCode": "",
    "tax": 0.0,
    "spiceLevel": "",
    "aiselNo": "1",
    "store": "Market Basket",
    "weightType": "0.5 gal",
    "imageName": "Market Basket.jpg",
    "defaultImage": "Market Basket.jpg",
    "updatedTimestamp": "Jan 23, 2021 8:02:30 PM",
    "createdTimestamp": "Jan 23, 2021 8:02:30 PM",
    "isNewlyAdded": false,
    "isActive": true,
    "isDealsEnabled": false,
    "quantity": 0
  },
  {
    "id": 7928,
    "code": "Campbell's Chunky Microwavable Soup, Beef with Country Vegetables Soup",
    "desc": "Campbell's Chunky Microwavable Soup, Beef with Country Vegetables Soup",
    "shortDesc": "Campbell's Chunky Microwavable Soup, Beef with Country Vegetables Soup",
    "tags": [
      "Soup, Broth & Bouillon"
    ],
    "categories": [
      {
        "code": "Cooking Needs",
        "desc": "Cooking Needs"
      }
    ],
    "subCategories": [
      {
        "code": "Canned Food",
        "desc": "Canned Food"
      }
    ],
    "brands": [
      {
        "code": "Campbell's",
        "desc": "Campbell's"
      }
    ],
    "price": {
      "basePrice": 3.09,
      "discountPrice": 3.09
    },
    "type": {
      "code": "Soup, Broth & Bouillon",
      "desc": "Soup, Broth & Bouillon"
    },
    "weight": "15.25 oz",
    "UpcCode": "",
    "tax": 0.0,
    "spiceLevel": "",
    "aiselNo": "2",
    "store": "Market Basket",
    "weightType": "15.25 oz",
    "imageName": "5346.jpg",
    "defaultImage": "5346.jpg",
    "updatedTimestamp": "Jan 23, 2021 8:02:30 PM",
    "createdTimestamp": "Jan 23, 2021 8:02:30 PM",
    "isNewlyAdded": false,
    "isActive": true,
    "isDealsEnabled": false,
    "quantity": 0
  },
  {
    "id": 10099,
    "code": "Hood Ice Cream New England Creamery Bear Creek Caramel",
    "desc": "Hood Ice Cream New England Creamery Bear Creek Caramel",
    "shortDesc": "Hood Ice Cream New England Creamery Bear Creek Caramel",
    "tags": [
      "Ice Cream & Ice"
    ],
    "categories": [
      {
        "code": "Frozen Food",
        "desc": "Frozen Food"
      }
    ],
    "subCategories": [
      {
        "code": "Ice Cream & Ice",
        "desc": "Ice Cream & Ice"
      }
    ],
    "brands": [
      {
        "code": "Hood",
        "desc": "Hood"
      }
    ],
    "price": {
      "basePrice": 3.69,
      "discountPrice": 3.69
    },
    "type": {
      "code": "Ice Cream & Ice",
      "desc": "Ice Cream & Ice"
    },
    "weight": "1.5 quart",
    "UpcCode": "",
    "tax": 0.0,
    "spiceLevel": "",
    "aiselNo": "21",
    "store": "Market Basket",
    "weightType": "1.5 quart",
    "imageName": "3099.jpg",
    "defaultImage": "3099.jpg",
    "updatedTimestamp": "Jan 23, 2021 8:02:30 PM",
    "createdTimestamp": "Jan 23, 2021 8:02:30 PM",
    "isNewlyAdded": false,
    "isActive": true,
    "isDealsEnabled": false,
    "quantity": 0
  },
  {
    "id": 3703,
    "code": "Bosc Pear",
    "desc": "Bosc Pear",
    "shortDesc": "Bosc Pear",
    "tags": [
      "Pear"
    ],
    "categories": [
      {
        "code": "Fresh Produce",
        "desc": "Fresh Produce"
      }
    ],
    "subCategories": [
      {
        "code": "Fresh Fruits",
        "desc": "Fresh Fruits"
      }
    ],
    "brands": [
      {
        "code": "Market Basket",
        "desc": "Market Basket"
      }
    ],
    "price": {
      "basePrice": 1.21,
      "discountPrice": 1.21
    },
    "type": {
      "code": "Pear",
      "desc": "Pear"
    },
    "weight": "1 count",
    "UpcCode": "",
    "tax": 0.0,
    "spiceLevel": "",
    "aiselNo": "20",
    "store": "Market Basket",
    "weightType": "1 count",
    "imageName": "14206.jpg",
    "defaultImage": "14206.jpg",
    "updatedTimestamp": "Jan 23, 2021 8:02:30 PM",
    "createdTimestamp": "Jan 23, 2021 8:02:30 PM",
    "isNewlyAdded": false,
    "isActive": true,
    "isDealsEnabled": false,
    "quantity": 0
  },
  {
    "id": 6370,
    "code": "Polar Tonic Water Diet Lime",
    "desc": "Polar Tonic Water Diet Lime",
    "shortDesc": "Polar Tonic Water Diet Lime",
    "tags": [
      "Tonic Water"
    ],
    "categories": [
      {
        "code": "Beverages & Juices",
        "desc": "Beverages & Juices"
      }
    ],
    "subCategories": [
      {
        "code": "Water",
        "desc": "Water"
      }
    ],
    "brands": [
      {
        "code": "Polar",
        "desc": "Polar"
      }
    ],
    "price": {
      "basePrice": 1.49,
      "discountPrice": 1.49
    },
    "type": {
      "code": "Tonic Water",
      "desc": "Tonic Water"
    },
    "weight": "1 L",
    "UpcCode": "",
    "tax": 0.0,
    "spiceLevel": "",
    "aiselNo": "11",
    "store": "Market Basket",
    "weightType": "1 L",
    "imageName": "3204.jpg",
    "defaultImage": "3204.jpg",
    "updatedTimestamp": "Jan 23, 2021 8:02:30 PM",
    "createdTimestamp": "Jan 23, 2021 8:02:30 PM",
    "isNewlyAdded": false,
    "isActive": true,
    "isDealsEnabled": false,
    "quantity": 0
  },
  {
    "id": 5693,
    "code": "River Queen Mixed Nuts",
    "desc": "River Queen Mixed Nuts",
    "shortDesc": "River Queen Mixed Nuts",
    "tags": [
      "Trail Mix & Snack Mix"
    ],
    "categories": [
      {
        "code": "Chips, Cookies & Snacks",
        "desc": "Chips, Cookies & Snacks"
      }
    ],
    "subCategories": [
      {
        "code": "Nuts, Seeds & Dried Fruit",
        "desc": "Nuts, Seeds & Dried Fruit"
      }
    ],
    "brands": [
      {
        "code": "River Queen",
        "desc": "River Queen"
      }
    ],
    "price": {
      "basePrice": 6.09,
      "discountPrice": 6.09
    },
    "type": {
      "code": "Trail Mix & Snack Mix",
      "desc": "Trail Mix & Snack Mix"
    },
    "weight": "13 oz",
    "UpcCode": "",
    "tax": 0.0,
    "spiceLevel": "",
    "aiselNo": "21",
    "store": "Market Basket",
    "weightType": "13 oz",
    "imageName": "No Image.jpg",
    "defaultImage": "No Image.jpg",
    "updatedTimestamp": "Jan 23, 2021 8:02:30 PM",
    "createdTimestamp": "Jan 23, 2021 8:02:30 PM",
    "isNewlyAdded": false,
    "isActive": true,
    "isDealsEnabled": false,
    "quantity": 0
  },
  {
    "id": 8045,
    "code": "Market Basket Chicken Broth",
    "desc": "Market Basket Chicken Broth",
    "shortDesc": "Market Basket Chicken Broth",
    "tags": [
      "Soup, Broth & Bouillon"
    ],
    "categories": [
      {
        "code": "Cooking Needs",
        "desc": "Cooking Needs"
      }
    ],
    "subCategories": [
      {
        "code": "Canned Food",
        "desc": "Canned Food"
      }
    ],
    "brands": [
      {
        "code": "Market Basket",
        "desc": "Market Basket"
      }
    ],
    "price": {
      "basePrice": 3.49,
      "discountPrice": 3.49
    },
    "type": {
      "code": "Soup, Broth & Bouillon",
      "desc": "Soup, Broth & Bouillon"
    },
    "weight": "48 oz",
    "UpcCode": "",
    "tax": 0.0,
    "spiceLevel": "",
    "aiselNo": "2",
    "store": "Market Basket",
    "weightType": "48 oz",
    "imageName": "Market Basket.jpg",
    "defaultImage": "Market Basket.jpg",
    "updatedTimestamp": "Jan 23, 2021 8:02:30 PM",
    "createdTimestamp": "Jan 23, 2021 8:02:30 PM",
    "isNewlyAdded": false,
    "isActive": true,
    "isDealsEnabled": false,
    "quantity": 0
  },
  {
    "id": 520,
    "code": "Arm & Hammer Plus the Power of OxiClean Stain Fighters Sparkling Waters Laundry Detergent",
    "desc": "Arm & Hammer Plus the Power of OxiClean Stain Fighters Sparkling Waters Laundry Detergent",
    "shortDesc": "Arm & Hammer Plus the Power of OxiClean Stain Fighters Sparkling Waters Laundry Detergent",
    "tags": [
      "Laundry Detergent"
    ],
    "categories": [
      {
        "code": "Laundry & Paper Goods",
        "desc": "Laundry & Paper Goods"
      }
    ],
    "subCategories": [
      {
        "code": "Laundry",
        "desc": "Laundry"
      }
    ],
    "brands": [
      {
        "code": "Arm & Hammer",
        "desc": "Arm & Hammer"
      }
    ],
    "price": {
      "basePrice": 4.99,
      "discountPrice": 4.99
    },
    "type": {
      "code": "Laundry Detergent",
      "desc": "Laundry Detergent"
    },
    "weight": "43.75 fl oz",
    "UpcCode": "",
    "tax": 1.0,
    "spiceLevel": "",
    "aiselNo": "15",
    "store": "Market Basket",
    "weightType": "43.75 fl oz",
    "imageName": "No Image.jpg",
    "defaultImage": "No Image.jpg",
    "updatedTimestamp": "Jan 23, 2021 8:02:30 PM",
    "createdTimestamp": "Jan 23, 2021 8:02:30 PM",
    "isNewlyAdded": false,
    "isActive": true,
    "isDealsEnabled": false,
    "quantity": 0
  },
  {
    "id": 13812,
    "code": "Treasure Cave Blue Crumbled Cheese",
    "desc": "Treasure Cave Blue Crumbled Cheese",
    "shortDesc": "Treasure Cave Blue Crumbled Cheese",
    "tags": [
      "Packaged Cheese"
    ],
    "categories": [
      {
        "code": "Breakfast & Dairy",
        "desc": "Breakfast & Dairy"
      }
    ],
    "subCategories": [
      {
        "code": "Dairy & Eggs",
        "desc": "Dairy & Eggs"
      }
    ],
    "brands": [
      {
        "code": "Treasure Cave",
        "desc": "Treasure Cave"
      }
    ],
    "price": {
      "basePrice": 2.49,
      "discountPrice": 2.49
    },
    "type": {
      "code": "Packaged Cheese",
      "desc": "Packaged Cheese"
    },
    "weight": "5 oz",
    "UpcCode": "",
    "tax": 0.0,
    "spiceLevel": "",
    "aiselNo": "1",
    "store": "Market Basket",
    "weightType": "5 oz",
    "imageName": "14580.jpg",
    "defaultImage": "14580.jpg",
    "updatedTimestamp": "Jan 23, 2021 8:02:30 PM",
    "createdTimestamp": "Jan 23, 2021 8:02:30 PM",
    "isNewlyAdded": false,
    "isActive": true,
    "isDealsEnabled": false,
    "quantity": 0
  },
  {
    "id": 7490,
    "code": "Joseph Russo Peeled Tomatoes",
    "desc": "Joseph Russo Peeled Tomatoes",
    "shortDesc": "Joseph Russo Peeled Tomatoes",
    "tags": [
      "Canned & Jarred Vegetables"
    ],
    "categories": [
      {
        "code": "Cooking Needs",
        "desc": "Cooking Needs"
      }
    ],
    "subCategories": [
      {
        "code": "Canned Food",
        "desc": "Canned Food"
      }
    ],
    "brands": [
      {
        "code": "Joseph Russi",
        "desc": "Joseph Russi"
      }
    ],
    "price": {
      "basePrice": 2.49,
      "discountPrice": 2.49
    },
    "type": {
      "code": "Canned & Jarred Vegetables",
      "desc": "Canned & Jarred Vegetables"
    },
    "weight": "35 oz",
    "UpcCode": "",
    "tax": 0.0,
    "spiceLevel": "",
    "aiselNo": "9",
    "store": "Market Basket",
    "weightType": "35 oz",
    "imageName": "No Image.jpg",
    "defaultImage": "No Image.jpg",
    "updatedTimestamp": "Jan 23, 2021 8:02:30 PM",
    "createdTimestamp": "Jan 23, 2021 8:02:30 PM",
    "isNewlyAdded": false,
    "isActive": true,
    "isDealsEnabled": false,
    "quantity": 0
  },
  {
    "id": 4676,
    "code": "Pastene Fancy Solid Light Tuna",
    "desc": "Pastene Fancy Solid Light Tuna",
    "shortDesc": "Pastene Fancy Solid Light Tuna",
    "tags": [
      "Canned Tuna"
    ],
    "categories": [
      {
        "code": "Meat & Seafood",
        "desc": "Meat & Seafood"
      }
    ],
    "subCategories": [
      {
        "code": "Canned Meat & Seafood",
        "desc": "Canned Meat & Seafood"
      }
    ],
    "brands": [
      {
        "code": "Pastene",
        "desc": "Pastene"
      }
    ],
    "price": {
      "basePrice": 1.89,
      "discountPrice": 1.89
    },
    "type": {
      "code": "Canned Tuna",
      "desc": "Canned Tuna"
    },
    "weight": "5 oz",
    "UpcCode": "",
    "tax": 0.0,
    "spiceLevel": "",
    "aiselNo": "2",
    "store": "Market Basket",
    "weightType": "5 oz",
    "imageName": "17163.jpg",
    "defaultImage": "17163.jpg",
    "updatedTimestamp": "Jan 23, 2021 8:02:30 PM",
    "createdTimestamp": "Jan 23, 2021 8:02:30 PM",
    "isNewlyAdded": false,
    "isActive": true,
    "isDealsEnabled": false,
    "quantity": 0
  },
  {
    "id": 4247,
    "code": "Steamed Lobsters",
    "desc": "Steamed Lobsters",
    "shortDesc": "Steamed Lobsters",
    "tags": [
      "Lobsters"
    ],
    "categories": [
      {
        "code": "Meat & Seafood",
        "desc": "Meat & Seafood"
      }
    ],
    "subCategories": [
      {
        "code": "Packaged Meat & Seafood",
        "desc": "Packaged Meat & Seafood"
      }
    ],
    "brands": [
      {
        "code": "Market Basket",
        "desc": "Market Basket"
      }
    ],
    "price": {
      "basePrice": 8.59,
      "discountPrice": 8.59
    },
    "type": {
      "code": "Lobsters",
      "desc": "Lobsters"
    },
    "weight": "1 lb",
    "UpcCode": "",
    "tax": 0.0,
    "spiceLevel": "",
    "aiselNo": "22",
    "store": "Market Basket",
    "weightType": "1 lb",
    "imageName": "Market Basket.jpg",
    "defaultImage": "Market Basket.jpg",
    "updatedTimestamp": "Jan 23, 2021 8:02:30 PM",
    "createdTimestamp": "Jan 23, 2021 8:02:30 PM",
    "isNewlyAdded": false,
    "isActive": true,
    "isDealsEnabled": false,
    "quantity": 0
  },
  {
    "id": 3597,
    "code": "Super Select cucumbers",
    "desc": "Super Select cucumbers",
    "shortDesc": "Super Select cucumbers",
    "tags": [
      "Cucumber"
    ],
    "categories": [
      {
        "code": "Fresh Produce",
        "desc": "Fresh Produce"
      }
    ],
    "subCategories": [
      {
        "code": "Fresh Vegetables",
        "desc": "Fresh Vegetables"
      }
    ],
    "brands": [
      {
        "code": "Market Basket",
        "desc": "Market Basket"
      }
    ],
    "price": {
      "basePrice": 1.09,
      "discountPrice": 1.09
    },
    "type": {
      "code": "Cucumber",
      "desc": "Cucumber"
    },
    "weight": "1 count",
    "UpcCode": "",
    "tax": 0.0,
    "spiceLevel": "",
    "aiselNo": "20",
    "store": "Market Basket",
    "weightType": "1 count",
    "imageName": "Market Basket.jpg",
    "defaultImage": "Market Basket.jpg",
    "updatedTimestamp": "Jan 23, 2021 8:02:30 PM",
    "createdTimestamp": "Jan 23, 2021 8:02:30 PM",
    "isNewlyAdded": false,
    "isActive": true,
    "isDealsEnabled": false,
    "quantity": 0
  },
  {
    "id": 14579,
    "code": "PG Tips Pyramid Bags Premium Black Tea",
    "desc": "PG Tips Pyramid Bags Premium Black Tea",
    "shortDesc": "PG Tips Pyramid Bags Premium Black Tea",
    "tags": [
      "Tea"
    ],
    "categories": [
      {
        "code": "Breakfast & Dairy",
        "desc": "Breakfast & Dairy"
      }
    ],
    "subCategories": [
      {
        "code": "Tea & Coffee",
        "desc": "Tea & Coffee"
      }
    ],
    "brands": [
      {
        "code": "PG Tips",
        "desc": "PG Tips"
      }
    ],
    "price": {
      "basePrice": 12.59,
      "discountPrice": 12.59
    },
    "type": {
      "code": "Tea",
      "desc": "Tea"
    },
    "weight": "80 count",
    "UpcCode": "",
    "tax": 0.0,
    "spiceLevel": "",
    "aiselNo": "8",
    "store": "Market Basket",
    "weightType": "80 count",
    "imageName": "16313.jpg",
    "defaultImage": "16313.jpg",
    "updatedTimestamp": "Jan 23, 2021 8:02:30 PM",
    "createdTimestamp": "Jan 23, 2021 8:02:30 PM",
    "isNewlyAdded": false,
    "isActive": true,
    "isDealsEnabled": false,
    "quantity": 0
  },
  {
    "id": 7275,
    "code": "McCormick Garlic Seasoned Salt Grinder",
    "desc": "McCormick Garlic Seasoned Salt Grinder",
    "shortDesc": "McCormick Garlic Seasoned Salt Grinder",
    "tags": [
      "Spices & Seasonings"
    ],
    "categories": [
      {
        "code": "Cooking Needs",
        "desc": "Cooking Needs"
      }
    ],
    "subCategories": [
      {
        "code": "Spices & Seasonings",
        "desc": "Spices & Seasonings"
      }
    ],
    "brands": [
      {
        "code": "McCormick",
        "desc": "McCormick"
      }
    ],
    "price": {
      "basePrice": 2.49,
      "discountPrice": 2.49
    },
    "type": {
      "code": "Spices & Seasonings",
      "desc": "Spices & Seasonings"
    },
    "weight": "1.58 oz",
    "UpcCode": "",
    "tax": 0.0,
    "spiceLevel": "",
    "aiselNo": "9",
    "store": "Market Basket",
    "weightType": "1.58 oz",
    "imageName": "2164.jpg",
    "defaultImage": "2164.jpg",
    "updatedTimestamp": "Jan 23, 2021 8:02:30 PM",
    "createdTimestamp": "Jan 23, 2021 8:02:30 PM",
    "isNewlyAdded": false,
    "isActive": true,
    "isDealsEnabled": false,
    "quantity": 0
  },
  {
    "id": 7197,
    "code": "Badia Herbes De Provence French Blend",
    "desc": "Badia Herbes De Provence French Blend",
    "shortDesc": "Badia Herbes De Provence French Blend",
    "tags": [
      "Spices & Seasonings"
    ],
    "categories": [
      {
        "code": "Cooking Needs",
        "desc": "Cooking Needs"
      }
    ],
    "subCategories": [
      {
        "code": "Spices & Seasonings",
        "desc": "Spices & Seasonings"
      }
    ],
    "brands": [
      {
        "code": "Badia",
        "desc": "Badia"
      }
    ],
    "price": {
      "basePrice": 4.69,
      "discountPrice": 4.69
    },
    "type": {
      "code": "Spices & Seasonings",
      "desc": "Spices & Seasonings"
    },
    "weight": "1.5 oz",
    "UpcCode": "",
    "tax": 0.0,
    "spiceLevel": "",
    "aiselNo": "9",
    "store": "Market Basket",
    "weightType": "1.5 oz",
    "imageName": "2234.jpg",
    "defaultImage": "2234.jpg",
    "updatedTimestamp": "Jan 23, 2021 8:02:30 PM",
    "createdTimestamp": "Jan 23, 2021 8:02:30 PM",
    "isNewlyAdded": false,
    "isActive": true,
    "isDealsEnabled": false,
    "quantity": 0
  },
  {
    "id": 7886,
    "code": "Albacore Tuna In Water",
    "desc": "Albacore Tuna In Water",
    "shortDesc": "Albacore Tuna In Water",
    "tags": [
      "Canned Meat & Seafood"
    ],
    "categories": [
      {
        "code": "Cooking Needs",
        "desc": "Cooking Needs"
      }
    ],
    "subCategories": [
      {
        "code": "Canned Food",
        "desc": "Canned Food"
      }
    ],
    "brands": [
      {
        "code": "StarKist",
        "desc": "StarKist"
      }
    ],
    "price": {
      "basePrice": 3.69,
      "discountPrice": 3.69
    },
    "type": {
      "code": "Canned Meat & Seafood",
      "desc": "Canned Meat & Seafood"
    },
    "weight": "6.4 oz",
    "UpcCode": "",
    "tax": 0.0,
    "spiceLevel": "",
    "aiselNo": "2",
    "store": "Market Basket",
    "weightType": "6.4 oz",
    "imageName": "5205.jpg",
    "defaultImage": "5205.jpg",
    "updatedTimestamp": "Jan 23, 2021 8:02:30 PM",
    "createdTimestamp": "Jan 23, 2021 8:02:30 PM",
    "isNewlyAdded": false,
    "isActive": true,
    "isDealsEnabled": false,
    "quantity": 0
  },
  {
    "id": 6471,
    "code": "Second Nature California Medley",
    "desc": "Second Nature California Medley",
    "shortDesc": "Second Nature California Medley",
    "tags": [
      "Nuts, Seeds & Dried Fruit"
    ],
    "categories": [
      {
        "code": "Chips, Cookies & Snacks",
        "desc": "Chips, Cookies & Snacks"
      }
    ],
    "subCategories": [
      {
        "code": "Nuts, Seeds & Dried Fruit",
        "desc": "Nuts, Seeds & Dried Fruit"
      }
    ],
    "brands": [
      {
        "code": "Second Nature",
        "desc": "Second Nature"
      }
    ],
    "price": {
      "basePrice": 8.74,
      "discountPrice": 8.74
    },
    "type": {
      "code": "Nuts, Seeds & Dried Fruit",
      "desc": "Nuts, Seeds & Dried Fruit"
    },
    "weight": "12.5 oz",
    "UpcCode": "",
    "tax": 0.0,
    "spiceLevel": "",
    "aiselNo": "6",
    "store": "Market Basket",
    "weightType": "12.5 oz",
    "imageName": "No Image.jpg",
    "defaultImage": "No Image.jpg",
    "updatedTimestamp": "Jan 23, 2021 8:02:30 PM",
    "createdTimestamp": "Jan 23, 2021 8:02:30 PM",
    "isNewlyAdded": false,
    "isActive": true,
    "isDealsEnabled": false,
    "quantity": 0
  },
  {
    "id": 15305,
    "code": "Muscle Milk Chocolate Dairy Drinks - Chilled",
    "desc": "Muscle Milk Chocolate Dairy Drinks - Chilled",
    "shortDesc": "Muscle Milk Chocolate Dairy Drinks - Chilled",
    "tags": [
      "Protien Drinks"
    ],
    "categories": [
      {
        "code": "Personal Care",
        "desc": "Personal Care"
      }
    ],
    "subCategories": [
      {
        "code": "Vitamins & Proteins",
        "desc": "Vitamins & Proteins"
      }
    ],
    "brands": [
      {
        "code": "Muscle Milk",
        "desc": "Muscle Milk"
      }
    ],
    "price": {
      "basePrice": 4.24,
      "discountPrice": 4.24
    },
    "type": {
      "code": "Protien Drinks",
      "desc": "Protien Drinks"
    },
    "weight": "14 fl oz",
    "UpcCode": "",
    "tax": 1.0,
    "spiceLevel": "",
    "aiselNo": "13",
    "store": "Market Basket",
    "weightType": "14 fl oz",
    "imageName": "6733.jpg",
    "defaultImage": "6733.jpg",
    "updatedTimestamp": "Jan 23, 2021 8:02:30 PM",
    "createdTimestamp": "Jan 23, 2021 8:02:30 PM",
    "isNewlyAdded": false,
    "isActive": true,
    "isDealsEnabled": false,
    "quantity": 0
  },
  {
    "id": 6879,
    "code": "Market Basket Cotton Swabs",
    "desc": "Market Basket Cotton Swabs",
    "shortDesc": "Market Basket Cotton Swabs",
    "tags": [
      "Baking Ingredients"
    ],
    "categories": [
      {
        "code": "Cooking Needs",
        "desc": "Cooking Needs"
      }
    ],
    "subCategories": [
      {
        "code": "Baking & Cooking",
        "desc": "Baking & Cooking"
      }
    ],
    "brands": [
      {
        "code": "Market Basket",
        "desc": "Market Basket"
      }
    ],
    "price": {
      "basePrice": 2.49,
      "discountPrice": 2.49
    },
    "type": {
      "code": "Baking Ingredients",
      "desc": "Baking Ingredients"
    },
    "weight": "375 count",
    "UpcCode": "",
    "tax": 0.0,
    "spiceLevel": "",
    "aiselNo": "8",
    "store": "Market Basket",
    "weightType": "375 count",
    "imageName": "Market Basket.jpg",
    "defaultImage": "Market Basket.jpg",
    "updatedTimestamp": "Jan 23, 2021 8:02:30 PM",
    "createdTimestamp": "Jan 23, 2021 8:02:30 PM",
    "isNewlyAdded": false,
    "isActive": true,
    "isDealsEnabled": false,
    "quantity": 0
  },
  {
    "id": 482,
    "code": "Purex Detergent Odor Release 85 Loads",
    "desc": "Purex Detergent Odor Release 85 Loads",
    "shortDesc": "Purex Detergent Odor Release 85 Loads",
    "tags": [
      "Laundry Detergent"
    ],
    "categories": [
      {
        "code": "Laundry & Paper Goods",
        "desc": "Laundry & Paper Goods"
      }
    ],
    "subCategories": [
      {
        "code": "Laundry",
        "desc": "Laundry"
      }
    ],
    "brands": [
      {
        "code": "Purex Liquid Detergents",
        "desc": "Purex Liquid Detergents"
      }
    ],
    "price": {
      "basePrice": 9.99,
      "discountPrice": 9.99
    },
    "type": {
      "code": "Laundry Detergent",
      "desc": "Laundry Detergent"
    },
    "weight": "128 fl oz",
    "UpcCode": "",
    "tax": 1.0,
    "spiceLevel": "",
    "aiselNo": "15",
    "store": "Market Basket",
    "weightType": "128 fl oz",
    "imageName": "No Image.jpg",
    "defaultImage": "No Image.jpg",
    "updatedTimestamp": "Jan 23, 2021 8:02:30 PM",
    "createdTimestamp": "Jan 23, 2021 8:02:30 PM",
    "isNewlyAdded": false,
    "isActive": true,
    "isDealsEnabled": false,
    "quantity": 0
  },
  {
    "id": 14755,
    "code": "L'Oreal Kids Juicy Grape Conditioner",
    "desc": "L'Oreal Kids Juicy Grape Conditioner",
    "shortDesc": "L'Oreal Kids Juicy Grape Conditioner",
    "tags": [
      "Hair Care"
    ],
    "categories": [
      {
        "code": "Personal Care",
        "desc": "Personal Care"
      }
    ],
    "subCategories": [
      {
        "code": "Body Wash, Soap & Hair Care",
        "desc": "Body Wash, Soap & Hair Care"
      }
    ],
    "brands": [
      {
        "code": "L'Oreal",
        "desc": "L'Oreal"
      }
    ],
    "price": {
      "basePrice": 4.93,
      "discountPrice": 4.93
    },
    "type": {
      "code": "Hair Care",
      "desc": "Hair Care"
    },
    "weight": "9 fl oz",
    "UpcCode": "",
    "tax": 1.0,
    "spiceLevel": "",
    "aiselNo": "13",
    "store": "Market Basket",
    "weightType": "9 fl oz",
    "imageName": "17833.jpg",
    "defaultImage": "17833.jpg",
    "updatedTimestamp": "Jan 23, 2021 8:02:30 PM",
    "createdTimestamp": "Jan 23, 2021 8:02:30 PM",
    "isNewlyAdded": false,
    "isActive": true,
    "isDealsEnabled": false,
    "quantity": 0
  },
  {
    "id": 9886,
    "code": "Market Basket Sweet Peas",
    "desc": "Market Basket Sweet Peas",
    "shortDesc": "Market Basket Sweet Peas",
    "tags": [
      "Frozen Produce"
    ],
    "categories": [
      {
        "code": "Frozen Food",
        "desc": "Frozen Food"
      }
    ],
    "subCategories": [
      {
        "code": "Frozen Produce",
        "desc": "Frozen Produce"
      }
    ],
    "brands": [
      {
        "code": "Market Basket",
        "desc": "Market Basket"
      }
    ],
    "price": {
      "basePrice": 1.89,
      "discountPrice": 1.89
    },
    "type": {
      "code": "Frozen Produce",
      "desc": "Frozen Produce"
    },
    "weight": "24 oz",
    "UpcCode": "",
    "tax": 0.0,
    "spiceLevel": "",
    "aiselNo": "19",
    "store": "Market Basket",
    "weightType": "24 oz",
    "imageName": "Market Basket.jpg",
    "defaultImage": "Market Basket.jpg",
    "updatedTimestamp": "Jan 23, 2021 8:02:30 PM",
    "createdTimestamp": "Jan 23, 2021 8:02:30 PM",
    "isNewlyAdded": false,
    "isActive": true,
    "isDealsEnabled": false,
    "quantity": 0
  },
  {
    "id": 292,
    "code": "Reynolds Bakeware 12 3/4 x 9 x 1 27/32\" EZ Occasions with Covers Cake Pans",
    "desc": "Reynolds Bakeware 12 3/4 x 9 x 1 27/32\" EZ Occasions with Covers Cake Pans",
    "shortDesc": "Reynolds Bakeware 12 3/4 x 9 x 1 27/32\" EZ Occasions with Covers Cake Pans",
    "tags": [
      "Cake Pans"
    ],
    "categories": [
      {
        "code": "Kitchen & Cleaning",
        "desc": "Kitchen & Cleaning"
      }
    ],
    "subCategories": [
      {
        "code": "Food Storage & Kitchen Supplies",
        "desc": "Food Storage & Kitchen Supplies"
      }
    ],
    "brands": [
      {
        "code": "Reynolds",
        "desc": "Reynolds"
      }
    ],
    "price": {
      "basePrice": 4.89,
      "discountPrice": 4.89
    },
    "type": {
      "code": "Cake Pans",
      "desc": "Cake Pans"
    },
    "weight": "2 count",
    "UpcCode": "",
    "tax": 1.0,
    "spiceLevel": "",
    "aiselNo": "12",
    "store": "Market Basket",
    "weightType": "2 count",
    "imageName": "4482.jpg",
    "defaultImage": "4482.jpg",
    "updatedTimestamp": "Jan 23, 2021 8:02:30 PM",
    "createdTimestamp": "Jan 23, 2021 8:02:30 PM",
    "isNewlyAdded": false,
    "isActive": true,
    "isDealsEnabled": false,
    "quantity": 0
  },
  {
    "id": 337,
    "code": "Reynolds Kitchens Large Size Oven Bags",
    "desc": "Reynolds Kitchens Large Size Oven Bags",
    "shortDesc": "Reynolds Kitchens Large Size Oven Bags",
    "tags": [
      "Storage Bags"
    ],
    "categories": [
      {
        "code": "Kitchen & Cleaning",
        "desc": "Kitchen & Cleaning"
      }
    ],
    "subCategories": [
      {
        "code": "Food Storage & Kitchen Supplies",
        "desc": "Food Storage & Kitchen Supplies"
      }
    ],
    "brands": [
      {
        "code": "Reynolds",
        "desc": "Reynolds"
      }
    ],
    "price": {
      "basePrice": 3.09,
      "discountPrice": 3.09
    },
    "type": {
      "code": "Storage Bags",
      "desc": "Storage Bags"
    },
    "weight": "5 count",
    "UpcCode": "",
    "tax": 1.0,
    "spiceLevel": "",
    "aiselNo": "12",
    "store": "Market Basket",
    "weightType": "5 count",
    "imageName": "4419.jpg",
    "defaultImage": "4419.jpg",
    "updatedTimestamp": "Jan 23, 2021 8:02:30 PM",
    "createdTimestamp": "Jan 23, 2021 8:02:30 PM",
    "isNewlyAdded": false,
    "isActive": true,
    "isDealsEnabled": false,
    "quantity": 0
  },
  {
    "id": 10209,
    "code": "Popsicle Ice Pops Sugar Free Orange Cherry Grape",
    "desc": "Popsicle Ice Pops Sugar Free Orange Cherry Grape",
    "shortDesc": "Popsicle Ice Pops Sugar Free Orange Cherry Grape",
    "tags": [
      "Ice Cream & Ice"
    ],
    "categories": [
      {
        "code": "Frozen Food",
        "desc": "Frozen Food"
      }
    ],
    "subCategories": [
      {
        "code": "Ice Cream & Ice",
        "desc": "Ice Cream & Ice"
      }
    ],
    "brands": [
      {
        "code": "Popsicle",
        "desc": "Popsicle"
      }
    ],
    "price": {
      "basePrice": 4.39,
      "discountPrice": 4.39
    },
    "type": {
      "code": "Ice Cream & Ice",
      "desc": "Ice Cream & Ice"
    },
    "weight": "24 count",
    "UpcCode": "",
    "tax": 0.0,
    "spiceLevel": "",
    "aiselNo": "21",
    "store": "Market Basket",
    "weightType": "24 count",
    "imageName": "3141.jpg",
    "defaultImage": "3141.jpg",
    "updatedTimestamp": "Jan 23, 2021 8:02:30 PM",
    "createdTimestamp": "Jan 23, 2021 8:02:30 PM",
    "isNewlyAdded": false,
    "isActive": true,
    "isDealsEnabled": false,
    "quantity": 0
  },
  {
    "id": 7950,
    "code": "Campbell's Condensed Campbell's Condensed Cream of Onion Soup",
    "desc": "Campbell's Condensed Campbell's Condensed Cream of Onion Soup",
    "shortDesc": "Campbell's Condensed Campbell's Condensed Cream of Onion Soup",
    "tags": [
      "Soup, Broth & Bouillon"
    ],
    "categories": [
      {
        "code": "Cooking Needs",
        "desc": "Cooking Needs"
      }
    ],
    "subCategories": [
      {
        "code": "Canned Food",
        "desc": "Canned Food"
      }
    ],
    "brands": [
      {
        "code": "Campbell's",
        "desc": "Campbell's"
      }
    ],
    "price": {
      "basePrice": 2.09,
      "discountPrice": 2.09
    },
    "type": {
      "code": "Soup, Broth & Bouillon",
      "desc": "Soup, Broth & Bouillon"
    },
    "weight": "10.5 oz",
    "UpcCode": "",
    "tax": 0.0,
    "spiceLevel": "",
    "aiselNo": "2",
    "store": "Market Basket",
    "weightType": "10.5 oz",
    "imageName": "5319.jpg",
    "defaultImage": "5319.jpg",
    "updatedTimestamp": "Jan 23, 2021 8:02:30 PM",
    "createdTimestamp": "Jan 23, 2021 8:02:30 PM",
    "isNewlyAdded": false,
    "isActive": true,
    "isDealsEnabled": false,
    "quantity": 0
  },
  {
    "id": 5406,
    "code": "Back to Nature Organic Stoneground Wheat Cracker",
    "desc": "Back to Nature Organic Stoneground Wheat Cracker",
    "shortDesc": "Back to Nature Organic Stoneground Wheat Cracker",
    "tags": [
      "Crackers"
    ],
    "categories": [
      {
        "code": "Chips, Cookies & Snacks",
        "desc": "Chips, Cookies & Snacks"
      }
    ],
    "subCategories": [
      {
        "code": "Cookies & Crackers",
        "desc": "Cookies & Crackers"
      }
    ],
    "brands": [
      {
        "code": "Back to Nature",
        "desc": "Back to Nature"
      }
    ],
    "price": {
      "basePrice": 6.23,
      "discountPrice": 6.23
    },
    "type": {
      "code": "Crackers",
      "desc": "Crackers"
    },
    "weight": "6 oz",
    "UpcCode": "",
    "tax": 0.0,
    "spiceLevel": "",
    "aiselNo": "6",
    "store": "Market Basket",
    "weightType": "6 oz",
    "imageName": "No Image.jpg",
    "defaultImage": "No Image.jpg",
    "updatedTimestamp": "Jan 23, 2021 8:02:30 PM",
    "createdTimestamp": "Jan 23, 2021 8:02:30 PM",
    "isNewlyAdded": false,
    "isActive": true,
    "isDealsEnabled": false,
    "quantity": 0
  },
  {
    "id": 9021,
    "code": "Smucker's Orchard's Finest Pacific Mountain Strawberry Preserves",
    "desc": "Smucker's Orchard's Finest Pacific Mountain Strawberry Preserves",
    "shortDesc": "Smucker's Orchard's Finest Pacific Mountain Strawberry Preserves",
    "tags": [
      "Spreads"
    ],
    "categories": [
      {
        "code": "Condiments & Dressings",
        "desc": "Condiments & Dressings"
      }
    ],
    "subCategories": [
      {
        "code": "Preserved Dips & Spreads",
        "desc": "Preserved Dips & Spreads"
      }
    ],
    "brands": [
      {
        "code": "Pacific",
        "desc": "Pacific"
      }
    ],
    "price": {
      "basePrice": 3.69,
      "discountPrice": 3.69
    },
    "type": {
      "code": "Spreads",
      "desc": "Spreads"
    },
    "weight": "12 oz",
    "UpcCode": "",
    "tax": 0.0,
    "spiceLevel": "",
    "aiselNo": "3",
    "store": "Market Basket",
    "weightType": "12 oz",
    "imageName": "1620.jpg",
    "defaultImage": "1620.jpg",
    "updatedTimestamp": "Jan 23, 2021 8:02:30 PM",
    "createdTimestamp": "Jan 23, 2021 8:02:30 PM",
    "isNewlyAdded": false,
    "isActive": true,
    "isDealsEnabled": false,
    "quantity": 0
  },
  {
    "id": 8400,
    "code": "Crockery Gourmet Seasoning Mix For Chicken",
    "desc": "Crockery Gourmet Seasoning Mix For Chicken",
    "shortDesc": "Crockery Gourmet Seasoning Mix For Chicken",
    "tags": [
      "Marinades & Meat Preparation"
    ],
    "categories": [
      {
        "code": "Condiments & Dressings",
        "desc": "Condiments & Dressings"
      }
    ],
    "subCategories": [
      {
        "code": "Marinades, Ketchup & Sauces",
        "desc": "Marinades, Ketchup & Sauces"
      }
    ],
    "brands": [
      {
        "code": "Crockery Gourmet",
        "desc": "Crockery Gourmet"
      }
    ],
    "price": {
      "basePrice": 2.19,
      "discountPrice": 2.19
    },
    "type": {
      "code": "Marinades & Meat Preparation",
      "desc": "Marinades & Meat Preparation"
    },
    "weight": "2.5 oz",
    "UpcCode": "",
    "tax": 0.0,
    "spiceLevel": "",
    "aiselNo": "9",
    "store": "Market Basket",
    "weightType": "2.5 oz",
    "imageName": "15573.jpg",
    "defaultImage": "15573.jpg",
    "updatedTimestamp": "Jan 23, 2021 8:02:30 PM",
    "createdTimestamp": "Jan 23, 2021 8:02:30 PM",
    "isNewlyAdded": false,
    "isActive": true,
    "isDealsEnabled": false,
    "quantity": 0
  },
  {
    "id": 5987,
    "code": "Master of Mixes 5 Pepper Bloody Mary Mixer",
    "desc": "Master of Mixes 5 Pepper Bloody Mary Mixer",
    "shortDesc": "Master of Mixes 5 Pepper Bloody Mary Mixer",
    "tags": [
      "Cocoa & Drink Mixes"
    ],
    "categories": [
      {
        "code": "Beverages & Juices",
        "desc": "Beverages & Juices"
      }
    ],
    "subCategories": [
      {
        "code": "Cocoa & Drink Mixes",
        "desc": "Cocoa & Drink Mixes"
      }
    ],
    "brands": [
      {
        "code": "Master of Mixes",
        "desc": "Master of Mixes"
      }
    ],
    "price": {
      "basePrice": 7.49,
      "discountPrice": 7.49
    },
    "type": {
      "code": "Cocoa & Drink Mixes",
      "desc": "Cocoa & Drink Mixes"
    },
    "weight": "1.75 L",
    "UpcCode": "",
    "tax": 0.0,
    "spiceLevel": "",
    "aiselNo": "17",
    "store": "Market Basket",
    "weightType": "1.75 L",
    "imageName": "No Image.jpg",
    "defaultImage": "No Image.jpg",
    "updatedTimestamp": "Jan 23, 2021 8:02:29 PM",
    "createdTimestamp": "Jan 23, 2021 8:02:29 PM",
    "isNewlyAdded": false,
    "isActive": true,
    "isDealsEnabled": false,
    "quantity": 0
  },
  {
    "id": 7976,
    "code": "Campbell's Homestyle Chicken Noodle Soup",
    "desc": "Campbell's Homestyle Chicken Noodle Soup",
    "shortDesc": "Campbell's Homestyle Chicken Noodle Soup",
    "tags": [
      "Soup, Broth & Bouillon"
    ],
    "categories": [
      {
        "code": "Cooking Needs",
        "desc": "Cooking Needs"
      }
    ],
    "subCategories": [
      {
        "code": "Canned Food",
        "desc": "Canned Food"
      }
    ],
    "brands": [
      {
        "code": "Campbell's",
        "desc": "Campbell's"
      }
    ],
    "price": {
      "basePrice": 2.49,
      "discountPrice": 2.49
    },
    "type": {
      "code": "Soup, Broth & Bouillon",
      "desc": "Soup, Broth & Bouillon"
    },
    "weight": "18.6 oz",
    "UpcCode": "",
    "tax": 0.0,
    "spiceLevel": "",
    "aiselNo": "2",
    "store": "Market Basket",
    "weightType": "18.6 oz",
    "imageName": "17241.jpg",
    "defaultImage": "17241.jpg",
    "updatedTimestamp": "Jan 23, 2021 8:02:30 PM",
    "createdTimestamp": "Jan 23, 2021 8:02:30 PM",
    "isNewlyAdded": false,
    "isActive": true,
    "isDealsEnabled": false,
    "quantity": 0
  },
  {
    "id": 6835,
    "code": "Goya Extra Fine Yellow Corn Meal",
    "desc": "Goya Extra Fine Yellow Corn Meal",
    "shortDesc": "Goya Extra Fine Yellow Corn Meal",
    "tags": [
      "Baking Ingredients"
    ],
    "categories": [
      {
        "code": "Cooking Needs",
        "desc": "Cooking Needs"
      }
    ],
    "subCategories": [
      {
        "code": "Baking & Cooking",
        "desc": "Baking & Cooking"
      }
    ],
    "brands": [
      {
        "code": "Goya",
        "desc": "Goya"
      }
    ],
    "price": {
      "basePrice": 1.89,
      "discountPrice": 1.89
    },
    "type": {
      "code": "Baking Ingredients",
      "desc": "Baking Ingredients"
    },
    "weight": "24 oz",
    "UpcCode": "",
    "tax": 0.0,
    "spiceLevel": "",
    "aiselNo": "8",
    "store": "Market Basket",
    "weightType": "24 oz",
    "imageName": "2351.jpg",
    "defaultImage": "2351.jpg",
    "updatedTimestamp": "Jan 23, 2021 8:02:30 PM",
    "createdTimestamp": "Jan 23, 2021 8:02:30 PM",
    "isNewlyAdded": false,
    "isActive": true,
    "isDealsEnabled": false,
    "quantity": 0
  },
  {
    "id": 6086,
    "code": "Coca Cola Caffeine Free Diet Coke",
    "desc": "Coca Cola Caffeine Free Diet Coke",
    "shortDesc": "Coca Cola Caffeine Free Diet Coke",
    "tags": [
      "Soft Drinks"
    ],
    "categories": [
      {
        "code": "Beverages & Juices",
        "desc": "Beverages & Juices"
      }
    ],
    "subCategories": [
      {
        "code": "Soft Drinks & Seltzers",
        "desc": "Soft Drinks & Seltzers"
      }
    ],
    "brands": [
      {
        "code": "Coca-Cola",
        "desc": "Coca-Cola"
      }
    ],
    "price": {
      "basePrice": 5.63,
      "discountPrice": 5.63
    },
    "type": {
      "code": "Soft Drinks",
      "desc": "Soft Drinks"
    },
    "weight": "8 x 12 fl oz",
    "UpcCode": "",
    "tax": 0.0,
    "spiceLevel": "",
    "aiselNo": "17",
    "store": "Market Basket",
    "weightType": "8 x 12 fl oz",
    "imageName": "3951.jpg",
    "defaultImage": "3951.jpg",
    "updatedTimestamp": "Jan 23, 2021 8:02:30 PM",
    "createdTimestamp": "Jan 23, 2021 8:02:30 PM",
    "isNewlyAdded": false,
    "isActive": true,
    "isDealsEnabled": false,
    "quantity": 0
  },
  {
    "id": 12959,
    "code": "Cinco De Mayo Corn Tortillas",
    "desc": "Cinco De Mayo Corn Tortillas",
    "shortDesc": "Cinco De Mayo Corn Tortillas",
    "tags": [
      "Tortillas & Flat Bread"
    ],
    "categories": [
      {
        "code": "Breakfast & Dairy",
        "desc": "Breakfast & Dairy"
      }
    ],
    "subCategories": [
      {
        "code": "Breads & Rolls",
        "desc": "Breads & Rolls"
      }
    ],
    "brands": [
      {
        "code": "Cinco De Mayo",
        "desc": "Cinco De Mayo"
      }
    ],
    "price": {
      "basePrice": 1.49,
      "discountPrice": 1.49
    },
    "type": {
      "code": "Tortillas & Flat Bread",
      "desc": "Tortillas & Flat Bread"
    },
    "weight": "2 lb",
    "UpcCode": "",
    "tax": 0.0,
    "spiceLevel": "",
    "aiselNo": "18",
    "store": "Market Basket",
    "weightType": "2 lb",
    "imageName": "No Image.jpg",
    "defaultImage": "No Image.jpg",
    "updatedTimestamp": "Jan 23, 2021 8:02:30 PM",
    "createdTimestamp": "Jan 23, 2021 8:02:30 PM",
    "isNewlyAdded": false,
    "isActive": true,
    "isDealsEnabled": false,
    "quantity": 0
  },
  {
    "id": 6184,
    "code": "Schweppes Diet Ginger Ale Box of Cans",
    "desc": "Schweppes Diet Ginger Ale Box of Cans",
    "shortDesc": "Schweppes Diet Ginger Ale Box of Cans",
    "tags": [
      "Ginger Ale"
    ],
    "categories": [
      {
        "code": "Beverages & Juices",
        "desc": "Beverages & Juices"
      }
    ],
    "subCategories": [
      {
        "code": "Ginger Ale & Ginger Beer",
        "desc": "Ginger Ale & Ginger Beer"
      }
    ],
    "brands": [
      {
        "code": "Schweppes",
        "desc": "Schweppes"
      }
    ],
    "price": {
      "basePrice": 5.63,
      "discountPrice": 5.63
    },
    "type": {
      "code": "Ginger Ale",
      "desc": "Ginger Ale"
    },
    "weight": "12 x 12 fl oz",
    "UpcCode": "",
    "tax": 0.0,
    "spiceLevel": "",
    "aiselNo": "17",
    "store": "Market Basket",
    "weightType": "12 x 12 fl oz",
    "imageName": "3970.jpg",
    "defaultImage": "3970.jpg",
    "updatedTimestamp": "Jan 23, 2021 8:02:29 PM",
    "createdTimestamp": "Jan 23, 2021 8:02:29 PM",
    "isNewlyAdded": false,
    "isActive": true,
    "isDealsEnabled": false,
    "quantity": 0
  },
  {
    "id": 7734,
    "code": "Eden Lentils with Onions and Bay Leaves",
    "desc": "Eden Lentils with Onions and Bay Leaves",
    "shortDesc": "Eden Lentils with Onions and Bay Leaves",
    "tags": [
      "Canned Meals & Beans"
    ],
    "categories": [
      {
        "code": "Cooking Needs",
        "desc": "Cooking Needs"
      }
    ],
    "subCategories": [
      {
        "code": "Canned Food",
        "desc": "Canned Food"
      }
    ],
    "brands": [
      {
        "code": "Eden",
        "desc": "Eden"
      }
    ],
    "price": {
      "basePrice": 3.09,
      "discountPrice": 3.09
    },
    "type": {
      "code": "Canned Meals & Beans",
      "desc": "Canned Meals & Beans"
    },
    "weight": "15 oz",
    "UpcCode": "",
    "tax": 0.0,
    "spiceLevel": "",
    "aiselNo": "2",
    "store": "Market Basket",
    "weightType": "15 oz",
    "imageName": "17138.jpg",
    "defaultImage": "17138.jpg",
    "updatedTimestamp": "Jan 23, 2021 8:02:30 PM",
    "createdTimestamp": "Jan 23, 2021 8:02:30 PM",
    "isNewlyAdded": false,
    "isActive": true,
    "isDealsEnabled": false,
    "quantity": 0
  },
  {
    "id": 15292,
    "code": "Ensure Plus Milk Chocolate",
    "desc": "Ensure Plus Milk Chocolate",
    "shortDesc": "Ensure Plus Milk Chocolate",
    "tags": [
      "Protien Drinks"
    ],
    "categories": [
      {
        "code": "Personal Care",
        "desc": "Personal Care"
      }
    ],
    "subCategories": [
      {
        "code": "Vitamins & Proteins",
        "desc": "Vitamins & Proteins"
      }
    ],
    "brands": [
      {
        "code": "Ensure",
        "desc": "Ensure"
      }
    ],
    "price": {
      "basePrice": 14.02,
      "discountPrice": 14.02
    },
    "type": {
      "code": "Protien Drinks",
      "desc": "Protien Drinks"
    },
    "weight": "6 count",
    "UpcCode": "",
    "tax": 1.0,
    "spiceLevel": "",
    "aiselNo": "13",
    "store": "Market Basket",
    "weightType": "6 count",
    "imageName": "No Image.jpg",
    "defaultImage": "No Image.jpg",
    "updatedTimestamp": "Jan 23, 2021 8:02:30 PM",
    "createdTimestamp": "Jan 23, 2021 8:02:30 PM",
    "isNewlyAdded": false,
    "isActive": true,
    "isDealsEnabled": false,
    "quantity": 0
  },
  {
    "id": 3613,
    "code": "Chinese Eggplant pack (Approx 2 CT)",
    "desc": "Chinese Eggplant pack (Approx 2 CT)",
    "shortDesc": "Chinese Eggplant pack (Approx 2 CT)",
    "tags": [
      "Eggplant"
    ],
    "categories": [
      {
        "code": "Fresh Produce",
        "desc": "Fresh Produce"
      }
    ],
    "subCategories": [
      {
        "code": "Fresh Vegetables",
        "desc": "Fresh Vegetables"
      }
    ],
    "brands": [
      {
        "code": "Market Basket",
        "desc": "Market Basket"
      }
    ],
    "price": {
      "basePrice": 3.55,
      "discountPrice": 3.55
    },
    "type": {
      "code": "Eggplant",
      "desc": "Eggplant"
    },
    "weight": "1 pack",
    "UpcCode": "",
    "tax": 0.0,
    "spiceLevel": "",
    "aiselNo": "20",
    "store": "Market Basket",
    "weightType": "1 pack",
    "imageName": "FP70.jpg",
    "defaultImage": "FP70.jpg",
    "updatedTimestamp": "Jan 23, 2021 8:02:30 PM",
    "createdTimestamp": "Jan 23, 2021 8:02:30 PM",
    "isNewlyAdded": false,
    "isActive": true,
    "isDealsEnabled": false,
    "quantity": 0
  },
  {
    "id": 15062,
    "code": "Sure Anti-Perspirant & Deodorant, Original Solid, Regular Scent",
    "desc": "Sure Anti-Perspirant & Deodorant, Original Solid, Regular Scent",
    "shortDesc": "Sure Anti-Perspirant & Deodorant, Original Solid, Regular Scent",
    "tags": [
      "Deodorants"
    ],
    "categories": [
      {
        "code": "Personal Care",
        "desc": "Personal Care"
      }
    ],
    "subCategories": [
      {
        "code": "Personal Needs",
        "desc": "Personal Needs"
      }
    ],
    "brands": [
      {
        "code": "Sure",
        "desc": "Sure"
      }
    ],
    "price": {
      "basePrice": 2.86,
      "discountPrice": 2.86
    },
    "type": {
      "code": "Deodorants",
      "desc": "Deodorants"
    },
    "weight": "1.7 oz",
    "UpcCode": "",
    "tax": 1.0,
    "spiceLevel": "",
    "aiselNo": "13",
    "store": "Market Basket",
    "weightType": "1.7 oz",
    "imageName": "17702.jpg",
    "defaultImage": "17702.jpg",
    "updatedTimestamp": "Jan 23, 2021 8:02:30 PM",
    "createdTimestamp": "Jan 23, 2021 8:02:30 PM",
    "isNewlyAdded": false,
    "isActive": true,
    "isDealsEnabled": false,
    "quantity": 0
  },
  {
    "id": 14403,
    "code": "LavAzza Medium Roast Decaffeinated Ground Coffee Espresso",
    "desc": "LavAzza Medium Roast Decaffeinated Ground Coffee Espresso",
    "shortDesc": "LavAzza Medium Roast Decaffeinated Ground Coffee Espresso",
    "tags": [
      "Coffee"
    ],
    "categories": [
      {
        "code": "Breakfast & Dairy",
        "desc": "Breakfast & Dairy"
      }
    ],
    "subCategories": [
      {
        "code": "Tea & Coffee",
        "desc": "Tea & Coffee"
      }
    ],
    "brands": [
      {
        "code": "LavAzza",
        "desc": "LavAzza"
      }
    ],
    "price": {
      "basePrice": 8.59,
      "discountPrice": 8.59
    },
    "type": {
      "code": "Coffee",
      "desc": "Coffee"
    },
    "weight": "8 oz",
    "UpcCode": "",
    "tax": 0.0,
    "spiceLevel": "",
    "aiselNo": "8",
    "store": "Market Basket",
    "weightType": "8 oz",
    "imageName": "16304.jpg",
    "defaultImage": "16304.jpg",
    "updatedTimestamp": "Jan 23, 2021 8:02:30 PM",
    "createdTimestamp": "Jan 23, 2021 8:02:30 PM",
    "isNewlyAdded": false,
    "isActive": true,
    "isDealsEnabled": false,
    "quantity": 0
  },
  {
    "id": 7395,
    "code": "Bruce's Yams Cut Sweet Potatoes in Syrup",
    "desc": "Bruce's Yams Cut Sweet Potatoes in Syrup",
    "shortDesc": "Bruce's Yams Cut Sweet Potatoes in Syrup",
    "tags": [
      "Canned & Jarred Vegetables"
    ],
    "categories": [
      {
        "code": "Cooking Needs",
        "desc": "Cooking Needs"
      }
    ],
    "subCategories": [
      {
        "code": "Canned Food",
        "desc": "Canned Food"
      }
    ],
    "brands": [
      {
        "code": "Bruce's",
        "desc": "Bruce's"
      }
    ],
    "price": {
      "basePrice": 1.59,
      "discountPrice": 1.59
    },
    "type": {
      "code": "Canned & Jarred Vegetables",
      "desc": "Canned & Jarred Vegetables"
    },
    "weight": "15 oz",
    "UpcCode": "",
    "tax": 0.0,
    "spiceLevel": "",
    "aiselNo": "9",
    "store": "Market Basket",
    "weightType": "15 oz",
    "imageName": "17104.jpg",
    "defaultImage": "17104.jpg",
    "updatedTimestamp": "Jan 23, 2021 8:02:30 PM",
    "createdTimestamp": "Jan 23, 2021 8:02:30 PM",
    "isNewlyAdded": false,
    "isActive": true,
    "isDealsEnabled": false,
    "quantity": 0
  },
  {
    "id": 6233,
    "code": "Bubly Sparkling Water Cherry",
    "desc": "Bubly Sparkling Water Cherry",
    "shortDesc": "Bubly Sparkling Water Cherry",
    "tags": [
      "Sparkling Water"
    ],
    "categories": [
      {
        "code": "Beverages & Juices",
        "desc": "Beverages & Juices"
      }
    ],
    "subCategories": [
      {
        "code": "Water",
        "desc": "Water"
      }
    ],
    "brands": [
      {
        "code": "Bubly",
        "desc": "Bubly"
      }
    ],
    "price": {
      "basePrice": 4.18,
      "discountPrice": 4.18
    },
    "type": {
      "code": "Sparkling Water",
      "desc": "Sparkling Water"
    },
    "weight": "8 x 12 fl oz",
    "UpcCode": "",
    "tax": 0.0,
    "spiceLevel": "",
    "aiselNo": "11",
    "store": "Market Basket",
    "weightType": "8 x 12 fl oz",
    "imageName": "No Image.jpg",
    "defaultImage": "No Image.jpg",
    "updatedTimestamp": "Jan 23, 2021 8:02:30 PM",
    "createdTimestamp": "Jan 23, 2021 8:02:30 PM",
    "isNewlyAdded": false,
    "isActive": true,
    "isDealsEnabled": false,
    "quantity": 0
  },
  {
    "id": 14909,
    "code": "Tampax Cardboard Tampons Regular",
    "desc": "Tampax Cardboard Tampons Regular",
    "shortDesc": "Tampax Cardboard Tampons Regular",
    "tags": [
      "Tampon"
    ],
    "categories": [
      {
        "code": "Personal Care",
        "desc": "Personal Care"
      }
    ],
    "subCategories": [
      {
        "code": "Feminine Care",
        "desc": "Feminine Care"
      }
    ],
    "brands": [
      {
        "code": "Tampax",
        "desc": "Tampax"
      }
    ],
    "price": {
      "basePrice": 8.5,
      "discountPrice": 8.5
    },
    "type": {
      "code": "Tampon",
      "desc": "Tampon"
    },
    "weight": "40 count",
    "UpcCode": "",
    "tax": 1.0,
    "spiceLevel": "",
    "aiselNo": "13",
    "store": "Market Basket",
    "weightType": "40 count",
    "imageName": "6505.jpg",
    "defaultImage": "6505.jpg",
    "updatedTimestamp": "Jan 23, 2021 8:02:30 PM",
    "createdTimestamp": "Jan 23, 2021 8:02:30 PM",
    "isNewlyAdded": false,
    "isActive": true,
    "isDealsEnabled": false,
    "quantity": 0
  },
  {
    "id": 7221,
    "code": "Goya All Purpose Seasoning",
    "desc": "Goya All Purpose Seasoning",
    "shortDesc": "Goya All Purpose Seasoning",
    "tags": [
      "Spices & Seasonings"
    ],
    "categories": [
      {
        "code": "Cooking Needs",
        "desc": "Cooking Needs"
      }
    ],
    "subCategories": [
      {
        "code": "Spices & Seasonings",
        "desc": "Spices & Seasonings"
      }
    ],
    "brands": [
      {
        "code": "Goya",
        "desc": "Goya"
      }
    ],
    "price": {
      "basePrice": 3.09,
      "discountPrice": 3.09
    },
    "type": {
      "code": "Spices & Seasonings",
      "desc": "Spices & Seasonings"
    },
    "weight": "16.5 oz",
    "UpcCode": "",
    "tax": 0.0,
    "spiceLevel": "",
    "aiselNo": "9",
    "store": "Market Basket",
    "weightType": "16.5 oz",
    "imageName": "2246.jpg",
    "defaultImage": "2246.jpg",
    "updatedTimestamp": "Jan 23, 2021 8:02:30 PM",
    "createdTimestamp": "Jan 23, 2021 8:02:30 PM",
    "isNewlyAdded": false,
    "isActive": true,
    "isDealsEnabled": false,
    "quantity": 0
  },
  {
    "id": 7640,
    "code": "Fruit Naturals Bartlett in Extra Light Syrup Pear Chunks",
    "desc": "Fruit Naturals Bartlett in Extra Light Syrup Pear Chunks",
    "shortDesc": "Fruit Naturals Bartlett in Extra Light Syrup Pear Chunks",
    "tags": [
      "Canned Fruit & Applesauce"
    ],
    "categories": [
      {
        "code": "Cooking Needs",
        "desc": "Cooking Needs"
      }
    ],
    "subCategories": [
      {
        "code": "Canned Food",
        "desc": "Canned Food"
      }
    ],
    "brands": [
      {
        "code": "Fruit Naturals",
        "desc": "Fruit Naturals"
      }
    ],
    "price": {
      "basePrice": 1.59,
      "discountPrice": 1.59
    },
    "type": {
      "code": "Canned Fruit & Applesauce",
      "desc": "Canned Fruit & Applesauce"
    },
    "weight": "7 oz",
    "UpcCode": "",
    "tax": 0.0,
    "spiceLevel": "",
    "aiselNo": "3",
    "store": "Market Basket",
    "weightType": "7 oz",
    "imageName": "17074.jpg",
    "defaultImage": "17074.jpg",
    "updatedTimestamp": "Jan 23, 2021 8:02:30 PM",
    "createdTimestamp": "Jan 23, 2021 8:02:30 PM",
    "isNewlyAdded": false,
    "isActive": true,
    "isDealsEnabled": false,
    "quantity": 0
  },
  {
    "id": 534,
    "code": "all stainlifters free clear 4 in 1 mighty pacs Laundry Detergent",
    "desc": "all stainlifters free clear 4 in 1 mighty pacs Laundry Detergent",
    "shortDesc": "all stainlifters free clear 4 in 1 mighty pacs Laundry Detergent",
    "tags": [
      "Laundry Detergent"
    ],
    "categories": [
      {
        "code": "Laundry & Paper Goods",
        "desc": "Laundry & Paper Goods"
      }
    ],
    "subCategories": [
      {
        "code": "Laundry",
        "desc": "Laundry"
      }
    ],
    "brands": [
      {
        "code": "all",
        "desc": "all"
      }
    ],
    "price": {
      "basePrice": 10.61,
      "discountPrice": 10.61
    },
    "type": {
      "code": "Laundry Detergent",
      "desc": "Laundry Detergent"
    },
    "weight": "39 pacs",
    "UpcCode": "",
    "tax": 1.0,
    "spiceLevel": "",
    "aiselNo": "15",
    "store": "Market Basket",
    "weightType": "39 pacs",
    "imageName": "No Image.jpg",
    "defaultImage": "No Image.jpg",
    "updatedTimestamp": "Jan 23, 2021 8:02:30 PM",
    "createdTimestamp": "Jan 23, 2021 8:02:30 PM",
    "isNewlyAdded": false,
    "isActive": true,
    "isDealsEnabled": false,
    "quantity": 0
  },
  {
    "id": 15316,
    "code": "Citracal Calcium Supplement Coated Caplets Maximum Plus",
    "desc": "Citracal Calcium Supplement Coated Caplets Maximum Plus",
    "shortDesc": "Citracal Calcium Supplement Coated Caplets Maximum Plus",
    "tags": [
      "Vitamins & Supplements"
    ],
    "categories": [
      {
        "code": "Personal Care",
        "desc": "Personal Care"
      }
    ],
    "subCategories": [
      {
        "code": "Vitamins & Proteins",
        "desc": "Vitamins & Proteins"
      }
    ],
    "brands": [
      {
        "code": "Citracal",
        "desc": "Citracal"
      }
    ],
    "price": {
      "basePrice": 18.27,
      "discountPrice": 18.27
    },
    "type": {
      "code": "Vitamins & Supplements",
      "desc": "Vitamins & Supplements"
    },
    "weight": "120 count",
    "UpcCode": "",
    "tax": 1.0,
    "spiceLevel": "",
    "aiselNo": "13",
    "store": "Market Basket",
    "weightType": "120 count",
    "imageName": "6714.jpg",
    "defaultImage": "6714.jpg",
    "updatedTimestamp": "Jan 23, 2021 8:02:30 PM",
    "createdTimestamp": "Jan 23, 2021 8:02:30 PM",
    "isNewlyAdded": false,
    "isActive": true,
    "isDealsEnabled": false,
    "quantity": 0
  },
  {
    "id": 4990,
    "code": "Utz No Salt Added Original Potato Chips Family Size",
    "desc": "Utz No Salt Added Original Potato Chips Family Size",
    "shortDesc": "Utz No Salt Added Original Potato Chips Family Size",
    "tags": [
      "Chips & Pretzels"
    ],
    "categories": [
      {
        "code": "Chips, Cookies & Snacks",
        "desc": "Chips, Cookies & Snacks"
      }
    ],
    "subCategories": [
      {
        "code": "Chips & Fruit Snacks",
        "desc": "Chips & Fruit Snacks"
      }
    ],
    "brands": [
      {
        "code": "Utz",
        "desc": "Utz"
      }
    ],
    "price": {
      "basePrice": 4.69,
      "discountPrice": 4.69
    },
    "type": {
      "code": "Chips & Pretzels",
      "desc": "Chips & Pretzels"
    },
    "weight": "9 oz",
    "UpcCode": "",
    "tax": 0.0,
    "spiceLevel": "",
    "aiselNo": "0",
    "store": "Market Basket",
    "weightType": "9 oz",
    "imageName": "854.jpg",
    "defaultImage": "854.jpg",
    "updatedTimestamp": "Jan 23, 2021 8:02:30 PM",
    "createdTimestamp": "Jan 23, 2021 8:02:30 PM",
    "isNewlyAdded": false,
    "isActive": true,
    "isDealsEnabled": false,
    "quantity": 0
  },
  {
    "id": 479,
    "code": "Purex Concentrated Detergent After the Rain 57 loads",
    "desc": "Purex Concentrated Detergent After the Rain 57 loads",
    "shortDesc": "Purex Concentrated Detergent After the Rain 57 loads",
    "tags": [
      "Laundry Detergent"
    ],
    "categories": [
      {
        "code": "Laundry & Paper Goods",
        "desc": "Laundry & Paper Goods"
      }
    ],
    "subCategories": [
      {
        "code": "Laundry",
        "desc": "Laundry"
      }
    ],
    "brands": [
      {
        "code": "Purex Liquid Detergents",
        "desc": "Purex Liquid Detergents"
      }
    ],
    "price": {
      "basePrice": 3.74,
      "discountPrice": 3.74
    },
    "type": {
      "code": "Laundry Detergent",
      "desc": "Laundry Detergent"
    },
    "weight": "75 fl oz",
    "UpcCode": "",
    "tax": 1.0,
    "spiceLevel": "",
    "aiselNo": "15",
    "store": "Market Basket",
    "weightType": "75 fl oz",
    "imageName": "No Image.jpg",
    "defaultImage": "No Image.jpg",
    "updatedTimestamp": "Jan 23, 2021 8:02:30 PM",
    "createdTimestamp": "Jan 23, 2021 8:02:30 PM",
    "isNewlyAdded": false,
    "isActive": true,
    "isDealsEnabled": false,
    "quantity": 0
  },
  {
    "id": 5349,
    "code": "belVita Toasted Coconut Breakfast Biscuits",
    "desc": "belVita Toasted Coconut Breakfast Biscuits",
    "shortDesc": "belVita Toasted Coconut Breakfast Biscuits",
    "tags": [
      "Cookies & Cakes"
    ],
    "categories": [
      {
        "code": "Chips, Cookies & Snacks",
        "desc": "Chips, Cookies & Snacks"
      }
    ],
    "subCategories": [
      {
        "code": "Cookies & Crackers",
        "desc": "Cookies & Crackers"
      }
    ],
    "brands": [
      {
        "code": "belVita",
        "desc": "belVita"
      }
    ],
    "price": {
      "basePrice": 4.69,
      "discountPrice": 4.69
    },
    "type": {
      "code": "Cookies & Cakes",
      "desc": "Cookies & Cakes"
    },
    "weight": "8.8 oz",
    "UpcCode": "",
    "tax": 0.0,
    "spiceLevel": "",
    "aiselNo": "6",
    "store": "Market Basket",
    "weightType": "8.8 oz",
    "imageName": "No Image.jpg",
    "defaultImage": "No Image.jpg",
    "updatedTimestamp": "Jan 23, 2021 8:02:30 PM",
    "createdTimestamp": "Jan 23, 2021 8:02:30 PM",
    "isNewlyAdded": false,
    "isActive": true,
    "isDealsEnabled": false,
    "quantity": 0
  },
  {
    "id": 8587,
    "code": "Ba Tampte Pickled Tomatoes",
    "desc": "Ba Tampte Pickled Tomatoes",
    "shortDesc": "Ba Tampte Pickled Tomatoes",
    "tags": [
      "Pickled Goods & Olives"
    ],
    "categories": [
      {
        "code": "Condiments & Dressings",
        "desc": "Condiments & Dressings"
      }
    ],
    "subCategories": [
      {
        "code": "Pickled Goods & Olives",
        "desc": "Pickled Goods & Olives"
      }
    ],
    "brands": [
      {
        "code": "Ba-Tampte",
        "desc": "Ba-Tampte"
      }
    ],
    "price": {
      "basePrice": 3.69,
      "discountPrice": 3.69
    },
    "type": {
      "code": "Pickled Goods & Olives",
      "desc": "Pickled Goods & Olives"
    },
    "weight": "32 fl oz",
    "UpcCode": "",
    "tax": 0.0,
    "spiceLevel": "",
    "aiselNo": "2",
    "store": "Market Basket",
    "weightType": "32 fl oz",
    "imageName": "15547.jpg",
    "defaultImage": "15547.jpg",
    "updatedTimestamp": "Jan 23, 2021 8:02:30 PM",
    "createdTimestamp": "Jan 23, 2021 8:02:30 PM",
    "isNewlyAdded": false,
    "isActive": true,
    "isDealsEnabled": false,
    "quantity": 0
  },
  {
    "id": 9048,
    "code": "Smucker's Preserves Strawberry",
    "desc": "Smucker's Preserves Strawberry",
    "shortDesc": "Smucker's Preserves Strawberry",
    "tags": [
      "Spreads"
    ],
    "categories": [
      {
        "code": "Condiments & Dressings",
        "desc": "Condiments & Dressings"
      }
    ],
    "subCategories": [
      {
        "code": "Preserved Dips & Spreads",
        "desc": "Preserved Dips & Spreads"
      }
    ],
    "brands": [
      {
        "code": "Smucker's",
        "desc": "Smucker's"
      }
    ],
    "price": {
      "basePrice": 2.49,
      "discountPrice": 2.49
    },
    "type": {
      "code": "Spreads",
      "desc": "Spreads"
    },
    "weight": "12 oz",
    "UpcCode": "",
    "tax": 0.0,
    "spiceLevel": "",
    "aiselNo": "3",
    "store": "Market Basket",
    "weightType": "12 oz",
    "imageName": "1613.jpg",
    "defaultImage": "1613.jpg",
    "updatedTimestamp": "Jan 23, 2021 8:02:30 PM",
    "createdTimestamp": "Jan 23, 2021 8:02:30 PM",
    "isNewlyAdded": false,
    "isActive": true,
    "isDealsEnabled": false,
    "quantity": 0
  },
  {
    "id": 9223,
    "code": "Athens Fillo Strudel",
    "desc": "Athens Fillo Strudel",
    "shortDesc": "Athens Fillo Strudel",
    "tags": [
      "Frozen Breads & Doughs"
    ],
    "categories": [
      {
        "code": "Frozen Food",
        "desc": "Frozen Food"
      }
    ],
    "subCategories": [
      {
        "code": "Frozen Breakfast",
        "desc": "Frozen Breakfast"
      }
    ],
    "brands": [
      {
        "code": "Athens",
        "desc": "Athens"
      }
    ],
    "price": {
      "basePrice": 3.29,
      "discountPrice": 3.29
    },
    "type": {
      "code": "Frozen Breads & Doughs",
      "desc": "Frozen Breads & Doughs"
    },
    "weight": "16 oz",
    "UpcCode": "",
    "tax": 0.0,
    "spiceLevel": "",
    "aiselNo": "19",
    "store": "Market Basket",
    "weightType": "16 oz",
    "imageName": "Market Basket.jpg",
    "defaultImage": "Market Basket.jpg",
    "updatedTimestamp": "Jan 23, 2021 8:02:30 PM",
    "createdTimestamp": "Jan 23, 2021 8:02:30 PM",
    "isNewlyAdded": false,
    "isActive": true,
    "isDealsEnabled": false,
    "quantity": 0
  },
  {
    "id": 4996,
    "code": "Utz Ripples Original Potato Chips",
    "desc": "Utz Ripples Original Potato Chips",
    "shortDesc": "Utz Ripples Original Potato Chips",
    "tags": [
      "Chips & Pretzels"
    ],
    "categories": [
      {
        "code": "Chips, Cookies & Snacks",
        "desc": "Chips, Cookies & Snacks"
      }
    ],
    "subCategories": [
      {
        "code": "Chips & Fruit Snacks",
        "desc": "Chips & Fruit Snacks"
      }
    ],
    "brands": [
      {
        "code": "Utz",
        "desc": "Utz"
      }
    ],
    "price": {
      "basePrice": 4.69,
      "discountPrice": 4.69
    },
    "type": {
      "code": "Chips & Pretzels",
      "desc": "Chips & Pretzels"
    },
    "weight": "9.5 oz",
    "UpcCode": "",
    "tax": 0.0,
    "spiceLevel": "",
    "aiselNo": "0",
    "store": "Market Basket",
    "weightType": "9.5 oz",
    "imageName": "837.jpg",
    "defaultImage": "837.jpg",
    "updatedTimestamp": "Jan 23, 2021 8:02:30 PM",
    "createdTimestamp": "Jan 23, 2021 8:02:30 PM",
    "isNewlyAdded": false,
    "isActive": true,
    "isDealsEnabled": false,
    "quantity": 0
  },
  {
    "id": 13903,
    "code": "Rolling Hills Farm Vanilla Organic Soymilk",
    "desc": "Rolling Hills Farm Vanilla Organic Soymilk",
    "shortDesc": "Rolling Hills Farm Vanilla Organic Soymilk",
    "tags": [
      "Soy & Lactose-Free"
    ],
    "categories": [
      {
        "code": "Breakfast & Dairy",
        "desc": "Breakfast & Dairy"
      }
    ],
    "subCategories": [
      {
        "code": "Dairy & Eggs",
        "desc": "Dairy & Eggs"
      }
    ],
    "brands": [
      {
        "code": "Rolling Hills Farm",
        "desc": "Rolling Hills Farm"
      }
    ],
    "price": {
      "basePrice": 3.09,
      "discountPrice": 3.09
    },
    "type": {
      "code": "Soy & Lactose-Free",
      "desc": "Soy & Lactose-Free"
    },
    "weight": "0.5 gal",
    "UpcCode": "",
    "tax": 0.0,
    "spiceLevel": "",
    "aiselNo": "1",
    "store": "Market Basket",
    "weightType": "0.5 gal",
    "imageName": "14804.jpg",
    "defaultImage": "14804.jpg",
    "updatedTimestamp": "Jan 23, 2021 8:02:30 PM",
    "createdTimestamp": "Jan 23, 2021 8:02:30 PM",
    "isNewlyAdded": false,
    "isActive": true,
    "isDealsEnabled": false,
    "quantity": 0
  },
  {
    "id": 5388,
    "code": "Kame Rice Crackers Cheese",
    "desc": "Kame Rice Crackers Cheese",
    "shortDesc": "Kame Rice Crackers Cheese",
    "tags": [
      "Crackers"
    ],
    "categories": [
      {
        "code": "Chips, Cookies & Snacks",
        "desc": "Chips, Cookies & Snacks"
      }
    ],
    "subCategories": [
      {
        "code": "Cookies & Crackers",
        "desc": "Cookies & Crackers"
      }
    ],
    "brands": [
      {
        "code": "Kame",
        "desc": "Kame"
      }
    ],
    "price": {
      "basePrice": 4.67,
      "discountPrice": 4.67
    },
    "type": {
      "code": "Crackers",
      "desc": "Crackers"
    },
    "weight": "3.5 oz",
    "UpcCode": "",
    "tax": 0.0,
    "spiceLevel": "",
    "aiselNo": "6",
    "store": "Market Basket",
    "weightType": "3.5 oz",
    "imageName": "No Image.jpg",
    "defaultImage": "No Image.jpg",
    "updatedTimestamp": "Jan 23, 2021 8:02:30 PM",
    "createdTimestamp": "Jan 23, 2021 8:02:30 PM",
    "isNewlyAdded": false,
    "isActive": true,
    "isDealsEnabled": false,
    "quantity": 0
  },
  {
    "id": 14459,
    "code": "Peet's Coffee French Roast Dark Roast Ground Coffee",
    "desc": "Peet's Coffee French Roast Dark Roast Ground Coffee",
    "shortDesc": "Peet's Coffee French Roast Dark Roast Ground Coffee",
    "tags": [
      "Coffee"
    ],
    "categories": [
      {
        "code": "Breakfast & Dairy",
        "desc": "Breakfast & Dairy"
      }
    ],
    "subCategories": [
      {
        "code": "Tea & Coffee",
        "desc": "Tea & Coffee"
      }
    ],
    "brands": [
      {
        "code": "Peet's Coffee",
        "desc": "Peet's Coffee"
      }
    ],
    "price": {
      "basePrice": 15.89,
      "discountPrice": 15.89
    },
    "type": {
      "code": "Coffee",
      "desc": "Coffee"
    },
    "weight": "20 oz",
    "UpcCode": "",
    "tax": 0.0,
    "spiceLevel": "",
    "aiselNo": "8",
    "store": "Market Basket",
    "weightType": "20 oz",
    "imageName": "3323.jpg",
    "defaultImage": "3323.jpg",
    "updatedTimestamp": "Jan 23, 2021 8:02:30 PM",
    "createdTimestamp": "Jan 23, 2021 8:02:30 PM",
    "isNewlyAdded": false,
    "isActive": true,
    "isDealsEnabled": false,
    "quantity": 0
  },
  {
    "id": 8557,
    "code": "Newman's Own Dressing Oil & Vinegar",
    "desc": "Newman's Own Dressing Oil & Vinegar",
    "shortDesc": "Newman's Own Dressing Oil & Vinegar",
    "tags": [
      "Oils & Vinegars"
    ],
    "categories": [
      {
        "code": "Cooking Needs",
        "desc": "Cooking Needs"
      }
    ],
    "subCategories": [
      {
        "code": "Oils & Vinegars",
        "desc": "Oils & Vinegars"
      }
    ],
    "brands": [
      {
        "code": "Newman's Own",
        "desc": "Newman's Own"
      }
    ],
    "price": {
      "basePrice": 3.09,
      "discountPrice": 3.09
    },
    "type": {
      "code": "Oils & Vinegars",
      "desc": "Oils & Vinegars"
    },
    "weight": "12 fl oz",
    "UpcCode": "",
    "tax": 0.0,
    "spiceLevel": "",
    "aiselNo": "2",
    "store": "Market Basket",
    "weightType": "12 fl oz",
    "imageName": "15484.jpg",
    "defaultImage": "15484.jpg",
    "updatedTimestamp": "Jan 23, 2021 8:02:30 PM",
    "createdTimestamp": "Jan 23, 2021 8:02:30 PM",
    "isNewlyAdded": false,
    "isActive": true,
    "isDealsEnabled": false,
    "quantity": 0
  },
  {
    "id": 14745,
    "code": "Herbal Essences Body Envy Volumizing Mousse with Citrus Essences",
    "desc": "Herbal Essences Body Envy Volumizing Mousse with Citrus Essences",
    "shortDesc": "Herbal Essences Body Envy Volumizing Mousse with Citrus Essences",
    "tags": [
      "Hair Care"
    ],
    "categories": [
      {
        "code": "Personal Care",
        "desc": "Personal Care"
      }
    ],
    "subCategories": [
      {
        "code": "Body Wash, Soap & Hair Care",
        "desc": "Body Wash, Soap & Hair Care"
      }
    ],
    "brands": [
      {
        "code": "Herbal Essences",
        "desc": "Herbal Essences"
      }
    ],
    "price": {
      "basePrice": 5.39,
      "discountPrice": 5.39
    },
    "type": {
      "code": "Hair Care",
      "desc": "Hair Care"
    },
    "weight": "6.8 oz",
    "UpcCode": "",
    "tax": 1.0,
    "spiceLevel": "",
    "aiselNo": "13",
    "store": "Market Basket",
    "weightType": "6.8 oz",
    "imageName": "6592.jpg",
    "defaultImage": "6592.jpg",
    "updatedTimestamp": "Jan 23, 2021 8:02:30 PM",
    "createdTimestamp": "Jan 23, 2021 8:02:30 PM",
    "isNewlyAdded": false,
    "isActive": true,
    "isDealsEnabled": false,
    "quantity": 0
  },
  {
    "id": 15173,
    "code": "Colgate Total Advanced Deep Clean Anticavity Fluoride and Antigingivitis Toothpaste",
    "desc": "Colgate Total Advanced Deep Clean Anticavity Fluoride and Antigingivitis Toothpaste",
    "shortDesc": "Colgate Total Advanced Deep Clean Anticavity Fluoride and Antigingivitis Toothpaste",
    "tags": [
      "Oral Hygiene"
    ],
    "categories": [
      {
        "code": "Personal Care",
        "desc": "Personal Care"
      }
    ],
    "subCategories": [
      {
        "code": "Personal Needs",
        "desc": "Personal Needs"
      }
    ],
    "brands": [
      {
        "code": "Colgate",
        "desc": "Colgate"
      }
    ],
    "price": {
      "basePrice": 4.93,
      "discountPrice": 4.93
    },
    "type": {
      "code": "Oral Hygiene",
      "desc": "Oral Hygiene"
    },
    "weight": "5.8 oz",
    "UpcCode": "",
    "tax": 1.0,
    "spiceLevel": "",
    "aiselNo": "13",
    "store": "Market Basket",
    "weightType": "5.8 oz",
    "imageName": "6399.jpg",
    "defaultImage": "6399.jpg",
    "updatedTimestamp": "Jan 23, 2021 8:02:30 PM",
    "createdTimestamp": "Jan 23, 2021 8:02:30 PM",
    "isNewlyAdded": false,
    "isActive": true,
    "isDealsEnabled": false,
    "quantity": 0
  },
  {
    "id": 6440,
    "code": "Market Basket Ginger Ale",
    "desc": "Market Basket Ginger Ale",
    "shortDesc": "Market Basket Ginger Ale",
    "tags": [
      "Ginger Ale"
    ],
    "categories": [
      {
        "code": "Beverages & Juices",
        "desc": "Beverages & Juices"
      }
    ],
    "subCategories": [
      {
        "code": "Ginger Ale & Ginger Beer",
        "desc": "Ginger Ale & Ginger Beer"
      }
    ],
    "brands": [
      {
        "code": "Market Basket",
        "desc": "Market Basket"
      }
    ],
    "price": {
      "basePrice": 2.24,
      "discountPrice": 2.24
    },
    "type": {
      "code": "Ginger Ale",
      "desc": "Ginger Ale"
    },
    "weight": "6 x 8 fl oz",
    "UpcCode": "",
    "tax": 0.0,
    "spiceLevel": "",
    "aiselNo": "17",
    "store": "Market Basket",
    "weightType": "6 x 8 fl oz",
    "imageName": "Market Basket.jpg",
    "defaultImage": "Market Basket.jpg",
    "updatedTimestamp": "Jan 23, 2021 8:02:29 PM",
    "createdTimestamp": "Jan 23, 2021 8:02:29 PM",
    "isNewlyAdded": false,
    "isActive": true,
    "isDealsEnabled": false,
    "quantity": 0
  },
  {
    "id": 6566,
    "code": "Bolthouse Farms Tropical +Carrot",
    "desc": "Bolthouse Farms Tropical +Carrot",
    "shortDesc": "Bolthouse Farms Tropical +Carrot",
    "tags": [
      "Refrigerated Drinks"
    ],
    "categories": [
      {
        "code": "Beverages & Juices",
        "desc": "Beverages & Juices"
      }
    ],
    "subCategories": [
      {
        "code": "Juices & Refrigerated Drinks",
        "desc": "Juices & Refrigerated Drinks"
      }
    ],
    "brands": [
      {
        "code": "Bolthouse Farms",
        "desc": "Bolthouse Farms"
      }
    ],
    "price": {
      "basePrice": 4.59,
      "discountPrice": 4.59
    },
    "type": {
      "code": "Refrigerated Drinks",
      "desc": "Refrigerated Drinks"
    },
    "weight": "32 fl oz",
    "UpcCode": "",
    "tax": 0.0,
    "spiceLevel": "",
    "aiselNo": "20",
    "store": "Market Basket",
    "weightType": "32 fl oz",
    "imageName": "16546.jpg",
    "defaultImage": "16546.jpg",
    "updatedTimestamp": "Jan 23, 2021 8:02:30 PM",
    "createdTimestamp": "Jan 23, 2021 8:02:30 PM",
    "isNewlyAdded": false,
    "isActive": true,
    "isDealsEnabled": false,
    "quantity": 0
  },
  {
    "id": 15349,
    "code": "One A Day Energy Multivitamin/Multimineral Supplement",
    "desc": "One A Day Energy Multivitamin/Multimineral Supplement",
    "shortDesc": "One A Day Energy Multivitamin/Multimineral Supplement",
    "tags": [
      "Vitamins & Supplements"
    ],
    "categories": [
      {
        "code": "Personal Care",
        "desc": "Personal Care"
      }
    ],
    "subCategories": [
      {
        "code": "Vitamins & Proteins",
        "desc": "Vitamins & Proteins"
      }
    ],
    "brands": [
      {
        "code": "One A Day",
        "desc": "One A Day"
      }
    ],
    "price": {
      "basePrice": 14.02,
      "discountPrice": 14.02
    },
    "type": {
      "code": "Vitamins & Supplements",
      "desc": "Vitamins & Supplements"
    },
    "weight": "50 count",
    "UpcCode": "",
    "tax": 1.0,
    "spiceLevel": "",
    "aiselNo": "13",
    "store": "Market Basket",
    "weightType": "50 count",
    "imageName": "6703.jpg",
    "defaultImage": "6703.jpg",
    "updatedTimestamp": "Jan 23, 2021 8:02:30 PM",
    "createdTimestamp": "Jan 23, 2021 8:02:30 PM",
    "isNewlyAdded": false,
    "isActive": true,
    "isDealsEnabled": false,
    "quantity": 0
  },
  {
    "id": 5963,
    "code": "Lipton Iced Tea Mix Lemon",
    "desc": "Lipton Iced Tea Mix Lemon",
    "shortDesc": "Lipton Iced Tea Mix Lemon",
    "tags": [
      "Cocoa & Drink Mixes"
    ],
    "categories": [
      {
        "code": "Beverages & Juices",
        "desc": "Beverages & Juices"
      }
    ],
    "subCategories": [
      {
        "code": "Cocoa & Drink Mixes",
        "desc": "Cocoa & Drink Mixes"
      }
    ],
    "brands": [
      {
        "code": "Lipton",
        "desc": "Lipton"
      }
    ],
    "price": {
      "basePrice": 6.24,
      "discountPrice": 6.24
    },
    "type": {
      "code": "Cocoa & Drink Mixes",
      "desc": "Cocoa & Drink Mixes"
    },
    "weight": "4 lb",
    "UpcCode": "",
    "tax": 0.0,
    "spiceLevel": "",
    "aiselNo": "17",
    "store": "Market Basket",
    "weightType": "4 lb",
    "imageName": "4031.jpg",
    "defaultImage": "4031.jpg",
    "updatedTimestamp": "Jan 23, 2021 8:02:29 PM",
    "createdTimestamp": "Jan 23, 2021 8:02:29 PM",
    "isNewlyAdded": false,
    "isActive": true,
    "isDealsEnabled": false,
    "quantity": 0
  },
  {
    "id": 4666,
    "code": "Goya Squid Pieces in their Own Ink",
    "desc": "Goya Squid Pieces in their Own Ink",
    "shortDesc": "Goya Squid Pieces in their Own Ink",
    "tags": [
      "Canned Squid"
    ],
    "categories": [
      {
        "code": "Meat & Seafood",
        "desc": "Meat & Seafood"
      }
    ],
    "subCategories": [
      {
        "code": "Canned Meat & Seafood",
        "desc": "Canned Meat & Seafood"
      }
    ],
    "brands": [
      {
        "code": "Goya",
        "desc": "Goya"
      }
    ],
    "price": {
      "basePrice": 2.19,
      "discountPrice": 2.19
    },
    "type": {
      "code": "Canned Squid",
      "desc": "Canned Squid"
    },
    "weight": "4 oz",
    "UpcCode": "",
    "tax": 0.0,
    "spiceLevel": "",
    "aiselNo": "2",
    "store": "Market Basket",
    "weightType": "4 oz",
    "imageName": "18090.jpg",
    "defaultImage": "18090.jpg",
    "updatedTimestamp": "Jan 23, 2021 8:02:30 PM",
    "createdTimestamp": "Jan 23, 2021 8:02:30 PM",
    "isNewlyAdded": false,
    "isActive": true,
    "isDealsEnabled": false,
    "quantity": 0
  },
  {
    "id": 15357,
    "code": "Sundown Naturals Folic Acid 800mcg Vitamin Supplement Tablets - 100 CT",
    "desc": "Sundown Naturals Folic Acid 800mcg Vitamin Supplement Tablets - 100 CT",
    "shortDesc": "Sundown Naturals Folic Acid 800mcg Vitamin Supplement Tablets - 100 CT",
    "tags": [
      "Vitamins & Supplements"
    ],
    "categories": [
      {
        "code": "Personal Care",
        "desc": "Personal Care"
      }
    ],
    "subCategories": [
      {
        "code": "Vitamins & Proteins",
        "desc": "Vitamins & Proteins"
      }
    ],
    "brands": [
      {
        "code": "Sundown Naturals",
        "desc": "Sundown Naturals"
      }
    ],
    "price": {
      "basePrice": 3.55,
      "discountPrice": 3.55
    },
    "type": {
      "code": "Vitamins & Supplements",
      "desc": "Vitamins & Supplements"
    },
    "weight": "100 count",
    "UpcCode": "",
    "tax": 1.0,
    "spiceLevel": "",
    "aiselNo": "13",
    "store": "Market Basket",
    "weightType": "100 count",
    "imageName": "6696.jpg",
    "defaultImage": "6696.jpg",
    "updatedTimestamp": "Jan 23, 2021 8:02:30 PM",
    "createdTimestamp": "Jan 23, 2021 8:02:30 PM",
    "isNewlyAdded": false,
    "isActive": true,
    "isDealsEnabled": false,
    "quantity": 0
  },
  {
    "id": 14363,
    "code": "Eight O'Clock Coffee Eight O'Clock The Original Whole Bean Coffee Medium Roast",
    "desc": "Eight O'Clock Coffee Eight O'Clock The Original Whole Bean Coffee Medium Roast",
    "shortDesc": "Eight O'Clock Coffee Eight O'Clock The Original Whole Bean Coffee Medium Roast",
    "tags": [
      "Coffee"
    ],
    "categories": [
      {
        "code": "Breakfast & Dairy",
        "desc": "Breakfast & Dairy"
      }
    ],
    "subCategories": [
      {
        "code": "Tea & Coffee",
        "desc": "Tea & Coffee"
      }
    ],
    "brands": [
      {
        "code": "Eight O'Clock",
        "desc": "Eight O'Clock"
      }
    ],
    "price": {
      "basePrice": 15.79,
      "discountPrice": 15.79
    },
    "type": {
      "code": "Coffee",
      "desc": "Coffee"
    },
    "weight": "24 oz",
    "UpcCode": "",
    "tax": 0.0,
    "spiceLevel": "",
    "aiselNo": "8",
    "store": "Market Basket",
    "weightType": "24 oz",
    "imageName": "16273.jpg",
    "defaultImage": "16273.jpg",
    "updatedTimestamp": "Jan 23, 2021 8:02:30 PM",
    "createdTimestamp": "Jan 23, 2021 8:02:30 PM",
    "isNewlyAdded": false,
    "isActive": true,
    "isDealsEnabled": false,
    "quantity": 0
  },
  {
    "id": 14852,
    "code": "Jergens Mild Soap",
    "desc": "Jergens Mild Soap",
    "shortDesc": "Jergens Mild Soap",
    "tags": [
      "Soap"
    ],
    "categories": [
      {
        "code": "Personal Care",
        "desc": "Personal Care"
      }
    ],
    "subCategories": [
      {
        "code": "Body Wash, Soap & Hair Care",
        "desc": "Body Wash, Soap & Hair Care"
      }
    ],
    "brands": [
      {
        "code": "Jergens",
        "desc": "Jergens"
      }
    ],
    "price": {
      "basePrice": 2.17,
      "discountPrice": 2.17
    },
    "type": {
      "code": "Soap",
      "desc": "Soap"
    },
    "weight": "4 x 3.5 oz",
    "UpcCode": "",
    "tax": 1.0,
    "spiceLevel": "",
    "aiselNo": "13",
    "store": "Market Basket",
    "weightType": "4 x 3.5 oz",
    "imageName": "17727.jpg",
    "defaultImage": "17727.jpg",
    "updatedTimestamp": "Jan 23, 2021 8:02:30 PM",
    "createdTimestamp": "Jan 23, 2021 8:02:30 PM",
    "isNewlyAdded": false,
    "isActive": true,
    "isDealsEnabled": false,
    "quantity": 0
  },
  {
    "id": 12686,
    "code": "Food for Life Ezekiel 4:9 100% Sprouted Whole Grain Bread Cinnamon Raisin",
    "desc": "Food for Life Ezekiel 4:9 100% Sprouted Whole Grain Bread Cinnamon Raisin",
    "shortDesc": "Food for Life Ezekiel 4:9 100% Sprouted Whole Grain Bread Cinnamon Raisin",
    "tags": [
      "Bread"
    ],
    "categories": [
      {
        "code": "Breakfast & Dairy",
        "desc": "Breakfast & Dairy"
      }
    ],
    "subCategories": [
      {
        "code": "Breads & Rolls",
        "desc": "Breads & Rolls"
      }
    ],
    "brands": [
      {
        "code": "Food For Life",
        "desc": "Food For Life"
      }
    ],
    "price": {
      "basePrice": 6.99,
      "discountPrice": 6.99
    },
    "type": {
      "code": "Bread",
      "desc": "Bread"
    },
    "weight": "24 oz",
    "UpcCode": "",
    "tax": 0.0,
    "spiceLevel": "",
    "aiselNo": "18",
    "store": "Market Basket",
    "weightType": "24 oz",
    "imageName": "4773.jpg",
    "defaultImage": "4773.jpg",
    "updatedTimestamp": "Jan 23, 2021 8:02:30 PM",
    "createdTimestamp": "Jan 23, 2021 8:02:30 PM",
    "isNewlyAdded": false,
    "isActive": true,
    "isDealsEnabled": false,
    "quantity": 0
  },
  {
    "id": 7788,
    "code": "Market Basket Fancy Cut Green Beans",
    "desc": "Market Basket Fancy Cut Green Beans",
    "shortDesc": "Market Basket Fancy Cut Green Beans",
    "tags": [
      "Canned Meals & Beans"
    ],
    "categories": [
      {
        "code": "Cooking Needs",
        "desc": "Cooking Needs"
      }
    ],
    "subCategories": [
      {
        "code": "Canned Food",
        "desc": "Canned Food"
      }
    ],
    "brands": [
      {
        "code": "Market Basket",
        "desc": "Market Basket"
      }
    ],
    "price": {
      "basePrice": 0.79,
      "discountPrice": 0.79
    },
    "type": {
      "code": "Canned Meals & Beans",
      "desc": "Canned Meals & Beans"
    },
    "weight": "14.5 oz",
    "UpcCode": "",
    "tax": 0.0,
    "spiceLevel": "",
    "aiselNo": "2",
    "store": "Market Basket",
    "weightType": "14.5 oz",
    "imageName": "Market Basket.jpg",
    "defaultImage": "Market Basket.jpg",
    "updatedTimestamp": "Jan 23, 2021 8:02:30 PM",
    "createdTimestamp": "Jan 23, 2021 8:02:30 PM",
    "isNewlyAdded": false,
    "isActive": true,
    "isDealsEnabled": false,
    "quantity": 0
  },
  {
    "id": 105,
    "code": "Comet Soft Cleanser with Bleach",
    "desc": "Comet Soft Cleanser with Bleach",
    "shortDesc": "Comet Soft Cleanser with Bleach",
    "tags": [
      "Bleach"
    ],
    "categories": [
      {
        "code": "Kitchen & Cleaning",
        "desc": "Kitchen & Cleaning"
      }
    ],
    "subCategories": [
      {
        "code": "Cleaning Products",
        "desc": "Cleaning Products"
      }
    ],
    "brands": [
      {
        "code": "Comet",
        "desc": "Comet"
      }
    ],
    "price": {
      "basePrice": 2.69,
      "discountPrice": 2.69
    },
    "type": {
      "code": "Bleach",
      "desc": "Bleach"
    },
    "weight": "24 oz",
    "UpcCode": "",
    "tax": 1.0,
    "spiceLevel": "",
    "aiselNo": "15",
    "store": "Market Basket",
    "weightType": "24 oz",
    "imageName": "16772.jpg",
    "defaultImage": "16772.jpg",
    "updatedTimestamp": "Jan 23, 2021 8:02:30 PM",
    "createdTimestamp": "Jan 23, 2021 8:02:30 PM",
    "isNewlyAdded": false,
    "isActive": true,
    "isDealsEnabled": false,
    "quantity": 0
  },
  {
    "id": 7608,
    "code": "Wei Chuan Sliced Bamboo Shoots",
    "desc": "Wei Chuan Sliced Bamboo Shoots",
    "shortDesc": "Wei Chuan Sliced Bamboo Shoots",
    "tags": [
      "Canned & Jarred Vegetables"
    ],
    "categories": [
      {
        "code": "Cooking Needs",
        "desc": "Cooking Needs"
      }
    ],
    "subCategories": [
      {
        "code": "Canned Food",
        "desc": "Canned Food"
      }
    ],
    "brands": [
      {
        "code": "Wei Chuan",
        "desc": "Wei Chuan"
      }
    ],
    "price": {
      "basePrice": 1.39,
      "discountPrice": 1.39
    },
    "type": {
      "code": "Canned & Jarred Vegetables",
      "desc": "Canned & Jarred Vegetables"
    },
    "weight": "19 oz",
    "UpcCode": "",
    "tax": 0.0,
    "spiceLevel": "",
    "aiselNo": "9",
    "store": "Market Basket",
    "weightType": "19 oz",
    "imageName": "17117.jpg",
    "defaultImage": "17117.jpg",
    "updatedTimestamp": "Jan 23, 2021 8:02:30 PM",
    "createdTimestamp": "Jan 23, 2021 8:02:30 PM",
    "isNewlyAdded": false,
    "isActive": true,
    "isDealsEnabled": false,
    "quantity": 0
  },
  {
    "id": 278,
    "code": "Planet Dishwasher Detergent, Free & Clear, Automatic",
    "desc": "Planet Dishwasher Detergent, Free & Clear, Automatic",
    "shortDesc": "Planet Dishwasher Detergent, Free & Clear, Automatic",
    "tags": [
      "Dishwasher Detergent"
    ],
    "categories": [
      {
        "code": "Kitchen & Cleaning",
        "desc": "Kitchen & Cleaning"
      }
    ],
    "subCategories": [
      {
        "code": "Dish Detergents",
        "desc": "Dish Detergents"
      }
    ],
    "brands": [
      {
        "code": "Planet",
        "desc": "Planet"
      }
    ],
    "price": {
      "basePrice": 6.09,
      "discountPrice": 6.09
    },
    "type": {
      "code": "Dishwasher Detergent",
      "desc": "Dishwasher Detergent"
    },
    "weight": "75 oz",
    "UpcCode": "",
    "tax": 1.0,
    "spiceLevel": "",
    "aiselNo": "15",
    "store": "Market Basket",
    "weightType": "75 oz",
    "imageName": "16850.jpg",
    "defaultImage": "16850.jpg",
    "updatedTimestamp": "Jan 23, 2021 8:02:30 PM",
    "createdTimestamp": "Jan 23, 2021 8:02:30 PM",
    "isNewlyAdded": false,
    "isActive": true,
    "isDealsEnabled": false,
    "quantity": 0
  },
  {
    "id": 6281,
    "code": "Market Basket Coconut Seltzer",
    "desc": "Market Basket Coconut Seltzer",
    "shortDesc": "Market Basket Coconut Seltzer",
    "tags": [
      "Seltzer"
    ],
    "categories": [
      {
        "code": "Beverages & Juices",
        "desc": "Beverages & Juices"
      }
    ],
    "subCategories": [
      {
        "code": "Soft Drinks & Seltzers",
        "desc": "Soft Drinks & Seltzers"
      }
    ],
    "brands": [
      {
        "code": "Market Basket",
        "desc": "Market Basket"
      }
    ],
    "price": {
      "basePrice": 1.24,
      "discountPrice": 1.24
    },
    "type": {
      "code": "Seltzer",
      "desc": "Seltzer"
    },
    "weight": "1 L",
    "UpcCode": "",
    "tax": 0.0,
    "spiceLevel": "",
    "aiselNo": "11",
    "store": "Market Basket",
    "weightType": "1 L",
    "imageName": "Market Basket.jpg",
    "defaultImage": "Market Basket.jpg",
    "updatedTimestamp": "Jan 23, 2021 8:02:30 PM",
    "createdTimestamp": "Jan 23, 2021 8:02:30 PM",
    "isNewlyAdded": false,
    "isActive": true,
    "isDealsEnabled": false,
    "quantity": 0
  },
  {
    "id": 9766,
    "code": "Birds Eye Gold & White Corn",
    "desc": "Birds Eye Gold & White Corn",
    "shortDesc": "Birds Eye Gold & White Corn",
    "tags": [
      "Frozen Produce"
    ],
    "categories": [
      {
        "code": "Frozen Food",
        "desc": "Frozen Food"
      }
    ],
    "subCategories": [
      {
        "code": "Frozen Produce",
        "desc": "Frozen Produce"
      }
    ],
    "brands": [
      {
        "code": "Birds Eye",
        "desc": "Birds Eye"
      }
    ],
    "price": {
      "basePrice": 2.49,
      "discountPrice": 2.49
    },
    "type": {
      "code": "Frozen Produce",
      "desc": "Frozen Produce"
    },
    "weight": "14 oz",
    "UpcCode": "",
    "tax": 0.0,
    "spiceLevel": "",
    "aiselNo": "19",
    "store": "Market Basket",
    "weightType": "14 oz",
    "imageName": "2435.jpg",
    "defaultImage": "2435.jpg",
    "updatedTimestamp": "Jan 23, 2021 8:02:30 PM",
    "createdTimestamp": "Jan 23, 2021 8:02:30 PM",
    "isNewlyAdded": false,
    "isActive": true,
    "isDealsEnabled": false,
    "quantity": 0
  },
  {
    "id": 6258,
    "code": "Essentia Water Purified Water",
    "desc": "Essentia Water Purified Water",
    "shortDesc": "Essentia Water Purified Water",
    "tags": [
      "Water"
    ],
    "categories": [
      {
        "code": "Beverages & Juices",
        "desc": "Beverages & Juices"
      }
    ],
    "subCategories": [
      {
        "code": "Water",
        "desc": "Water"
      }
    ],
    "brands": [
      {
        "code": "Essentia",
        "desc": "Essentia"
      }
    ],
    "price": {
      "basePrice": 2.49,
      "discountPrice": 2.49
    },
    "type": {
      "code": "Water",
      "desc": "Water"
    },
    "weight": "50.7 fl oz",
    "UpcCode": "",
    "tax": 0.0,
    "spiceLevel": "",
    "aiselNo": "11",
    "store": "Market Basket",
    "weightType": "50.7 fl oz",
    "imageName": "16219.jpg",
    "defaultImage": "16219.jpg",
    "updatedTimestamp": "Jan 23, 2021 8:02:30 PM",
    "createdTimestamp": "Jan 23, 2021 8:02:30 PM",
    "isNewlyAdded": false,
    "isActive": true,
    "isDealsEnabled": false,
    "quantity": 0
  },
  {
    "id": 15154,
    "code": "Arm & Hammer PeroxiCare Fluoride Anticavity Toothpaste Fresh Mint",
    "desc": "Arm & Hammer PeroxiCare Fluoride Anticavity Toothpaste Fresh Mint",
    "shortDesc": "Arm & Hammer PeroxiCare Fluoride Anticavity Toothpaste Fresh Mint",
    "tags": [
      "Oral Hygiene"
    ],
    "categories": [
      {
        "code": "Personal Care",
        "desc": "Personal Care"
      }
    ],
    "subCategories": [
      {
        "code": "Personal Needs",
        "desc": "Personal Needs"
      }
    ],
    "brands": [
      {
        "code": "Arm & Hammer",
        "desc": "Arm & Hammer"
      }
    ],
    "price": {
      "basePrice": 6.31,
      "discountPrice": 6.31
    },
    "type": {
      "code": "Oral Hygiene",
      "desc": "Oral Hygiene"
    },
    "weight": "6 fl oz",
    "UpcCode": "",
    "tax": 1.0,
    "spiceLevel": "",
    "aiselNo": "13",
    "store": "Market Basket",
    "weightType": "6 fl oz",
    "imageName": "6437.jpg",
    "defaultImage": "6437.jpg",
    "updatedTimestamp": "Jan 23, 2021 8:02:30 PM",
    "createdTimestamp": "Jan 23, 2021 8:02:30 PM",
    "isNewlyAdded": false,
    "isActive": true,
    "isDealsEnabled": false,
    "quantity": 0
  },
  {
    "id": 9973,
    "code": "Breyer's Lactose Free Vanilla Light Ice Cream",
    "desc": "Breyer's Lactose Free Vanilla Light Ice Cream",
    "shortDesc": "Breyer's Lactose Free Vanilla Light Ice Cream",
    "tags": [
      "Ice Cream & Ice"
    ],
    "categories": [
      {
        "code": "Frozen Food",
        "desc": "Frozen Food"
      }
    ],
    "subCategories": [
      {
        "code": "Ice Cream & Ice",
        "desc": "Ice Cream & Ice"
      }
    ],
    "brands": [
      {
        "code": "Breyer's",
        "desc": "Breyer's"
      }
    ],
    "price": {
      "basePrice": 4.79,
      "discountPrice": 4.79
    },
    "type": {
      "code": "Ice Cream & Ice",
      "desc": "Ice Cream & Ice"
    },
    "weight": "48 oz",
    "UpcCode": "",
    "tax": 0.0,
    "spiceLevel": "",
    "aiselNo": "21",
    "store": "Market Basket",
    "weightType": "48 oz",
    "imageName": "18033.jpg",
    "defaultImage": "18033.jpg",
    "updatedTimestamp": "Jan 23, 2021 8:02:30 PM",
    "createdTimestamp": "Jan 23, 2021 8:02:30 PM",
    "isNewlyAdded": false,
    "isActive": true,
    "isDealsEnabled": false,
    "quantity": 0
  },
  {
    "id": 15317,
    "code": "Citracal Petites Calcium Citrate With Vitamin D3 Caplets",
    "desc": "Citracal Petites Calcium Citrate With Vitamin D3 Caplets",
    "shortDesc": "Citracal Petites Calcium Citrate With Vitamin D3 Caplets",
    "tags": [
      "Vitamins & Supplements"
    ],
    "categories": [
      {
        "code": "Personal Care",
        "desc": "Personal Care"
      }
    ],
    "subCategories": [
      {
        "code": "Vitamins & Proteins",
        "desc": "Vitamins & Proteins"
      }
    ],
    "brands": [
      {
        "code": "Citracal",
        "desc": "Citracal"
      }
    ],
    "price": {
      "basePrice": 18.27,
      "discountPrice": 18.27
    },
    "type": {
      "code": "Vitamins & Supplements",
      "desc": "Vitamins & Supplements"
    },
    "weight": "200 count",
    "UpcCode": "",
    "tax": 1.0,
    "spiceLevel": "",
    "aiselNo": "13",
    "store": "Market Basket",
    "weightType": "200 count",
    "imageName": "6715.jpg",
    "defaultImage": "6715.jpg",
    "updatedTimestamp": "Jan 23, 2021 8:02:30 PM",
    "createdTimestamp": "Jan 23, 2021 8:02:30 PM",
    "isNewlyAdded": false,
    "isActive": true,
    "isDealsEnabled": false,
    "quantity": 0
  },
  {
    "id": 6988,
    "code": "Jell O Sugar Free Lemon Low Calorie Gelatin Mix",
    "desc": "Jell O Sugar Free Lemon Low Calorie Gelatin Mix",
    "shortDesc": "Jell O Sugar Free Lemon Low Calorie Gelatin Mix",
    "tags": [
      "Doughs, Gelatins & Bake Mixes"
    ],
    "categories": [
      {
        "code": "Cooking Needs",
        "desc": "Cooking Needs"
      }
    ],
    "subCategories": [
      {
        "code": "Baking & Cooking",
        "desc": "Baking & Cooking"
      }
    ],
    "brands": [
      {
        "code": "Jell-O",
        "desc": "Jell-O"
      }
    ],
    "price": {
      "basePrice": 1.09,
      "discountPrice": 1.09
    },
    "type": {
      "code": "Doughs, Gelatins & Bake Mixes",
      "desc": "Doughs, Gelatins & Bake Mixes"
    },
    "weight": "0.3 oz",
    "UpcCode": "",
    "tax": 0.0,
    "spiceLevel": "",
    "aiselNo": "8",
    "store": "Market Basket",
    "weightType": "0.3 oz",
    "imageName": "2063.jpg",
    "defaultImage": "2063.jpg",
    "updatedTimestamp": "Jan 23, 2021 8:02:30 PM",
    "createdTimestamp": "Jan 23, 2021 8:02:30 PM",
    "isNewlyAdded": false,
    "isActive": true,
    "isDealsEnabled": false,
    "quantity": 0
  },
  {
    "id": 6306,
    "code": "Poland Spring Sparkling Water, Twist of Orange",
    "desc": "Poland Spring Sparkling Water, Twist of Orange",
    "shortDesc": "Poland Spring Sparkling Water, Twist of Orange",
    "tags": [
      "Sparkling Water"
    ],
    "categories": [
      {
        "code": "Beverages & Juices",
        "desc": "Beverages & Juices"
      }
    ],
    "subCategories": [
      {
        "code": "Water",
        "desc": "Water"
      }
    ],
    "brands": [
      {
        "code": "Poland Spring",
        "desc": "Poland Spring"
      }
    ],
    "price": {
      "basePrice": 3.74,
      "discountPrice": 3.74
    },
    "type": {
      "code": "Sparkling Water",
      "desc": "Sparkling Water"
    },
    "weight": "8 x 16.9 fl oz",
    "UpcCode": "",
    "tax": 0.0,
    "spiceLevel": "",
    "aiselNo": "11",
    "store": "Market Basket",
    "weightType": "8 x 16.9 fl oz",
    "imageName": "No Image.jpg",
    "defaultImage": "No Image.jpg",
    "updatedTimestamp": "Jan 23, 2021 8:02:30 PM",
    "createdTimestamp": "Jan 23, 2021 8:02:30 PM",
    "isNewlyAdded": false,
    "isActive": true,
    "isDealsEnabled": false,
    "quantity": 0
  },
  {
    "id": 4673,
    "code": "King Oscar Wild Caught Sardines In Pure Spring Water",
    "desc": "King Oscar Wild Caught Sardines In Pure Spring Water",
    "shortDesc": "King Oscar Wild Caught Sardines In Pure Spring Water",
    "tags": [
      "Canned Sardines"
    ],
    "categories": [
      {
        "code": "Meat & Seafood",
        "desc": "Meat & Seafood"
      }
    ],
    "subCategories": [
      {
        "code": "Canned Meat & Seafood",
        "desc": "Canned Meat & Seafood"
      }
    ],
    "brands": [
      {
        "code": "King Oscar",
        "desc": "King Oscar"
      }
    ],
    "price": {
      "basePrice": 2.69,
      "discountPrice": 2.69
    },
    "type": {
      "code": "Canned Sardines",
      "desc": "Canned Sardines"
    },
    "weight": "3.75 oz",
    "UpcCode": "",
    "tax": 0.0,
    "spiceLevel": "",
    "aiselNo": "2",
    "store": "Market Basket",
    "weightType": "3.75 oz",
    "imageName": "5235.jpg",
    "defaultImage": "5235.jpg",
    "updatedTimestamp": "Jan 23, 2021 8:02:30 PM",
    "createdTimestamp": "Jan 23, 2021 8:02:30 PM",
    "isNewlyAdded": false,
    "isActive": true,
    "isDealsEnabled": false,
    "quantity": 0
  },
  {
    "id": 9055,
    "code": "Smucker's Strawberry Jam Seedles",
    "desc": "Smucker's Strawberry Jam Seedles",
    "shortDesc": "Smucker's Strawberry Jam Seedles",
    "tags": [
      "Spreads"
    ],
    "categories": [
      {
        "code": "Condiments & Dressings",
        "desc": "Condiments & Dressings"
      }
    ],
    "subCategories": [
      {
        "code": "Preserved Dips & Spreads",
        "desc": "Preserved Dips & Spreads"
      }
    ],
    "brands": [
      {
        "code": "Smucker's",
        "desc": "Smucker's"
      }
    ],
    "price": {
      "basePrice": 2.49,
      "discountPrice": 2.49
    },
    "type": {
      "code": "Spreads",
      "desc": "Spreads"
    },
    "weight": "12 oz",
    "UpcCode": "",
    "tax": 0.0,
    "spiceLevel": "",
    "aiselNo": "3",
    "store": "Market Basket",
    "weightType": "12 oz",
    "imageName": "1615.jpg",
    "defaultImage": "1615.jpg",
    "updatedTimestamp": "Jan 23, 2021 8:02:30 PM",
    "createdTimestamp": "Jan 23, 2021 8:02:30 PM",
    "isNewlyAdded": false,
    "isActive": true,
    "isDealsEnabled": false,
    "quantity": 0
  },
  {
    "id": 4324,
    "code": "Market Basket Sliced Pork Back Ribs",
    "desc": "Market Basket Sliced Pork Back Ribs",
    "shortDesc": "Market Basket Sliced Pork Back Ribs",
    "tags": [
      "Pork"
    ],
    "categories": [
      {
        "code": "Meat & Seafood",
        "desc": "Meat & Seafood"
      }
    ],
    "subCategories": [
      {
        "code": "Meat & Seafood Counter",
        "desc": "Meat & Seafood Counter"
      }
    ],
    "brands": [
      {
        "code": "Market Basket",
        "desc": "Market Basket"
      }
    ],
    "price": {
      "basePrice": 4.89,
      "discountPrice": 4.89
    },
    "type": {
      "code": "Pork",
      "desc": "Pork"
    },
    "weight": "1 lb",
    "UpcCode": "",
    "tax": 0.0,
    "spiceLevel": "",
    "aiselNo": "22",
    "store": "Market Basket",
    "weightType": "1 lb",
    "imageName": "Market Basket.jpg",
    "defaultImage": "Market Basket.jpg",
    "updatedTimestamp": "Jan 23, 2021 8:02:30 PM",
    "createdTimestamp": "Jan 23, 2021 8:02:30 PM",
    "isNewlyAdded": false,
    "isActive": true,
    "isDealsEnabled": false,
    "quantity": 0
  },
  {
    "id": 8135,
    "code": "Swanson Chicken Broth",
    "desc": "Swanson Chicken Broth",
    "shortDesc": "Swanson Chicken Broth",
    "tags": [
      "Soup, Broth & Bouillon"
    ],
    "categories": [
      {
        "code": "Cooking Needs",
        "desc": "Cooking Needs"
      }
    ],
    "subCategories": [
      {
        "code": "Canned Food",
        "desc": "Canned Food"
      }
    ],
    "brands": [
      {
        "code": "Swanson",
        "desc": "Swanson"
      }
    ],
    "price": {
      "basePrice": 1.29,
      "discountPrice": 1.29
    },
    "type": {
      "code": "Soup, Broth & Bouillon",
      "desc": "Soup, Broth & Bouillon"
    },
    "weight": "14.5 oz",
    "UpcCode": "",
    "tax": 0.0,
    "spiceLevel": "",
    "aiselNo": "2",
    "store": "Market Basket",
    "weightType": "14.5 oz",
    "imageName": "5395.jpg",
    "defaultImage": "5395.jpg",
    "updatedTimestamp": "Jan 23, 2021 8:02:30 PM",
    "createdTimestamp": "Jan 23, 2021 8:02:30 PM",
    "isNewlyAdded": false,
    "isActive": true,
    "isDealsEnabled": false,
    "quantity": 0
  },
  {
    "id": 10146,
    "code": "Magnum Ice Cream Bars White",
    "desc": "Magnum Ice Cream Bars White",
    "shortDesc": "Magnum Ice Cream Bars White",
    "tags": [
      "Ice Cream & Ice"
    ],
    "categories": [
      {
        "code": "Frozen Food",
        "desc": "Frozen Food"
      }
    ],
    "subCategories": [
      {
        "code": "Ice Cream & Ice",
        "desc": "Ice Cream & Ice"
      }
    ],
    "brands": [
      {
        "code": "Magnum",
        "desc": "Magnum"
      }
    ],
    "price": {
      "basePrice": 4.29,
      "discountPrice": 4.29
    },
    "type": {
      "code": "Ice Cream & Ice",
      "desc": "Ice Cream & Ice"
    },
    "weight": "9.12 oz",
    "UpcCode": "",
    "tax": 0.0,
    "spiceLevel": "",
    "aiselNo": "21",
    "store": "Market Basket",
    "weightType": "9.12 oz",
    "imageName": "18010.jpg",
    "defaultImage": "18010.jpg",
    "updatedTimestamp": "Jan 23, 2021 8:02:30 PM",
    "createdTimestamp": "Jan 23, 2021 8:02:30 PM",
    "isNewlyAdded": false,
    "isActive": true,
    "isDealsEnabled": false,
    "quantity": 0
  },
  {
    "id": 9348,
    "code": "Marie Callender's Key Lime Pie",
    "desc": "Marie Callender's Key Lime Pie",
    "shortDesc": "Marie Callender's Key Lime Pie",
    "tags": [
      "Frozen Dessert"
    ],
    "categories": [
      {
        "code": "Frozen Food",
        "desc": "Frozen Food"
      }
    ],
    "subCategories": [
      {
        "code": "Frozen Dessert",
        "desc": "Frozen Dessert"
      }
    ],
    "brands": [
      {
        "code": "Marie Callender's",
        "desc": "Marie Callender's"
      }
    ],
    "price": {
      "basePrice": 7.39,
      "discountPrice": 7.39
    },
    "type": {
      "code": "Frozen Dessert",
      "desc": "Frozen Dessert"
    },
    "weight": "36 oz",
    "UpcCode": "",
    "tax": 0.0,
    "spiceLevel": "",
    "aiselNo": "19",
    "store": "Market Basket",
    "weightType": "36 oz",
    "imageName": "2966.jpg",
    "defaultImage": "2966.jpg",
    "updatedTimestamp": "Jan 23, 2021 8:02:30 PM",
    "createdTimestamp": "Jan 23, 2021 8:02:30 PM",
    "isNewlyAdded": false,
    "isActive": true,
    "isDealsEnabled": false,
    "quantity": 0
  },
  {
    "id": 10012,
    "code": "Edy's/Dreyer's Ice Cream Chocolate",
    "desc": "Edy's/Dreyer's Ice Cream Chocolate",
    "shortDesc": "Edy's/Dreyer's Ice Cream Chocolate",
    "tags": [
      "Ice Cream & Ice"
    ],
    "categories": [
      {
        "code": "Frozen Food",
        "desc": "Frozen Food"
      }
    ],
    "subCategories": [
      {
        "code": "Ice Cream & Ice",
        "desc": "Ice Cream & Ice"
      }
    ],
    "brands": [
      {
        "code": "Edy's/dreyer's",
        "desc": "Edy's/dreyer's"
      }
    ],
    "price": {
      "basePrice": 3.69,
      "discountPrice": 3.69
    },
    "type": {
      "code": "Ice Cream & Ice",
      "desc": "Ice Cream & Ice"
    },
    "weight": "1.5 quart",
    "UpcCode": "",
    "tax": 0.0,
    "spiceLevel": "",
    "aiselNo": "21",
    "store": "Market Basket",
    "weightType": "1.5 quart",
    "imageName": "3014.jpg",
    "defaultImage": "3014.jpg",
    "updatedTimestamp": "Jan 23, 2021 8:02:30 PM",
    "createdTimestamp": "Jan 23, 2021 8:02:30 PM",
    "isNewlyAdded": false,
    "isActive": true,
    "isDealsEnabled": false,
    "quantity": 0
  },
  {
    "id": 6644,
    "code": "Odwalla Superfood Fruit Smoothie Berries GoMega",
    "desc": "Odwalla Superfood Fruit Smoothie Berries GoMega",
    "shortDesc": "Odwalla Superfood Fruit Smoothie Berries GoMega",
    "tags": [
      "Refrigerated Drinks"
    ],
    "categories": [
      {
        "code": "Beverages & Juices",
        "desc": "Beverages & Juices"
      }
    ],
    "subCategories": [
      {
        "code": "Juices & Refrigerated Drinks",
        "desc": "Juices & Refrigerated Drinks"
      }
    ],
    "brands": [
      {
        "code": "Odwalla",
        "desc": "Odwalla"
      }
    ],
    "price": {
      "basePrice": 2.99,
      "discountPrice": 2.99
    },
    "type": {
      "code": "Refrigerated Drinks",
      "desc": "Refrigerated Drinks"
    },
    "weight": "12 fl oz",
    "UpcCode": "",
    "tax": 0.0,
    "spiceLevel": "",
    "aiselNo": "20",
    "store": "Market Basket",
    "weightType": "12 fl oz",
    "imageName": "3806.jpg",
    "defaultImage": "3806.jpg",
    "updatedTimestamp": "Jan 23, 2021 8:02:30 PM",
    "createdTimestamp": "Jan 23, 2021 8:02:30 PM",
    "isNewlyAdded": false,
    "isActive": true,
    "isDealsEnabled": false,
    "quantity": 0
  },
  {
    "id": 6536,
    "code": "Market Basket Sun Dried Raisins",
    "desc": "Market Basket Sun Dried Raisins",
    "shortDesc": "Market Basket Sun Dried Raisins",
    "tags": [
      "Nuts, Seeds & Dried Fruit"
    ],
    "categories": [
      {
        "code": "Chips, Cookies & Snacks",
        "desc": "Chips, Cookies & Snacks"
      }
    ],
    "subCategories": [
      {
        "code": "Nuts, Seeds & Dried Fruit",
        "desc": "Nuts, Seeds & Dried Fruit"
      }
    ],
    "brands": [
      {
        "code": "Market Basket",
        "desc": "Market Basket"
      }
    ],
    "price": {
      "basePrice": 4.61,
      "discountPrice": 4.61
    },
    "type": {
      "code": "Nuts, Seeds & Dried Fruit",
      "desc": "Nuts, Seeds & Dried Fruit"
    },
    "weight": "20 oz",
    "UpcCode": "",
    "tax": 0.0,
    "spiceLevel": "",
    "aiselNo": "6",
    "store": "Market Basket",
    "weightType": "20 oz",
    "imageName": "Market Basket.jpg",
    "defaultImage": "Market Basket.jpg",
    "updatedTimestamp": "Jan 23, 2021 8:02:30 PM",
    "createdTimestamp": "Jan 23, 2021 8:02:30 PM",
    "isNewlyAdded": false,
    "isActive": true,
    "isDealsEnabled": false,
    "quantity": 0
  },
  {
    "id": 3551,
    "code": "Baby Bok Choy Pack",
    "desc": "Baby Bok Choy Pack",
    "shortDesc": "Baby Bok Choy Pack",
    "tags": [
      "Bok Choy"
    ],
    "categories": [
      {
        "code": "Fresh Produce",
        "desc": "Fresh Produce"
      }
    ],
    "subCategories": [
      {
        "code": "Fresh Vegetables",
        "desc": "Fresh Vegetables"
      }
    ],
    "brands": [
      {
        "code": "Market Basket",
        "desc": "Market Basket"
      }
    ],
    "price": {
      "basePrice": 4.7,
      "discountPrice": 4.7
    },
    "type": {
      "code": "Bok Choy",
      "desc": "Bok Choy"
    },
    "weight": "1 count",
    "UpcCode": "",
    "tax": 0.0,
    "spiceLevel": "",
    "aiselNo": "20",
    "store": "Market Basket",
    "weightType": "1 count",
    "imageName": "FP67.jpg",
    "defaultImage": "FP67.jpg",
    "updatedTimestamp": "Jan 23, 2021 8:02:30 PM",
    "createdTimestamp": "Jan 23, 2021 8:02:30 PM",
    "isNewlyAdded": false,
    "isActive": true,
    "isDealsEnabled": false,
    "quantity": 0
  },
  {
    "id": 13652,
    "code": "Cacique Queso Fresco Part Skim Milk Cheese",
    "desc": "Cacique Queso Fresco Part Skim Milk Cheese",
    "shortDesc": "Cacique Queso Fresco Part Skim Milk Cheese",
    "tags": [
      "Packaged Cheese"
    ],
    "categories": [
      {
        "code": "Breakfast & Dairy",
        "desc": "Breakfast & Dairy"
      }
    ],
    "subCategories": [
      {
        "code": "Dairy & Eggs",
        "desc": "Dairy & Eggs"
      }
    ],
    "brands": [
      {
        "code": "Cacique",
        "desc": "Cacique"
      }
    ],
    "price": {
      "basePrice": 4.89,
      "discountPrice": 4.89
    },
    "type": {
      "code": "Packaged Cheese",
      "desc": "Packaged Cheese"
    },
    "weight": "10 oz",
    "UpcCode": "",
    "tax": 0.0,
    "spiceLevel": "",
    "aiselNo": "1",
    "store": "Market Basket",
    "weightType": "10 oz",
    "imageName": "14582.jpg",
    "defaultImage": "14582.jpg",
    "updatedTimestamp": "Jan 23, 2021 8:02:30 PM",
    "createdTimestamp": "Jan 23, 2021 8:02:30 PM",
    "isNewlyAdded": false,
    "isActive": true,
    "isDealsEnabled": false,
    "quantity": 0
  },
  {
    "id": 5143,
    "code": "belVita Snack Packs 12 Packs 6 Packs Blueberry 3 Packs Chocolate 3 Packs Cinnamon Brown Sugar",
    "desc": "belVita Snack Packs 12 Packs 6 Packs Blueberry 3 Packs Chocolate 3 Packs Cinnamon Brown Sugar",
    "shortDesc": "belVita Snack Packs 12 Packs 6 Packs Blueberry 3 Packs Chocolate 3 Packs Cinnamon Brown Sugar",
    "tags": [
      "Cookies & Cakes"
    ],
    "categories": [
      {
        "code": "Chips, Cookies & Snacks",
        "desc": "Chips, Cookies & Snacks"
      }
    ],
    "subCategories": [
      {
        "code": "Cookies & Crackers",
        "desc": "Cookies & Crackers"
      }
    ],
    "brands": [
      {
        "code": "belVita",
        "desc": "belVita"
      }
    ],
    "price": {
      "basePrice": 6.23,
      "discountPrice": 6.23
    },
    "type": {
      "code": "Cookies & Cakes",
      "desc": "Cookies & Cakes"
    },
    "weight": "12 oz",
    "UpcCode": "",
    "tax": 0.0,
    "spiceLevel": "",
    "aiselNo": "6",
    "store": "Market Basket",
    "weightType": "12 oz",
    "imageName": "No Image.jpg",
    "defaultImage": "No Image.jpg",
    "updatedTimestamp": "Jan 23, 2021 8:02:30 PM",
    "createdTimestamp": "Jan 23, 2021 8:02:30 PM",
    "isNewlyAdded": false,
    "isActive": true,
    "isDealsEnabled": false,
    "quantity": 0
  },
  {
    "id": 4874,
    "code": "Lay's Wavy Lightly Salted",
    "desc": "Lay's Wavy Lightly Salted",
    "shortDesc": "Lay's Wavy Lightly Salted",
    "tags": [
      "Chips & Pretzels"
    ],
    "categories": [
      {
        "code": "Chips, Cookies & Snacks",
        "desc": "Chips, Cookies & Snacks"
      }
    ],
    "subCategories": [
      {
        "code": "Chips & Fruit Snacks",
        "desc": "Chips & Fruit Snacks"
      }
    ],
    "brands": [
      {
        "code": "Lay's",
        "desc": "Lay's"
      }
    ],
    "price": {
      "basePrice": 3.91,
      "discountPrice": 3.91
    },
    "type": {
      "code": "Chips & Pretzels",
      "desc": "Chips & Pretzels"
    },
    "weight": "7.5 oz",
    "UpcCode": "",
    "tax": 0.0,
    "spiceLevel": "",
    "aiselNo": "0",
    "store": "Market Basket",
    "weightType": "7.5 oz",
    "imageName": "No Image.jpg",
    "defaultImage": "No Image.jpg",
    "updatedTimestamp": "Jan 23, 2021 8:02:30 PM",
    "createdTimestamp": "Jan 23, 2021 8:02:30 PM",
    "isNewlyAdded": false,
    "isActive": true,
    "isDealsEnabled": false,
    "quantity": 0
  },
  {
    "id": 10416,
    "code": "Goya Medium Grain Rice",
    "desc": "Goya Medium Grain Rice",
    "shortDesc": "Goya Medium Grain Rice",
    "tags": [
      "Canned Food"
    ],
    "categories": [
      {
        "code": "Cooking Needs",
        "desc": "Cooking Needs"
      }
    ],
    "subCategories": [
      {
        "code": "Canned Food",
        "desc": "Canned Food"
      }
    ],
    "brands": [
      {
        "code": "Goya",
        "desc": "Goya"
      }
    ],
    "price": {
      "basePrice": 18.29,
      "discountPrice": 18.29
    },
    "type": {
      "code": "Canned Food",
      "desc": "Canned Food"
    },
    "weight": "20 lb",
    "UpcCode": "",
    "tax": 0.0,
    "spiceLevel": "",
    "aiselNo": "7",
    "store": "Market Basket",
    "weightType": "20 lb",
    "imageName": "5826.jpg",
    "defaultImage": "5826.jpg",
    "updatedTimestamp": "Jan 23, 2021 8:02:30 PM",
    "createdTimestamp": "Jan 23, 2021 8:02:30 PM",
    "isNewlyAdded": false,
    "isActive": true,
    "isDealsEnabled": false,
    "quantity": 0
  },
  {
    "id": 5069,
    "code": "Market Basket Chocolate Cremes Sandwich Creme Cookies",
    "desc": "Market Basket Chocolate Cremes Sandwich Creme Cookies",
    "shortDesc": "Market Basket Chocolate Cremes Sandwich Creme Cookies",
    "tags": [
      "Cookies & Cakes"
    ],
    "categories": [
      {
        "code": "Chips, Cookies & Snacks",
        "desc": "Chips, Cookies & Snacks"
      }
    ],
    "subCategories": [
      {
        "code": "Cookies & Crackers",
        "desc": "Cookies & Crackers"
      }
    ],
    "brands": [
      {
        "code": "Market Basket",
        "desc": "Market Basket"
      }
    ],
    "price": {
      "basePrice": 3.13,
      "discountPrice": 3.13
    },
    "type": {
      "code": "Cookies & Cakes",
      "desc": "Cookies & Cakes"
    },
    "weight": "14.3 oz",
    "UpcCode": "",
    "tax": 0.0,
    "spiceLevel": "",
    "aiselNo": "6",
    "store": "Market Basket",
    "weightType": "14.3 oz",
    "imageName": "Market Basket.jpg",
    "defaultImage": "Market Basket.jpg",
    "updatedTimestamp": "Jan 23, 2021 8:02:30 PM",
    "createdTimestamp": "Jan 23, 2021 8:02:30 PM",
    "isNewlyAdded": false,
    "isActive": true,
    "isDealsEnabled": false,
    "quantity": 0
  },
  {
    "id": 14438,
    "code": "New England Coffee Breakfast Blend Ground Coffee",
    "desc": "New England Coffee Breakfast Blend Ground Coffee",
    "shortDesc": "New England Coffee Breakfast Blend Ground Coffee",
    "tags": [
      "Coffee"
    ],
    "categories": [
      {
        "code": "Breakfast & Dairy",
        "desc": "Breakfast & Dairy"
      }
    ],
    "subCategories": [
      {
        "code": "Tea & Coffee",
        "desc": "Tea & Coffee"
      }
    ],
    "brands": [
      {
        "code": "New England Coffee",
        "desc": "New England Coffee"
      }
    ],
    "price": {
      "basePrice": 12.19,
      "discountPrice": 12.19
    },
    "type": {
      "code": "Coffee",
      "desc": "Coffee"
    },
    "weight": "24 oz",
    "UpcCode": "",
    "tax": 0.0,
    "spiceLevel": "",
    "aiselNo": "8",
    "store": "Market Basket",
    "weightType": "24 oz",
    "imageName": "3366.jpg",
    "defaultImage": "3366.jpg",
    "updatedTimestamp": "Jan 23, 2021 8:02:30 PM",
    "createdTimestamp": "Jan 23, 2021 8:02:30 PM",
    "isNewlyAdded": false,
    "isActive": true,
    "isDealsEnabled": false,
    "quantity": 0
  },
  {
    "id": 428,
    "code": "Hefty Storage Quart Slider Bags",
    "desc": "Hefty Storage Quart Slider Bags",
    "shortDesc": "Hefty Storage Quart Slider Bags",
    "tags": [
      "Regular Trash Bags"
    ],
    "categories": [
      {
        "code": "Kitchen & Cleaning",
        "desc": "Kitchen & Cleaning"
      }
    ],
    "subCategories": [
      {
        "code": "Trash Bags & Liners",
        "desc": "Trash Bags & Liners"
      }
    ],
    "brands": [
      {
        "code": "Hefty",
        "desc": "Hefty"
      }
    ],
    "price": {
      "basePrice": 3.69,
      "discountPrice": 3.69
    },
    "type": {
      "code": "Regular Trash Bags",
      "desc": "Regular Trash Bags"
    },
    "weight": "40 count",
    "UpcCode": "",
    "tax": 1.0,
    "spiceLevel": "",
    "aiselNo": "12",
    "store": "Market Basket",
    "weightType": "40 count",
    "imageName": "4684.jpg",
    "defaultImage": "4684.jpg",
    "updatedTimestamp": "Jan 23, 2021 8:02:30 PM",
    "createdTimestamp": "Jan 23, 2021 8:02:30 PM",
    "isNewlyAdded": false,
    "isActive": true,
    "isDealsEnabled": false,
    "quantity": 0
  },
  {
    "id": 15081,
    "code": "Similasan Dry Eye Relief Sterile Eye Drops",
    "desc": "Similasan Dry Eye Relief Sterile Eye Drops",
    "shortDesc": "Similasan Dry Eye Relief Sterile Eye Drops",
    "tags": [
      "Eye & Ear Care"
    ],
    "categories": [
      {
        "code": "Personal Care",
        "desc": "Personal Care"
      }
    ],
    "subCategories": [
      {
        "code": "Personal Needs",
        "desc": "Personal Needs"
      }
    ],
    "brands": [
      {
        "code": "Similasa",
        "desc": "Similasa"
      }
    ],
    "price": {
      "basePrice": 12.64,
      "discountPrice": 12.64
    },
    "type": {
      "code": "Eye & Ear Care",
      "desc": "Eye & Ear Care"
    },
    "weight": "0.33 fl oz",
    "UpcCode": "",
    "tax": 1.0,
    "spiceLevel": "",
    "aiselNo": "13",
    "store": "Market Basket",
    "weightType": "0.33 fl oz",
    "imageName": "17797.jpg",
    "defaultImage": "17797.jpg",
    "updatedTimestamp": "Jan 23, 2021 8:02:30 PM",
    "createdTimestamp": "Jan 23, 2021 8:02:30 PM",
    "isNewlyAdded": false,
    "isActive": true,
    "isDealsEnabled": false,
    "quantity": 0
  },
  {
    "id": 7318,
    "code": "McCormick Ground Mustard",
    "desc": "McCormick Ground Mustard",
    "shortDesc": "McCormick Ground Mustard",
    "tags": [
      "Spices & Seasonings"
    ],
    "categories": [
      {
        "code": "Cooking Needs",
        "desc": "Cooking Needs"
      }
    ],
    "subCategories": [
      {
        "code": "Spices & Seasonings",
        "desc": "Spices & Seasonings"
      }
    ],
    "brands": [
      {
        "code": "McCormick",
        "desc": "McCormick"
      }
    ],
    "price": {
      "basePrice": 3.69,
      "discountPrice": 3.69
    },
    "type": {
      "code": "Spices & Seasonings",
      "desc": "Spices & Seasonings"
    },
    "weight": "0.85 oz",
    "UpcCode": "",
    "tax": 0.0,
    "spiceLevel": "",
    "aiselNo": "9",
    "store": "Market Basket",
    "weightType": "0.85 oz",
    "imageName": "2171.jpg",
    "defaultImage": "2171.jpg",
    "updatedTimestamp": "Jan 23, 2021 8:02:30 PM",
    "createdTimestamp": "Jan 23, 2021 8:02:30 PM",
    "isNewlyAdded": false,
    "isActive": true,
    "isDealsEnabled": false,
    "quantity": 0
  },
  {
    "id": 6906,
    "code": "Quaker Yellow Cornmeal",
    "desc": "Quaker Yellow Cornmeal",
    "shortDesc": "Quaker Yellow Cornmeal",
    "tags": [
      "Baking Ingredients"
    ],
    "categories": [
      {
        "code": "Cooking Needs",
        "desc": "Cooking Needs"
      }
    ],
    "subCategories": [
      {
        "code": "Baking & Cooking",
        "desc": "Baking & Cooking"
      }
    ],
    "brands": [
      {
        "code": "Quaker",
        "desc": "Quaker"
      }
    ],
    "price": {
      "basePrice": 2.49,
      "discountPrice": 2.49
    },
    "type": {
      "code": "Baking Ingredients",
      "desc": "Baking Ingredients"
    },
    "weight": "24 oz",
    "UpcCode": "",
    "tax": 0.0,
    "spiceLevel": "",
    "aiselNo": "8",
    "store": "Market Basket",
    "weightType": "24 oz",
    "imageName": "15714.jpg",
    "defaultImage": "15714.jpg",
    "updatedTimestamp": "Jan 23, 2021 8:02:30 PM",
    "createdTimestamp": "Jan 23, 2021 8:02:30 PM",
    "isNewlyAdded": false,
    "isActive": true,
    "isDealsEnabled": false,
    "quantity": 0
  },
  {
    "id": 7832,
    "code": "Chicken of the Sea Chunk Light Tuna in Water",
    "desc": "Chicken of the Sea Chunk Light Tuna in Water",
    "shortDesc": "Chicken of the Sea Chunk Light Tuna in Water",
    "tags": [
      "Canned Meat & Seafood"
    ],
    "categories": [
      {
        "code": "Cooking Needs",
        "desc": "Cooking Needs"
      }
    ],
    "subCategories": [
      {
        "code": "Canned Food",
        "desc": "Canned Food"
      }
    ],
    "brands": [
      {
        "code": "Chicken of the Sea",
        "desc": "Chicken of the Sea"
      }
    ],
    "price": {
      "basePrice": 1.29,
      "discountPrice": 1.29
    },
    "type": {
      "code": "Canned Meat & Seafood",
      "desc": "Canned Meat & Seafood"
    },
    "weight": "5 oz",
    "UpcCode": "",
    "tax": 0.0,
    "spiceLevel": "",
    "aiselNo": "2",
    "store": "Market Basket",
    "weightType": "5 oz",
    "imageName": "17154.jpg",
    "defaultImage": "17154.jpg",
    "updatedTimestamp": "Jan 23, 2021 8:02:30 PM",
    "createdTimestamp": "Jan 23, 2021 8:02:30 PM",
    "isNewlyAdded": false,
    "isActive": true,
    "isDealsEnabled": false,
    "quantity": 0
  },
  {
    "id": 10125,
    "code": "Klondike Ice Cream Bars Neapolitan",
    "desc": "Klondike Ice Cream Bars Neapolitan",
    "shortDesc": "Klondike Ice Cream Bars Neapolitan",
    "tags": [
      "Ice Cream & Ice"
    ],
    "categories": [
      {
        "code": "Frozen Food",
        "desc": "Frozen Food"
      }
    ],
    "subCategories": [
      {
        "code": "Ice Cream & Ice",
        "desc": "Ice Cream & Ice"
      }
    ],
    "brands": [
      {
        "code": "Klondike",
        "desc": "Klondike"
      }
    ],
    "price": {
      "basePrice": 4.09,
      "discountPrice": 4.09
    },
    "type": {
      "code": "Ice Cream & Ice",
      "desc": "Ice Cream & Ice"
    },
    "weight": "6 x 4.5 fl oz",
    "UpcCode": "",
    "tax": 0.0,
    "spiceLevel": "",
    "aiselNo": "21",
    "store": "Market Basket",
    "weightType": "6 x 4.5 fl oz",
    "imageName": "16195.jpg",
    "defaultImage": "16195.jpg",
    "updatedTimestamp": "Jan 23, 2021 8:02:30 PM",
    "createdTimestamp": "Jan 23, 2021 8:02:30 PM",
    "isNewlyAdded": false,
    "isActive": true,
    "isDealsEnabled": false,
    "quantity": 0
  },
  {
    "id": 5194,
    "code": "Market Basket Saltinas",
    "desc": "Market Basket Saltinas",
    "shortDesc": "Market Basket Saltinas",
    "tags": [
      "Crackers"
    ],
    "categories": [
      {
        "code": "Chips, Cookies & Snacks",
        "desc": "Chips, Cookies & Snacks"
      }
    ],
    "subCategories": [
      {
        "code": "Cookies & Crackers",
        "desc": "Cookies & Crackers"
      }
    ],
    "brands": [
      {
        "code": "Market Basket",
        "desc": "Market Basket"
      }
    ],
    "price": {
      "basePrice": 3.13,
      "discountPrice": 3.13
    },
    "type": {
      "code": "Crackers",
      "desc": "Crackers"
    },
    "weight": "16 oz",
    "UpcCode": "",
    "tax": 0.0,
    "spiceLevel": "",
    "aiselNo": "6",
    "store": "Market Basket",
    "weightType": "16 oz",
    "imageName": "Market Basket.jpg",
    "defaultImage": "Market Basket.jpg",
    "updatedTimestamp": "Jan 23, 2021 8:02:30 PM",
    "createdTimestamp": "Jan 23, 2021 8:02:30 PM",
    "isNewlyAdded": false,
    "isActive": true,
    "isDealsEnabled": false,
    "quantity": 0
  },
  {
    "id": 3825,
    "code": "Garden Sweet Organic Ginger Clam",
    "desc": "Garden Sweet Organic Ginger Clam",
    "shortDesc": "Garden Sweet Organic Ginger Clam",
    "tags": [
      "Ginger"
    ],
    "categories": [
      {
        "code": "Fresh Produce",
        "desc": "Fresh Produce"
      }
    ],
    "subCategories": [
      {
        "code": "Fresh Organic Vegetables",
        "desc": "Fresh Organic Vegetables"
      }
    ],
    "brands": [
      {
        "code": "Market Basket",
        "desc": "Market Basket"
      }
    ],
    "price": {
      "basePrice": 4.24,
      "discountPrice": 4.24
    },
    "type": {
      "code": "Ginger",
      "desc": "Ginger"
    },
    "weight": "6 oz",
    "UpcCode": "",
    "tax": 0.0,
    "spiceLevel": "",
    "aiselNo": "20",
    "store": "Market Basket",
    "weightType": "6 oz",
    "imageName": "FP106.jpg",
    "defaultImage": "FP106.jpg",
    "updatedTimestamp": "Jan 23, 2021 8:02:30 PM",
    "createdTimestamp": "Jan 23, 2021 8:02:30 PM",
    "isNewlyAdded": false,
    "isActive": true,
    "isDealsEnabled": false,
    "quantity": 0
  },
  {
    "id": 14886,
    "code": "Always Xtra Protection Long",
    "desc": "Always Xtra Protection Long",
    "shortDesc": "Always Xtra Protection Long",
    "tags": [
      "Menstrual Pads"
    ],
    "categories": [
      {
        "code": "Personal Care",
        "desc": "Personal Care"
      }
    ],
    "subCategories": [
      {
        "code": "Feminine Care",
        "desc": "Feminine Care"
      }
    ],
    "brands": [
      {
        "code": "Always",
        "desc": "Always"
      }
    ],
    "price": {
      "basePrice": 8.5,
      "discountPrice": 8.5
    },
    "type": {
      "code": "Menstrual Pads",
      "desc": "Menstrual Pads"
    },
    "weight": "80 count",
    "UpcCode": "",
    "tax": 1.0,
    "spiceLevel": "",
    "aiselNo": "13",
    "store": "Market Basket",
    "weightType": "80 count",
    "imageName": "6496.jpg",
    "defaultImage": "6496.jpg",
    "updatedTimestamp": "Jan 23, 2021 8:02:30 PM",
    "createdTimestamp": "Jan 23, 2021 8:02:30 PM",
    "isNewlyAdded": false,
    "isActive": true,
    "isDealsEnabled": false,
    "quantity": 0
  },
  {
    "id": 13826,
    "code": "Jell O Ready to Eat Cherry Sugar Free Gelatin",
    "desc": "Jell O Ready to Eat Cherry Sugar Free Gelatin",
    "shortDesc": "Jell O Ready to Eat Cherry Sugar Free Gelatin",
    "tags": [
      "Refrigerated Pudding & Desserts"
    ],
    "categories": [
      {
        "code": "Breakfast & Dairy",
        "desc": "Breakfast & Dairy"
      }
    ],
    "subCategories": [
      {
        "code": "Dairy & Eggs",
        "desc": "Dairy & Eggs"
      }
    ],
    "brands": [
      {
        "code": "Jell-O",
        "desc": "Jell-O"
      }
    ],
    "price": {
      "basePrice": 2.49,
      "discountPrice": 2.49
    },
    "type": {
      "code": "Refrigerated Pudding & Desserts",
      "desc": "Refrigerated Pudding & Desserts"
    },
    "weight": "4 x 3.125 oz",
    "UpcCode": "",
    "tax": 0.0,
    "spiceLevel": "",
    "aiselNo": "19",
    "store": "Market Basket",
    "weightType": "4 x 3.125 oz",
    "imageName": "799.jpg",
    "defaultImage": "799.jpg",
    "updatedTimestamp": "Jan 23, 2021 8:02:30 PM",
    "createdTimestamp": "Jan 23, 2021 8:02:30 PM",
    "isNewlyAdded": false,
    "isActive": true,
    "isDealsEnabled": false,
    "quantity": 0
  },
  {
    "id": 8448,
    "code": "McCormick Homestyle Gravy Mix",
    "desc": "McCormick Homestyle Gravy Mix",
    "shortDesc": "McCormick Homestyle Gravy Mix",
    "tags": [
      "Marinades & Meat Preparation"
    ],
    "categories": [
      {
        "code": "Condiments & Dressings",
        "desc": "Condiments & Dressings"
      }
    ],
    "subCategories": [
      {
        "code": "Marinades, Ketchup & Sauces",
        "desc": "Marinades, Ketchup & Sauces"
      }
    ],
    "brands": [
      {
        "code": "McCormick",
        "desc": "McCormick"
      }
    ],
    "price": {
      "basePrice": 1.59,
      "discountPrice": 1.59
    },
    "type": {
      "code": "Marinades & Meat Preparation",
      "desc": "Marinades & Meat Preparation"
    },
    "weight": "0.87 oz",
    "UpcCode": "",
    "tax": 0.0,
    "spiceLevel": "",
    "aiselNo": "9",
    "store": "Market Basket",
    "weightType": "0.87 oz",
    "imageName": "1972.jpg",
    "defaultImage": "1972.jpg",
    "updatedTimestamp": "Jan 23, 2021 8:02:30 PM",
    "createdTimestamp": "Jan 23, 2021 8:02:30 PM",
    "isNewlyAdded": false,
    "isActive": true,
    "isDealsEnabled": false,
    "quantity": 0
  },
  {
    "id": 406,
    "code": "Market Basket Bath Tissue",
    "desc": "Market Basket Bath Tissue",
    "shortDesc": "Market Basket Bath Tissue",
    "tags": [
      "Bathroom Tissues / Toilet Paper"
    ],
    "categories": [
      {
        "code": "Laundry & Paper Goods",
        "desc": "Laundry & Paper Goods"
      }
    ],
    "subCategories": [
      {
        "code": "Paper Goods",
        "desc": "Paper Goods"
      }
    ],
    "brands": [
      {
        "code": "Market Basket",
        "desc": "Market Basket"
      }
    ],
    "price": {
      "basePrice": 3.13,
      "discountPrice": 3.13
    },
    "type": {
      "code": "Bathroom Tissues / Toilet Paper",
      "desc": "Bathroom Tissues / Toilet Paper"
    },
    "weight": "4 count",
    "UpcCode": "",
    "tax": 1.0,
    "spiceLevel": "",
    "aiselNo": "14",
    "store": "Market Basket",
    "weightType": "4 count",
    "imageName": "Market Basket.jpg",
    "defaultImage": "Market Basket.jpg",
    "updatedTimestamp": "Jan 23, 2021 8:02:30 PM",
    "createdTimestamp": "Jan 23, 2021 8:02:30 PM",
    "isNewlyAdded": false,
    "isActive": true,
    "isDealsEnabled": false,
    "quantity": 0
  },
  {
    "id": 6265,
    "code": "Fiji Natural Artesian Water",
    "desc": "Fiji Natural Artesian Water",
    "shortDesc": "Fiji Natural Artesian Water",
    "tags": [
      "Water"
    ],
    "categories": [
      {
        "code": "Beverages & Juices",
        "desc": "Beverages & Juices"
      }
    ],
    "subCategories": [
      {
        "code": "Water",
        "desc": "Water"
      }
    ],
    "brands": [
      {
        "code": "Fiji",
        "desc": "Fiji"
      }
    ],
    "price": {
      "basePrice": 2.74,
      "discountPrice": 2.74
    },
    "type": {
      "code": "Water",
      "desc": "Water"
    },
    "weight": "1.5 L",
    "UpcCode": "",
    "tax": 0.0,
    "spiceLevel": "",
    "aiselNo": "11",
    "store": "Market Basket",
    "weightType": "1.5 L",
    "imageName": "16255.jpg",
    "defaultImage": "16255.jpg",
    "updatedTimestamp": "Jan 23, 2021 8:02:30 PM",
    "createdTimestamp": "Jan 23, 2021 8:02:30 PM",
    "isNewlyAdded": false,
    "isActive": true,
    "isDealsEnabled": false,
    "quantity": 0
  },
  {
    "id": 15047,
    "code": "Secret Invisible Solid Antiperspirant Deodorant for Women, Completely Clean",
    "desc": "Secret Invisible Solid Antiperspirant Deodorant for Women, Completely Clean",
    "shortDesc": "Secret Invisible Solid Antiperspirant Deodorant for Women, Completely Clean",
    "tags": [
      "Deodorants"
    ],
    "categories": [
      {
        "code": "Personal Care",
        "desc": "Personal Care"
      }
    ],
    "subCategories": [
      {
        "code": "Personal Needs",
        "desc": "Personal Needs"
      }
    ],
    "brands": [
      {
        "code": "Secret",
        "desc": "Secret"
      }
    ],
    "price": {
      "basePrice": 6.31,
      "discountPrice": 6.31
    },
    "type": {
      "code": "Deodorants",
      "desc": "Deodorants"
    },
    "weight": "2.6 oz",
    "UpcCode": "",
    "tax": 1.0,
    "spiceLevel": "",
    "aiselNo": "13",
    "store": "Market Basket",
    "weightType": "2.6 oz",
    "imageName": "6288.jpg",
    "defaultImage": "6288.jpg",
    "updatedTimestamp": "Jan 23, 2021 8:02:30 PM",
    "createdTimestamp": "Jan 23, 2021 8:02:30 PM",
    "isNewlyAdded": false,
    "isActive": true,
    "isDealsEnabled": false,
    "quantity": 0
  },
  {
    "id": 450,
    "code": "Market Basket Flex Drawstring Tall Kitchen Bags",
    "desc": "Market Basket Flex Drawstring Tall Kitchen Bags",
    "shortDesc": "Market Basket Flex Drawstring Tall Kitchen Bags",
    "tags": [
      "Tall Trash Bags"
    ],
    "categories": [
      {
        "code": "Kitchen & Cleaning",
        "desc": "Kitchen & Cleaning"
      }
    ],
    "subCategories": [
      {
        "code": "Trash Bags & Liners",
        "desc": "Trash Bags & Liners"
      }
    ],
    "brands": [
      {
        "code": "Market Basket",
        "desc": "Market Basket"
      }
    ],
    "price": {
      "basePrice": 5.49,
      "discountPrice": 5.49
    },
    "type": {
      "code": "Tall Trash Bags",
      "desc": "Tall Trash Bags"
    },
    "weight": "38 count",
    "UpcCode": "",
    "tax": 1.0,
    "spiceLevel": "",
    "aiselNo": "12",
    "store": "Market Basket",
    "weightType": "38 count",
    "imageName": "Market Basket.jpg",
    "defaultImage": "Market Basket.jpg",
    "updatedTimestamp": "Jan 23, 2021 8:02:30 PM",
    "createdTimestamp": "Jan 23, 2021 8:02:30 PM",
    "isNewlyAdded": false,
    "isActive": true,
    "isDealsEnabled": false,
    "quantity": 0
  },
  {
    "id": 4750,
    "code": "Tyson Grilled & Ready Fully Cooked Fajita Chicken Strips, Frozen",
    "desc": "Tyson Grilled & Ready Fully Cooked Fajita Chicken Strips, Frozen",
    "shortDesc": "Tyson Grilled & Ready Fully Cooked Fajita Chicken Strips, Frozen",
    "tags": [
      "Chicken Products"
    ],
    "categories": [
      {
        "code": "Meat & Seafood",
        "desc": "Meat & Seafood"
      }
    ],
    "subCategories": [
      {
        "code": "Frozen Meat & Seafood",
        "desc": "Frozen Meat & Seafood"
      }
    ],
    "brands": [
      {
        "code": "Tyson",
        "desc": "Tyson"
      }
    ],
    "price": {
      "basePrice": 8.59,
      "discountPrice": 8.59
    },
    "type": {
      "code": "Chicken Products",
      "desc": "Chicken Products"
    },
    "weight": "22 oz",
    "UpcCode": "",
    "tax": 0.0,
    "spiceLevel": "",
    "aiselNo": "18",
    "store": "Market Basket",
    "weightType": "22 oz",
    "imageName": "17980.jpg",
    "defaultImage": "17980.jpg",
    "updatedTimestamp": "Jan 23, 2021 8:02:30 PM",
    "createdTimestamp": "Jan 23, 2021 8:02:30 PM",
    "isNewlyAdded": false,
    "isActive": true,
    "isDealsEnabled": false,
    "quantity": 0
  },
  {
    "id": 8044,
    "code": "Market Basket Chicken Broth",
    "desc": "Market Basket Chicken Broth",
    "shortDesc": "Market Basket Chicken Broth",
    "tags": [
      "Soup, Broth & Bouillon"
    ],
    "categories": [
      {
        "code": "Cooking Needs",
        "desc": "Cooking Needs"
      }
    ],
    "subCategories": [
      {
        "code": "Canned Food",
        "desc": "Canned Food"
      }
    ],
    "brands": [
      {
        "code": "Market Basket",
        "desc": "Market Basket"
      }
    ],
    "price": {
      "basePrice": 3.09,
      "discountPrice": 3.09
    },
    "type": {
      "code": "Soup, Broth & Bouillon",
      "desc": "Soup, Broth & Bouillon"
    },
    "weight": "32 oz",
    "UpcCode": "",
    "tax": 0.0,
    "spiceLevel": "",
    "aiselNo": "2",
    "store": "Market Basket",
    "weightType": "32 oz",
    "imageName": "Market Basket.jpg",
    "defaultImage": "Market Basket.jpg",
    "updatedTimestamp": "Jan 23, 2021 8:02:30 PM",
    "createdTimestamp": "Jan 23, 2021 8:02:30 PM",
    "isNewlyAdded": false,
    "isActive": true,
    "isDealsEnabled": false,
    "quantity": 0
  },
  {
    "id": 7500,
    "code": "Market Basket Cream Style Golden Sweet Corn",
    "desc": "Market Basket Cream Style Golden Sweet Corn",
    "shortDesc": "Market Basket Cream Style Golden Sweet Corn",
    "tags": [
      "Canned & Jarred Vegetables"
    ],
    "categories": [
      {
        "code": "Cooking Needs",
        "desc": "Cooking Needs"
      }
    ],
    "subCategories": [
      {
        "code": "Canned Food",
        "desc": "Canned Food"
      }
    ],
    "brands": [
      {
        "code": "Market Basket",
        "desc": "Market Basket"
      }
    ],
    "price": {
      "basePrice": 0.69,
      "discountPrice": 0.69
    },
    "type": {
      "code": "Canned & Jarred Vegetables",
      "desc": "Canned & Jarred Vegetables"
    },
    "weight": "8.5 oz",
    "UpcCode": "",
    "tax": 0.0,
    "spiceLevel": "",
    "aiselNo": "9",
    "store": "Market Basket",
    "weightType": "8.5 oz",
    "imageName": "Market Basket.jpg",
    "defaultImage": "Market Basket.jpg",
    "updatedTimestamp": "Jan 23, 2021 8:02:30 PM",
    "createdTimestamp": "Jan 23, 2021 8:02:30 PM",
    "isNewlyAdded": false,
    "isActive": true,
    "isDealsEnabled": false,
    "quantity": 0
  },
  {
    "id": 4556,
    "code": "San Daniele Italian Gourmet Pack Hot Calabrese, Pepper Salame, Hot Capocollo",
    "desc": "San Daniele Italian Gourmet Pack Hot Calabrese, Pepper Salame, Hot Capocollo",
    "shortDesc": "San Daniele Italian Gourmet Pack Hot Calabrese, Pepper Salame, Hot Capocollo",
    "tags": [
      "Other Meat"
    ],
    "categories": [
      {
        "code": "Meat & Seafood",
        "desc": "Meat & Seafood"
      }
    ],
    "subCategories": [
      {
        "code": "Lunch Meat",
        "desc": "Lunch Meat"
      }
    ],
    "brands": [
      {
        "code": "San Daniele",
        "desc": "San Daniele"
      }
    ],
    "price": {
      "basePrice": 9.29,
      "discountPrice": 9.29
    },
    "type": {
      "code": "Other Meat",
      "desc": "Other Meat"
    },
    "weight": "8 oz",
    "UpcCode": "",
    "tax": 0.0,
    "spiceLevel": "",
    "aiselNo": "22",
    "store": "Market Basket",
    "weightType": "8 oz",
    "imageName": "No Image.jpg",
    "defaultImage": "No Image.jpg",
    "updatedTimestamp": "Jan 23, 2021 8:02:30 PM",
    "createdTimestamp": "Jan 23, 2021 8:02:30 PM",
    "isNewlyAdded": false,
    "isActive": true,
    "isDealsEnabled": false,
    "quantity": 0
  },
  {
    "id": 7679,
    "code": "Sunsweet Ready to Serve Prunes with Pits",
    "desc": "Sunsweet Ready to Serve Prunes with Pits",
    "shortDesc": "Sunsweet Ready to Serve Prunes with Pits",
    "tags": [
      "Canned Fruit & Applesauce"
    ],
    "categories": [
      {
        "code": "Cooking Needs",
        "desc": "Cooking Needs"
      }
    ],
    "subCategories": [
      {
        "code": "Canned Food",
        "desc": "Canned Food"
      }
    ],
    "brands": [
      {
        "code": "Sunsweet",
        "desc": "Sunsweet"
      }
    ],
    "price": {
      "basePrice": 2.49,
      "discountPrice": 2.49
    },
    "type": {
      "code": "Canned Fruit & Applesauce",
      "desc": "Canned Fruit & Applesauce"
    },
    "weight": "16 oz",
    "UpcCode": "",
    "tax": 0.0,
    "spiceLevel": "",
    "aiselNo": "3",
    "store": "Market Basket",
    "weightType": "16 oz",
    "imageName": "17072.jpg",
    "defaultImage": "17072.jpg",
    "updatedTimestamp": "Jan 23, 2021 8:02:30 PM",
    "createdTimestamp": "Jan 23, 2021 8:02:30 PM",
    "isNewlyAdded": false,
    "isActive": true,
    "isDealsEnabled": false,
    "quantity": 0
  },
  {
    "id": 10055,
    "code": "Friendly's SundaeXtreme Frozen Dairy Dessert Chocolate Chip Cookie Dough",
    "desc": "Friendly's SundaeXtreme Frozen Dairy Dessert Chocolate Chip Cookie Dough",
    "shortDesc": "Friendly's SundaeXtreme Frozen Dairy Dessert Chocolate Chip Cookie Dough",
    "tags": [
      "Ice Cream & Ice"
    ],
    "categories": [
      {
        "code": "Frozen Food",
        "desc": "Frozen Food"
      }
    ],
    "subCategories": [
      {
        "code": "Ice Cream & Ice",
        "desc": "Ice Cream & Ice"
      }
    ],
    "brands": [
      {
        "code": "Friendly's",
        "desc": "Friendly's"
      }
    ],
    "price": {
      "basePrice": 3.69,
      "discountPrice": 3.69
    },
    "type": {
      "code": "Ice Cream & Ice",
      "desc": "Ice Cream & Ice"
    },
    "weight": "1.5 quart",
    "UpcCode": "",
    "tax": 0.0,
    "spiceLevel": "",
    "aiselNo": "21",
    "store": "Market Basket",
    "weightType": "1.5 quart",
    "imageName": "3043.jpg",
    "defaultImage": "3043.jpg",
    "updatedTimestamp": "Jan 23, 2021 8:02:30 PM",
    "createdTimestamp": "Jan 23, 2021 8:02:30 PM",
    "isNewlyAdded": false,
    "isActive": true,
    "isDealsEnabled": false,
    "quantity": 0
  },
  {
    "id": 14927,
    "code": "Flonase Decongestant Nasal Spray",
    "desc": "Flonase Decongestant Nasal Spray",
    "shortDesc": "Flonase Decongestant Nasal Spray",
    "tags": [
      "Cold, Flu & Allergy"
    ],
    "categories": [
      {
        "code": "Personal Care",
        "desc": "Personal Care"
      }
    ],
    "subCategories": [
      {
        "code": "First Aid & Healthcare",
        "desc": "First Aid & Healthcare"
      }
    ],
    "brands": [
      {
        "code": "Flonase",
        "desc": "Flonase"
      }
    ],
    "price": {
      "basePrice": 19.65,
      "discountPrice": 19.65
    },
    "type": {
      "code": "Cold, Flu & Allergy",
      "desc": "Cold, Flu & Allergy"
    },
    "weight": "60 count",
    "UpcCode": "",
    "tax": 1.0,
    "spiceLevel": "",
    "aiselNo": "13",
    "store": "Market Basket",
    "weightType": "60 count",
    "imageName": "6665.jpg",
    "defaultImage": "6665.jpg",
    "updatedTimestamp": "Jan 23, 2021 8:02:30 PM",
    "createdTimestamp": "Jan 23, 2021 8:02:30 PM",
    "isNewlyAdded": false,
    "isActive": true,
    "isDealsEnabled": false,
    "quantity": 0
  },
  {
    "id": 7822,
    "code": "Bumble Bee Premium Chunk White Albacore in Water",
    "desc": "Bumble Bee Premium Chunk White Albacore in Water",
    "shortDesc": "Bumble Bee Premium Chunk White Albacore in Water",
    "tags": [
      "Canned Meat & Seafood"
    ],
    "categories": [
      {
        "code": "Cooking Needs",
        "desc": "Cooking Needs"
      }
    ],
    "subCategories": [
      {
        "code": "Canned Food",
        "desc": "Canned Food"
      }
    ],
    "brands": [
      {
        "code": "Bumble Bee",
        "desc": "Bumble Bee"
      }
    ],
    "price": {
      "basePrice": 1.59,
      "discountPrice": 1.59
    },
    "type": {
      "code": "Canned Meat & Seafood",
      "desc": "Canned Meat & Seafood"
    },
    "weight": "5 oz",
    "UpcCode": "",
    "tax": 0.0,
    "spiceLevel": "",
    "aiselNo": "2",
    "store": "Market Basket",
    "weightType": "5 oz",
    "imageName": "5195.jpg",
    "defaultImage": "5195.jpg",
    "updatedTimestamp": "Jan 23, 2021 8:02:30 PM",
    "createdTimestamp": "Jan 23, 2021 8:02:30 PM",
    "isNewlyAdded": false,
    "isActive": true,
    "isDealsEnabled": false,
    "quantity": 0
  },
  {
    "id": 14421,
    "code": "Maxwell House Original Medium Roast Ground Coffee",
    "desc": "Maxwell House Original Medium Roast Ground Coffee",
    "shortDesc": "Maxwell House Original Medium Roast Ground Coffee",
    "tags": [
      "Coffee"
    ],
    "categories": [
      {
        "code": "Breakfast & Dairy",
        "desc": "Breakfast & Dairy"
      }
    ],
    "subCategories": [
      {
        "code": "Tea & Coffee",
        "desc": "Tea & Coffee"
      }
    ],
    "brands": [
      {
        "code": "Maxwell House",
        "desc": "Maxwell House"
      }
    ],
    "price": {
      "basePrice": 7.39,
      "discountPrice": 7.39
    },
    "type": {
      "code": "Coffee",
      "desc": "Coffee"
    },
    "weight": "30.6 oz",
    "UpcCode": "",
    "tax": 0.0,
    "spiceLevel": "",
    "aiselNo": "8",
    "store": "Market Basket",
    "weightType": "30.6 oz",
    "imageName": "3385.jpg",
    "defaultImage": "3385.jpg",
    "updatedTimestamp": "Jan 23, 2021 8:02:30 PM",
    "createdTimestamp": "Jan 23, 2021 8:02:30 PM",
    "isNewlyAdded": false,
    "isActive": true,
    "isDealsEnabled": false,
    "quantity": 0
  },
  {
    "id": 10092,
    "code": "Hood Ice Cream Churned Under The Stars",
    "desc": "Hood Ice Cream Churned Under The Stars",
    "shortDesc": "Hood Ice Cream Churned Under The Stars",
    "tags": [
      "Ice Cream & Ice"
    ],
    "categories": [
      {
        "code": "Frozen Food",
        "desc": "Frozen Food"
      }
    ],
    "subCategories": [
      {
        "code": "Ice Cream & Ice",
        "desc": "Ice Cream & Ice"
      }
    ],
    "brands": [
      {
        "code": "Hood",
        "desc": "Hood"
      }
    ],
    "price": {
      "basePrice": 3.09,
      "discountPrice": 3.09
    },
    "type": {
      "code": "Ice Cream & Ice",
      "desc": "Ice Cream & Ice"
    },
    "weight": "1.5 quart",
    "UpcCode": "",
    "tax": 0.0,
    "spiceLevel": "",
    "aiselNo": "21",
    "store": "Market Basket",
    "weightType": "1.5 quart",
    "imageName": "3111.jpg",
    "defaultImage": "3111.jpg",
    "updatedTimestamp": "Jan 23, 2021 8:02:30 PM",
    "createdTimestamp": "Jan 23, 2021 8:02:30 PM",
    "isNewlyAdded": false,
    "isActive": true,
    "isDealsEnabled": false,
    "quantity": 0
  },
  {
    "id": 13640,
    "code": "Cabot Creamery Aged Alpine Cheddar Cheese",
    "desc": "Cabot Creamery Aged Alpine Cheddar Cheese",
    "shortDesc": "Cabot Creamery Aged Alpine Cheddar Cheese",
    "tags": [
      "Packaged Cheese"
    ],
    "categories": [
      {
        "code": "Breakfast & Dairy",
        "desc": "Breakfast & Dairy"
      }
    ],
    "subCategories": [
      {
        "code": "Dairy & Eggs",
        "desc": "Dairy & Eggs"
      }
    ],
    "brands": [
      {
        "code": "Cabot Creamery",
        "desc": "Cabot Creamery"
      }
    ],
    "price": {
      "basePrice": 2.99,
      "discountPrice": 2.99
    },
    "type": {
      "code": "Packaged Cheese",
      "desc": "Packaged Cheese"
    },
    "weight": "8 oz",
    "UpcCode": "",
    "tax": 0.0,
    "spiceLevel": "",
    "aiselNo": "1",
    "store": "Market Basket",
    "weightType": "8 oz",
    "imageName": "141.jpg",
    "defaultImage": "141.jpg",
    "updatedTimestamp": "Jan 23, 2021 8:02:30 PM",
    "createdTimestamp": "Jan 23, 2021 8:02:30 PM",
    "isNewlyAdded": false,
    "isActive": true,
    "isDealsEnabled": false,
    "quantity": 0
  },
  {
    "id": 14652,
    "code": "Yogi Green Tea Kombucha",
    "desc": "Yogi Green Tea Kombucha",
    "shortDesc": "Yogi Green Tea Kombucha",
    "tags": [
      "Tea"
    ],
    "categories": [
      {
        "code": "Breakfast & Dairy",
        "desc": "Breakfast & Dairy"
      }
    ],
    "subCategories": [
      {
        "code": "Tea & Coffee",
        "desc": "Tea & Coffee"
      }
    ],
    "brands": [
      {
        "code": "Yogi",
        "desc": "Yogi"
      }
    ],
    "price": {
      "basePrice": 4.89,
      "discountPrice": 4.89
    },
    "type": {
      "code": "Tea",
      "desc": "Tea"
    },
    "weight": "16 x 1.12 oz",
    "UpcCode": "",
    "tax": 0.0,
    "spiceLevel": "",
    "aiselNo": "8",
    "store": "Market Basket",
    "weightType": "16 x 1.12 oz",
    "imageName": "No Image.jpg",
    "defaultImage": "No Image.jpg",
    "updatedTimestamp": "Jan 23, 2021 8:02:30 PM",
    "createdTimestamp": "Jan 23, 2021 8:02:30 PM",
    "isNewlyAdded": false,
    "isActive": true,
    "isDealsEnabled": false,
    "quantity": 0
  },
  {
    "id": 469,
    "code": "OxiClean Laundry Detergent Sparkling Fresh 40 Loads",
    "desc": "OxiClean Laundry Detergent Sparkling Fresh 40 Loads",
    "shortDesc": "OxiClean Laundry Detergent Sparkling Fresh 40 Loads",
    "tags": [
      "Laundry Detergent"
    ],
    "categories": [
      {
        "code": "Laundry & Paper Goods",
        "desc": "Laundry & Paper Goods"
      }
    ],
    "subCategories": [
      {
        "code": "Laundry",
        "desc": "Laundry"
      }
    ],
    "brands": [
      {
        "code": "Oxi Clean",
        "desc": "Oxi Clean"
      }
    ],
    "price": {
      "basePrice": 8.74,
      "discountPrice": 8.74
    },
    "type": {
      "code": "Laundry Detergent",
      "desc": "Laundry Detergent"
    },
    "weight": "60 fl oz",
    "UpcCode": "",
    "tax": 1.0,
    "spiceLevel": "",
    "aiselNo": "15",
    "store": "Market Basket",
    "weightType": "60 fl oz",
    "imageName": "No Image.jpg",
    "defaultImage": "No Image.jpg",
    "updatedTimestamp": "Jan 23, 2021 8:02:30 PM",
    "createdTimestamp": "Jan 23, 2021 8:02:30 PM",
    "isNewlyAdded": false,
    "isActive": true,
    "isDealsEnabled": false,
    "quantity": 0
  },
  {
    "id": 6292,
    "code": "Poland Spring Sparkling Natural Spring Water",
    "desc": "Poland Spring Sparkling Natural Spring Water",
    "shortDesc": "Poland Spring Sparkling Natural Spring Water",
    "tags": [
      "Sparkling Water"
    ],
    "categories": [
      {
        "code": "Beverages & Juices",
        "desc": "Beverages & Juices"
      }
    ],
    "subCategories": [
      {
        "code": "Water",
        "desc": "Water"
      }
    ],
    "brands": [
      {
        "code": "Poland Spring",
        "desc": "Poland Spring"
      }
    ],
    "price": {
      "basePrice": 2.49,
      "discountPrice": 2.49
    },
    "type": {
      "code": "Sparkling Water",
      "desc": "Sparkling Water"
    },
    "weight": "6 x 0.5 L",
    "UpcCode": "",
    "tax": 0.0,
    "spiceLevel": "",
    "aiselNo": "11",
    "store": "Market Basket",
    "weightType": "6 x 0.5 L",
    "imageName": "3240.jpg",
    "defaultImage": "3240.jpg",
    "updatedTimestamp": "Jan 23, 2021 8:02:30 PM",
    "createdTimestamp": "Jan 23, 2021 8:02:30 PM",
    "isNewlyAdded": false,
    "isActive": true,
    "isDealsEnabled": false,
    "quantity": 0
  },
  {
    "id": 5192,
    "code": "Market Basket Cracked Wheat Crackers",
    "desc": "Market Basket Cracked Wheat Crackers",
    "shortDesc": "Market Basket Cracked Wheat Crackers",
    "tags": [
      "Crackers"
    ],
    "categories": [
      {
        "code": "Chips, Cookies & Snacks",
        "desc": "Chips, Cookies & Snacks"
      }
    ],
    "subCategories": [
      {
        "code": "Cookies & Crackers",
        "desc": "Cookies & Crackers"
      }
    ],
    "brands": [
      {
        "code": "Market Basket",
        "desc": "Market Basket"
      }
    ],
    "price": {
      "basePrice": 3.13,
      "discountPrice": 3.13
    },
    "type": {
      "code": "Crackers",
      "desc": "Crackers"
    },
    "weight": "10.6 oz",
    "UpcCode": "",
    "tax": 0.0,
    "spiceLevel": "",
    "aiselNo": "6",
    "store": "Market Basket",
    "weightType": "10.6 oz",
    "imageName": "Market Basket.jpg",
    "defaultImage": "Market Basket.jpg",
    "updatedTimestamp": "Jan 23, 2021 8:02:30 PM",
    "createdTimestamp": "Jan 23, 2021 8:02:30 PM",
    "isNewlyAdded": false,
    "isActive": true,
    "isDealsEnabled": false,
    "quantity": 0
  },
  {
    "id": 14407,
    "code": "Market Basket Coffee Singles",
    "desc": "Market Basket Coffee Singles",
    "shortDesc": "Market Basket Coffee Singles",
    "tags": [
      "Coffee"
    ],
    "categories": [
      {
        "code": "Breakfast & Dairy",
        "desc": "Breakfast & Dairy"
      }
    ],
    "subCategories": [
      {
        "code": "Tea & Coffee",
        "desc": "Tea & Coffee"
      }
    ],
    "brands": [
      {
        "code": "Market Basket",
        "desc": "Market Basket"
      }
    ],
    "price": {
      "basePrice": 4.29,
      "discountPrice": 4.29
    },
    "type": {
      "code": "Coffee",
      "desc": "Coffee"
    },
    "weight": "19 count",
    "UpcCode": "",
    "tax": 0.0,
    "spiceLevel": "",
    "aiselNo": "8",
    "store": "Market Basket",
    "weightType": "19 count",
    "imageName": "Market Basket.jpg",
    "defaultImage": "Market Basket.jpg",
    "updatedTimestamp": "Jan 23, 2021 8:02:30 PM",
    "createdTimestamp": "Jan 23, 2021 8:02:30 PM",
    "isNewlyAdded": false,
    "isActive": true,
    "isDealsEnabled": false,
    "quantity": 0
  },
  {
    "id": 7356,
    "code": "McCormick Whole Celery Seed",
    "desc": "McCormick Whole Celery Seed",
    "shortDesc": "McCormick Whole Celery Seed",
    "tags": [
      "Spices & Seasonings"
    ],
    "categories": [
      {
        "code": "Cooking Needs",
        "desc": "Cooking Needs"
      }
    ],
    "subCategories": [
      {
        "code": "Spices & Seasonings",
        "desc": "Spices & Seasonings"
      }
    ],
    "brands": [
      {
        "code": "McCormick",
        "desc": "McCormick"
      }
    ],
    "price": {
      "basePrice": 4.89,
      "discountPrice": 4.89
    },
    "type": {
      "code": "Spices & Seasonings",
      "desc": "Spices & Seasonings"
    },
    "weight": "0.95 oz container",
    "UpcCode": "",
    "tax": 0.0,
    "spiceLevel": "",
    "aiselNo": "9",
    "store": "Market Basket",
    "weightType": "0.95 oz container",
    "imageName": "2163.jpg",
    "defaultImage": "2163.jpg",
    "updatedTimestamp": "Jan 23, 2021 8:02:30 PM",
    "createdTimestamp": "Jan 23, 2021 8:02:30 PM",
    "isNewlyAdded": false,
    "isActive": true,
    "isDealsEnabled": false,
    "quantity": 0
  },
  {
    "id": 5974,
    "code": "Master of Mixes Handcrafted Mojito Mixer",
    "desc": "Master of Mixes Handcrafted Mojito Mixer",
    "shortDesc": "Master of Mixes Handcrafted Mojito Mixer",
    "tags": [
      "Cocoa & Drink Mixes"
    ],
    "categories": [
      {
        "code": "Beverages & Juices",
        "desc": "Beverages & Juices"
      }
    ],
    "subCategories": [
      {
        "code": "Cocoa & Drink Mixes",
        "desc": "Cocoa & Drink Mixes"
      }
    ],
    "brands": [
      {
        "code": "Master of Mixes",
        "desc": "Master of Mixes"
      }
    ],
    "price": {
      "basePrice": 4.99,
      "discountPrice": 4.99
    },
    "type": {
      "code": "Cocoa & Drink Mixes",
      "desc": "Cocoa & Drink Mixes"
    },
    "weight": "33.8 fl oz",
    "UpcCode": "",
    "tax": 0.0,
    "spiceLevel": "",
    "aiselNo": "17",
    "store": "Market Basket",
    "weightType": "33.8 fl oz",
    "imageName": "No Image.jpg",
    "defaultImage": "No Image.jpg",
    "updatedTimestamp": "Jan 23, 2021 8:02:29 PM",
    "createdTimestamp": "Jan 23, 2021 8:02:29 PM",
    "isNewlyAdded": false,
    "isActive": true,
    "isDealsEnabled": false,
    "quantity": 0
  },
  {
    "id": 4537,
    "code": "Columbus Pinot Grigio Wine Salame, Lemon Peel",
    "desc": "Columbus Pinot Grigio Wine Salame, Lemon Peel",
    "shortDesc": "Columbus Pinot Grigio Wine Salame, Lemon Peel",
    "tags": [
      "Other Meat"
    ],
    "categories": [
      {
        "code": "Meat & Seafood",
        "desc": "Meat & Seafood"
      }
    ],
    "subCategories": [
      {
        "code": "Lunch Meat",
        "desc": "Lunch Meat"
      }
    ],
    "brands": [
      {
        "code": "Columbus",
        "desc": "Columbus"
      }
    ],
    "price": {
      "basePrice": 6.09,
      "discountPrice": 6.09
    },
    "type": {
      "code": "Other Meat",
      "desc": "Other Meat"
    },
    "weight": "8 oz",
    "UpcCode": "",
    "tax": 0.0,
    "spiceLevel": "",
    "aiselNo": "22",
    "store": "Market Basket",
    "weightType": "8 oz",
    "imageName": "No Image.jpg",
    "defaultImage": "No Image.jpg",
    "updatedTimestamp": "Jan 23, 2021 8:02:30 PM",
    "createdTimestamp": "Jan 23, 2021 8:02:30 PM",
    "isNewlyAdded": false,
    "isActive": true,
    "isDealsEnabled": false,
    "quantity": 0
  },
  {
    "id": 13913,
    "code": "So Delicious Dairy Free French Vanilla Coconutmilk Organic Creamer",
    "desc": "So Delicious Dairy Free French Vanilla Coconutmilk Organic Creamer",
    "shortDesc": "So Delicious Dairy Free French Vanilla Coconutmilk Organic Creamer",
    "tags": [
      "Soy & Lactose-Free"
    ],
    "categories": [
      {
        "code": "Breakfast & Dairy",
        "desc": "Breakfast & Dairy"
      }
    ],
    "subCategories": [
      {
        "code": "Dairy & Eggs",
        "desc": "Dairy & Eggs"
      }
    ],
    "brands": [
      {
        "code": "So Delicious",
        "desc": "So Delicious"
      }
    ],
    "price": {
      "basePrice": 3.69,
      "discountPrice": 3.69
    },
    "type": {
      "code": "Soy & Lactose-Free",
      "desc": "Soy & Lactose-Free"
    },
    "weight": "946 ml",
    "UpcCode": "",
    "tax": 0.0,
    "spiceLevel": "",
    "aiselNo": "1",
    "store": "Market Basket",
    "weightType": "946 ml",
    "imageName": "736.jpg",
    "defaultImage": "736.jpg",
    "updatedTimestamp": "Jan 23, 2021 8:02:30 PM",
    "createdTimestamp": "Jan 23, 2021 8:02:30 PM",
    "isNewlyAdded": false,
    "isActive": true,
    "isDealsEnabled": false,
    "quantity": 0
  },
  {
    "id": 4674,
    "code": "King Oscar Wild Caught with Hot Jalapeno Peppers in Extra Virgin Olive Oil Sardines",
    "desc": "King Oscar Wild Caught with Hot Jalapeno Peppers in Extra Virgin Olive Oil Sardines",
    "shortDesc": "King Oscar Wild Caught with Hot Jalapeno Peppers in Extra Virgin Olive Oil Sardines",
    "tags": [
      "Canned Sardines"
    ],
    "categories": [
      {
        "code": "Meat & Seafood",
        "desc": "Meat & Seafood"
      }
    ],
    "subCategories": [
      {
        "code": "Canned Meat & Seafood",
        "desc": "Canned Meat & Seafood"
      }
    ],
    "brands": [
      {
        "code": "King Oscar",
        "desc": "King Oscar"
      }
    ],
    "price": {
      "basePrice": 3.09,
      "discountPrice": 3.09
    },
    "type": {
      "code": "Canned Sardines",
      "desc": "Canned Sardines"
    },
    "weight": "3.75 oz",
    "UpcCode": "",
    "tax": 0.0,
    "spiceLevel": "",
    "aiselNo": "2",
    "store": "Market Basket",
    "weightType": "3.75 oz",
    "imageName": "5234.jpg",
    "defaultImage": "5234.jpg",
    "updatedTimestamp": "Jan 23, 2021 8:02:30 PM",
    "createdTimestamp": "Jan 23, 2021 8:02:30 PM",
    "isNewlyAdded": false,
    "isActive": true,
    "isDealsEnabled": false,
    "quantity": 0
  },
  {
    "id": 14739,
    "code": "Head & Shoulders Classic Clean 2-in-1",
    "desc": "Head & Shoulders Classic Clean 2-in-1",
    "shortDesc": "Head & Shoulders Classic Clean 2-in-1",
    "tags": [
      "Hair Care"
    ],
    "categories": [
      {
        "code": "Personal Care",
        "desc": "Personal Care"
      }
    ],
    "subCategories": [
      {
        "code": "Body Wash, Soap & Hair Care",
        "desc": "Body Wash, Soap & Hair Care"
      }
    ],
    "brands": [
      {
        "code": "Head & Shoulders",
        "desc": "Head & Shoulders"
      }
    ],
    "price": {
      "basePrice": 6.31,
      "discountPrice": 6.31
    },
    "type": {
      "code": "Hair Care",
      "desc": "Hair Care"
    },
    "weight": "13.5 fl oz",
    "UpcCode": "",
    "tax": 1.0,
    "spiceLevel": "",
    "aiselNo": "13",
    "store": "Market Basket",
    "weightType": "13.5 fl oz",
    "imageName": "6584.jpg",
    "defaultImage": "6584.jpg",
    "updatedTimestamp": "Jan 23, 2021 8:02:30 PM",
    "createdTimestamp": "Jan 23, 2021 8:02:30 PM",
    "isNewlyAdded": false,
    "isActive": true,
    "isDealsEnabled": false,
    "quantity": 0
  },
  {
    "id": 15236,
    "code": "Orajel Daniel Tigerâs Fruity Stripes Training Toothpaste + Toothbrush",
    "desc": "Orajel Daniel Tigerâs Fruity Stripes Training Toothpaste + Toothbrush",
    "shortDesc": "Orajel Daniel Tigerâs Fruity Stripes Training Toothpaste + Toothbrush",
    "tags": [
      "Oral Hygiene"
    ],
    "categories": [
      {
        "code": "Personal Care",
        "desc": "Personal Care"
      }
    ],
    "subCategories": [
      {
        "code": "Personal Needs",
        "desc": "Personal Needs"
      }
    ],
    "brands": [
      {
        "code": "Orajel",
        "desc": "Orajel"
      }
    ],
    "price": {
      "basePrice": 6.31,
      "discountPrice": 6.31
    },
    "type": {
      "code": "Oral Hygiene",
      "desc": "Oral Hygiene"
    },
    "weight": "2 count",
    "UpcCode": "",
    "tax": 1.0,
    "spiceLevel": "",
    "aiselNo": "13",
    "store": "Market Basket",
    "weightType": "2 count",
    "imageName": "18153.jpg",
    "defaultImage": "18153.jpg",
    "updatedTimestamp": "Jan 23, 2021 8:02:30 PM",
    "createdTimestamp": "Jan 23, 2021 8:02:30 PM",
    "isNewlyAdded": false,
    "isActive": true,
    "isDealsEnabled": false,
    "quantity": 0
  },
  {
    "id": 6195,
    "code": "7 Up Lemon Lime",
    "desc": "7 Up Lemon Lime",
    "shortDesc": "7 Up Lemon Lime",
    "tags": [
      "Soft Drinks"
    ],
    "categories": [
      {
        "code": "Beverages & Juices",
        "desc": "Beverages & Juices"
      }
    ],
    "subCategories": [
      {
        "code": "Soft Drinks & Seltzers",
        "desc": "Soft Drinks & Seltzers"
      }
    ],
    "brands": [
      {
        "code": "7 up",
        "desc": "7 up"
      }
    ],
    "price": {
      "basePrice": 2.11,
      "discountPrice": 2.11
    },
    "type": {
      "code": "Soft Drinks",
      "desc": "Soft Drinks"
    },
    "weight": "2 L",
    "UpcCode": "",
    "tax": 0.0,
    "spiceLevel": "",
    "aiselNo": "17",
    "store": "Market Basket",
    "weightType": "2 L",
    "imageName": "No Image.jpg",
    "defaultImage": "No Image.jpg",
    "updatedTimestamp": "Jan 23, 2021 8:02:30 PM",
    "createdTimestamp": "Jan 23, 2021 8:02:30 PM",
    "isNewlyAdded": false,
    "isActive": true,
    "isDealsEnabled": false,
    "quantity": 0
  },
  {
    "id": 6845,
    "code": "Ghirardelli Chocolate Chocolate Premium Baking Bar Semi Sweet Chocolate",
    "desc": "Ghirardelli Chocolate Chocolate Premium Baking Bar Semi Sweet Chocolate",
    "shortDesc": "Ghirardelli Chocolate Chocolate Premium Baking Bar Semi Sweet Chocolate",
    "tags": [
      "Baking Ingredients"
    ],
    "categories": [
      {
        "code": "Cooking Needs",
        "desc": "Cooking Needs"
      }
    ],
    "subCategories": [
      {
        "code": "Baking & Cooking",
        "desc": "Baking & Cooking"
      }
    ],
    "brands": [
      {
        "code": "Ghirardelli Chocolate",
        "desc": "Ghirardelli Chocolate"
      }
    ],
    "price": {
      "basePrice": 2.79,
      "discountPrice": 2.79
    },
    "type": {
      "code": "Baking Ingredients",
      "desc": "Baking Ingredients"
    },
    "weight": "4 oz",
    "UpcCode": "",
    "tax": 0.0,
    "spiceLevel": "",
    "aiselNo": "8",
    "store": "Market Basket",
    "weightType": "4 oz",
    "imageName": "2339.jpg",
    "defaultImage": "2339.jpg",
    "updatedTimestamp": "Jan 23, 2021 8:02:30 PM",
    "createdTimestamp": "Jan 23, 2021 8:02:30 PM",
    "isNewlyAdded": false,
    "isActive": true,
    "isDealsEnabled": false,
    "quantity": 0
  },
  {
    "id": 14810,
    "code": "TRESemme Tresemme",
    "desc": "TRESemme Tresemme",
    "shortDesc": "TRESemme Tresemme",
    "tags": [
      "Hair Care"
    ],
    "categories": [
      {
        "code": "Personal Care",
        "desc": "Personal Care"
      }
    ],
    "subCategories": [
      {
        "code": "Body Wash, Soap & Hair Care",
        "desc": "Body Wash, Soap & Hair Care"
      }
    ],
    "brands": [
      {
        "code": "TRESemme",
        "desc": "TRESemme"
      }
    ],
    "price": {
      "basePrice": 5.28,
      "discountPrice": 5.28
    },
    "type": {
      "code": "Hair Care",
      "desc": "Hair Care"
    },
    "weight": "9 oz",
    "UpcCode": "",
    "tax": 1.0,
    "spiceLevel": "",
    "aiselNo": "13",
    "store": "Market Basket",
    "weightType": "9 oz",
    "imageName": "6552.jpg",
    "defaultImage": "6552.jpg",
    "updatedTimestamp": "Jan 23, 2021 8:02:30 PM",
    "createdTimestamp": "Jan 23, 2021 8:02:30 PM",
    "isNewlyAdded": false,
    "isActive": true,
    "isDealsEnabled": false,
    "quantity": 0
  },
  {
    "id": 5347,
    "code": "belVita Golden Oat Breakfast Biscuits",
    "desc": "belVita Golden Oat Breakfast Biscuits",
    "shortDesc": "belVita Golden Oat Breakfast Biscuits",
    "tags": [
      "Cookies & Cakes"
    ],
    "categories": [
      {
        "code": "Chips, Cookies & Snacks",
        "desc": "Chips, Cookies & Snacks"
      }
    ],
    "subCategories": [
      {
        "code": "Cookies & Crackers",
        "desc": "Cookies & Crackers"
      }
    ],
    "brands": [
      {
        "code": "belVita",
        "desc": "belVita"
      }
    ],
    "price": {
      "basePrice": 4.69,
      "discountPrice": 4.69
    },
    "type": {
      "code": "Cookies & Cakes",
      "desc": "Cookies & Cakes"
    },
    "weight": "8.8 oz",
    "UpcCode": "",
    "tax": 0.0,
    "spiceLevel": "",
    "aiselNo": "6",
    "store": "Market Basket",
    "weightType": "8.8 oz",
    "imageName": "No Image.jpg",
    "defaultImage": "No Image.jpg",
    "updatedTimestamp": "Jan 23, 2021 8:02:30 PM",
    "createdTimestamp": "Jan 23, 2021 8:02:30 PM",
    "isNewlyAdded": false,
    "isActive": true,
    "isDealsEnabled": false,
    "quantity": 0
  },
  {
    "id": 4209,
    "code": "Perdue Carved Chicken BreastSouthwestern Style",
    "desc": "Perdue Carved Chicken BreastSouthwestern Style",
    "shortDesc": "Perdue Carved Chicken BreastSouthwestern Style",
    "tags": [
      "Chicken Breast"
    ],
    "categories": [
      {
        "code": "Meat & Seafood",
        "desc": "Meat & Seafood"
      }
    ],
    "subCategories": [
      {
        "code": "Packaged Meat & Seafood",
        "desc": "Packaged Meat & Seafood"
      }
    ],
    "brands": [
      {
        "code": "Perdue",
        "desc": "Perdue"
      }
    ],
    "price": {
      "basePrice": 3.69,
      "discountPrice": 3.69
    },
    "type": {
      "code": "Chicken Breast",
      "desc": "Chicken Breast"
    },
    "weight": "0.56 lb",
    "UpcCode": "",
    "tax": 0.0,
    "spiceLevel": "",
    "aiselNo": "22",
    "store": "Market Basket",
    "weightType": "0.56 lb",
    "imageName": "4107.jpg",
    "defaultImage": "4107.jpg",
    "updatedTimestamp": "Jan 23, 2021 8:02:30 PM",
    "createdTimestamp": "Jan 23, 2021 8:02:30 PM",
    "isNewlyAdded": false,
    "isActive": true,
    "isDealsEnabled": false,
    "quantity": 0
  },
  {
    "id": 5106,
    "code": "Royal Dansk Danish Butter Cookies",
    "desc": "Royal Dansk Danish Butter Cookies",
    "shortDesc": "Royal Dansk Danish Butter Cookies",
    "tags": [
      "Cookies & Cakes"
    ],
    "categories": [
      {
        "code": "Chips, Cookies & Snacks",
        "desc": "Chips, Cookies & Snacks"
      }
    ],
    "subCategories": [
      {
        "code": "Cookies & Crackers",
        "desc": "Cookies & Crackers"
      }
    ],
    "brands": [
      {
        "code": "Royal Dansk",
        "desc": "Royal Dansk"
      }
    ],
    "price": {
      "basePrice": 4.69,
      "discountPrice": 4.69
    },
    "type": {
      "code": "Cookies & Cakes",
      "desc": "Cookies & Cakes"
    },
    "weight": "12 oz",
    "UpcCode": "",
    "tax": 0.0,
    "spiceLevel": "",
    "aiselNo": "6",
    "store": "Market Basket",
    "weightType": "12 oz",
    "imageName": "No Image.jpg",
    "defaultImage": "No Image.jpg",
    "updatedTimestamp": "Jan 23, 2021 8:02:30 PM",
    "createdTimestamp": "Jan 23, 2021 8:02:30 PM",
    "isNewlyAdded": false,
    "isActive": true,
    "isDealsEnabled": false,
    "quantity": 0
  },
  {
    "id": 5924,
    "code": "Forto Energy Coffee Organic Vanilla Latte",
    "desc": "Forto Energy Coffee Organic Vanilla Latte",
    "shortDesc": "Forto Energy Coffee Organic Vanilla Latte",
    "tags": [
      "Single To-Go Coffee"
    ],
    "categories": [
      {
        "code": "Beverages & Juices",
        "desc": "Beverages & Juices"
      }
    ],
    "subCategories": [
      {
        "code": "Tea, Coffee, Milk & Coconut Water",
        "desc": "Tea, Coffee, Milk & Coconut Water"
      }
    ],
    "brands": [
      {
        "code": "Forto",
        "desc": "Forto"
      }
    ],
    "price": {
      "basePrice": 2.5,
      "discountPrice": 2.5
    },
    "type": {
      "code": "Single To-Go Coffee",
      "desc": "Single To-Go Coffee"
    },
    "weight": "11 fl oz",
    "UpcCode": "",
    "tax": 0.0,
    "spiceLevel": "",
    "aiselNo": "17",
    "store": "Market Basket",
    "weightType": "11 fl oz",
    "imageName": "No Image.jpg",
    "defaultImage": "No Image.jpg",
    "updatedTimestamp": "Jan 23, 2021 8:02:30 PM",
    "createdTimestamp": "Jan 23, 2021 8:02:30 PM",
    "isNewlyAdded": false,
    "isActive": true,
    "isDealsEnabled": false,
    "quantity": 0
  },
  {
    "id": 10406,
    "code": "Goya Central American Red Beans",
    "desc": "Goya Central American Red Beans",
    "shortDesc": "Goya Central American Red Beans",
    "tags": [
      "Canned Food"
    ],
    "categories": [
      {
        "code": "Cooking Needs",
        "desc": "Cooking Needs"
      }
    ],
    "subCategories": [
      {
        "code": "Canned Food",
        "desc": "Canned Food"
      }
    ],
    "brands": [
      {
        "code": "Goya",
        "desc": "Goya"
      }
    ],
    "price": {
      "basePrice": 1.89,
      "discountPrice": 1.89
    },
    "type": {
      "code": "Canned Food",
      "desc": "Canned Food"
    },
    "weight": "16 oz",
    "UpcCode": "",
    "tax": 0.0,
    "spiceLevel": "",
    "aiselNo": "7",
    "store": "Market Basket",
    "weightType": "16 oz",
    "imageName": "5809.jpg",
    "defaultImage": "5809.jpg",
    "updatedTimestamp": "Jan 23, 2021 8:02:30 PM",
    "createdTimestamp": "Jan 23, 2021 8:02:30 PM",
    "isNewlyAdded": false,
    "isActive": true,
    "isDealsEnabled": false,
    "quantity": 0
  },
  {
    "id": 7768,
    "code": "Green Giant Cut Green Beans",
    "desc": "Green Giant Cut Green Beans",
    "shortDesc": "Green Giant Cut Green Beans",
    "tags": [
      "Canned Meals & Beans"
    ],
    "categories": [
      {
        "code": "Cooking Needs",
        "desc": "Cooking Needs"
      }
    ],
    "subCategories": [
      {
        "code": "Canned Food",
        "desc": "Canned Food"
      }
    ],
    "brands": [
      {
        "code": "Green Giant",
        "desc": "Green Giant"
      }
    ],
    "price": {
      "basePrice": 1.09,
      "discountPrice": 1.09
    },
    "type": {
      "code": "Canned Meals & Beans",
      "desc": "Canned Meals & Beans"
    },
    "weight": "14.5 oz",
    "UpcCode": "",
    "tax": 0.0,
    "spiceLevel": "",
    "aiselNo": "2",
    "store": "Market Basket",
    "weightType": "14.5 oz",
    "imageName": "17135.jpg",
    "defaultImage": "17135.jpg",
    "updatedTimestamp": "Jan 23, 2021 8:02:30 PM",
    "createdTimestamp": "Jan 23, 2021 8:02:30 PM",
    "isNewlyAdded": false,
    "isActive": true,
    "isDealsEnabled": false,
    "quantity": 0
  },
  {
    "id": 7428,
    "code": "Del Monte Fresh Cut Golden Sweet No Salt Added Whole Kernel Corn",
    "desc": "Del Monte Fresh Cut Golden Sweet No Salt Added Whole Kernel Corn",
    "shortDesc": "Del Monte Fresh Cut Golden Sweet No Salt Added Whole Kernel Corn",
    "tags": [
      "Canned & Jarred Vegetables"
    ],
    "categories": [
      {
        "code": "Cooking Needs",
        "desc": "Cooking Needs"
      }
    ],
    "subCategories": [
      {
        "code": "Canned Food",
        "desc": "Canned Food"
      }
    ],
    "brands": [
      {
        "code": "Del Monte",
        "desc": "Del Monte"
      }
    ],
    "price": {
      "basePrice": 0.99,
      "discountPrice": 0.99
    },
    "type": {
      "code": "Canned & Jarred Vegetables",
      "desc": "Canned & Jarred Vegetables"
    },
    "weight": "8.75 oz",
    "UpcCode": "",
    "tax": 0.0,
    "spiceLevel": "",
    "aiselNo": "9",
    "store": "Market Basket",
    "weightType": "8.75 oz",
    "imageName": "5033.jpg",
    "defaultImage": "5033.jpg",
    "updatedTimestamp": "Jan 23, 2021 8:02:30 PM",
    "createdTimestamp": "Jan 23, 2021 8:02:30 PM",
    "isNewlyAdded": false,
    "isActive": true,
    "isDealsEnabled": false,
    "quantity": 0
  },
  {
    "id": 4635,
    "code": "Bumble Bee Minced Clams in Clam Juice",
    "desc": "Bumble Bee Minced Clams in Clam Juice",
    "shortDesc": "Bumble Bee Minced Clams in Clam Juice",
    "tags": [
      "Canned Clams"
    ],
    "categories": [
      {
        "code": "Meat & Seafood",
        "desc": "Meat & Seafood"
      }
    ],
    "subCategories": [
      {
        "code": "Canned Meat & Seafood",
        "desc": "Canned Meat & Seafood"
      }
    ],
    "brands": [
      {
        "code": "Bumble Bee",
        "desc": "Bumble Bee"
      }
    ],
    "price": {
      "basePrice": 1.49,
      "discountPrice": 1.49
    },
    "type": {
      "code": "Canned Clams",
      "desc": "Canned Clams"
    },
    "weight": "6.5 oz",
    "UpcCode": "",
    "tax": 0.0,
    "spiceLevel": "",
    "aiselNo": "2",
    "store": "Market Basket",
    "weightType": "6.5 oz",
    "imageName": "5193.jpg",
    "defaultImage": "5193.jpg",
    "updatedTimestamp": "Jan 23, 2021 8:02:30 PM",
    "createdTimestamp": "Jan 23, 2021 8:02:30 PM",
    "isNewlyAdded": false,
    "isActive": true,
    "isDealsEnabled": false,
    "quantity": 0
  },
  {
    "id": 13673,
    "code": "Formaggio Hand Tossed Fresh Mozzarella Salad Sundried Tomato & Parsley",
    "desc": "Formaggio Hand Tossed Fresh Mozzarella Salad Sundried Tomato & Parsley",
    "shortDesc": "Formaggio Hand Tossed Fresh Mozzarella Salad Sundried Tomato & Parsley",
    "tags": [
      "Packaged Cheese"
    ],
    "categories": [
      {
        "code": "Breakfast & Dairy",
        "desc": "Breakfast & Dairy"
      }
    ],
    "subCategories": [
      {
        "code": "Dairy & Eggs",
        "desc": "Dairy & Eggs"
      }
    ],
    "brands": [
      {
        "code": "Formaggio",
        "desc": "Formaggio"
      }
    ],
    "price": {
      "basePrice": 6.09,
      "discountPrice": 6.09
    },
    "type": {
      "code": "Packaged Cheese",
      "desc": "Packaged Cheese"
    },
    "weight": "12 oz",
    "UpcCode": "",
    "tax": 0.0,
    "spiceLevel": "",
    "aiselNo": "1",
    "store": "Market Basket",
    "weightType": "12 oz",
    "imageName": "14623.jpg",
    "defaultImage": "14623.jpg",
    "updatedTimestamp": "Jan 23, 2021 8:02:30 PM",
    "createdTimestamp": "Jan 23, 2021 8:02:30 PM",
    "isNewlyAdded": false,
    "isActive": true,
    "isDealsEnabled": false,
    "quantity": 0
  },
  {
    "id": 9120,
    "code": "Golden Platter Chicken Tenders, Gluten Free",
    "desc": "Golden Platter Chicken Tenders, Gluten Free",
    "shortDesc": "Golden Platter Chicken Tenders, Gluten Free",
    "tags": [
      "Frozen Appetizers & Sides"
    ],
    "categories": [
      {
        "code": "Frozen Food",
        "desc": "Frozen Food"
      }
    ],
    "subCategories": [
      {
        "code": "Frozen Dinners & Entrees",
        "desc": "Frozen Dinners & Entrees"
      }
    ],
    "brands": [
      {
        "code": "Golden Platter",
        "desc": "Golden Platter"
      }
    ],
    "price": {
      "basePrice": 7.39,
      "discountPrice": 7.39
    },
    "type": {
      "code": "Frozen Appetizers & Sides",
      "desc": "Frozen Appetizers & Sides"
    },
    "weight": "24 oz",
    "UpcCode": "",
    "tax": 0.0,
    "spiceLevel": "",
    "aiselNo": "18",
    "store": "Market Basket",
    "weightType": "24 oz",
    "imageName": "15861.jpg",
    "defaultImage": "15861.jpg",
    "updatedTimestamp": "Jan 23, 2021 8:02:30 PM",
    "createdTimestamp": "Jan 23, 2021 8:02:30 PM",
    "isNewlyAdded": false,
    "isActive": true,
    "isDealsEnabled": false,
    "quantity": 0
  },
  {
    "id": 6200,
    "code": "7 Up Lemon Lime Mini",
    "desc": "7 Up Lemon Lime Mini",
    "shortDesc": "7 Up Lemon Lime Mini",
    "tags": [
      "Soft Drinks"
    ],
    "categories": [
      {
        "code": "Beverages & Juices",
        "desc": "Beverages & Juices"
      }
    ],
    "subCategories": [
      {
        "code": "Soft Drinks & Seltzers",
        "desc": "Soft Drinks & Seltzers"
      }
    ],
    "brands": [
      {
        "code": "7 up",
        "desc": "7 up"
      }
    ],
    "price": {
      "basePrice": 5.63,
      "discountPrice": 5.63
    },
    "type": {
      "code": "Soft Drinks",
      "desc": "Soft Drinks"
    },
    "weight": "8 x 12 fl oz",
    "UpcCode": "",
    "tax": 0.0,
    "spiceLevel": "",
    "aiselNo": "17",
    "store": "Market Basket",
    "weightType": "8 x 12 fl oz",
    "imageName": "No Image.jpg",
    "defaultImage": "No Image.jpg",
    "updatedTimestamp": "Jan 23, 2021 8:02:30 PM",
    "createdTimestamp": "Jan 23, 2021 8:02:30 PM",
    "isNewlyAdded": false,
    "isActive": true,
    "isDealsEnabled": false,
    "quantity": 0
  },
  {
    "id": 10239,
    "code": "Talenti Tahitian Vanilla Bean Gelato",
    "desc": "Talenti Tahitian Vanilla Bean Gelato",
    "shortDesc": "Talenti Tahitian Vanilla Bean Gelato",
    "tags": [
      "Ice Cream & Ice"
    ],
    "categories": [
      {
        "code": "Frozen Food",
        "desc": "Frozen Food"
      }
    ],
    "subCategories": [
      {
        "code": "Ice Cream & Ice",
        "desc": "Ice Cream & Ice"
      }
    ],
    "brands": [
      {
        "code": "Talenti",
        "desc": "Talenti"
      }
    ],
    "price": {
      "basePrice": 4.89,
      "discountPrice": 4.89
    },
    "type": {
      "code": "Ice Cream & Ice",
      "desc": "Ice Cream & Ice"
    },
    "weight": "1 pint",
    "UpcCode": "",
    "tax": 0.0,
    "spiceLevel": "",
    "aiselNo": "21",
    "store": "Market Basket",
    "weightType": "1 pint",
    "imageName": "3176.jpg",
    "defaultImage": "3176.jpg",
    "updatedTimestamp": "Jan 23, 2021 8:02:30 PM",
    "createdTimestamp": "Jan 23, 2021 8:02:30 PM",
    "isNewlyAdded": false,
    "isActive": true,
    "isDealsEnabled": false,
    "quantity": 0
  },
  {
    "id": 4540,
    "code": "Del Duca Prosciutto & Provolone Cheese Slices",
    "desc": "Del Duca Prosciutto & Provolone Cheese Slices",
    "shortDesc": "Del Duca Prosciutto & Provolone Cheese Slices",
    "tags": [
      "Other Meat"
    ],
    "categories": [
      {
        "code": "Meat & Seafood",
        "desc": "Meat & Seafood"
      }
    ],
    "subCategories": [
      {
        "code": "Lunch Meat",
        "desc": "Lunch Meat"
      }
    ],
    "brands": [
      {
        "code": "Del Duca",
        "desc": "Del Duca"
      }
    ],
    "price": {
      "basePrice": 6.09,
      "discountPrice": 6.09
    },
    "type": {
      "code": "Other Meat",
      "desc": "Other Meat"
    },
    "weight": "6 oz",
    "UpcCode": "",
    "tax": 0.0,
    "spiceLevel": "",
    "aiselNo": "22",
    "store": "Market Basket",
    "weightType": "6 oz",
    "imageName": "No Image.jpg",
    "defaultImage": "No Image.jpg",
    "updatedTimestamp": "Jan 23, 2021 8:02:30 PM",
    "createdTimestamp": "Jan 23, 2021 8:02:30 PM",
    "isNewlyAdded": false,
    "isActive": true,
    "isDealsEnabled": false,
    "quantity": 0
  },
  {
    "id": 5199,
    "code": "Milton's Craft Bakers Gluten Free Baked Crackers Cheddar Cheese",
    "desc": "Milton's Craft Bakers Gluten Free Baked Crackers Cheddar Cheese",
    "shortDesc": "Milton's Craft Bakers Gluten Free Baked Crackers Cheddar Cheese",
    "tags": [
      "Crackers"
    ],
    "categories": [
      {
        "code": "Chips, Cookies & Snacks",
        "desc": "Chips, Cookies & Snacks"
      }
    ],
    "subCategories": [
      {
        "code": "Cookies & Crackers",
        "desc": "Cookies & Crackers"
      }
    ],
    "brands": [
      {
        "code": "Milton's",
        "desc": "Milton's"
      }
    ],
    "price": {
      "basePrice": 3.91,
      "discountPrice": 3.91
    },
    "type": {
      "code": "Crackers",
      "desc": "Crackers"
    },
    "weight": "4.5 oz",
    "UpcCode": "",
    "tax": 0.0,
    "spiceLevel": "",
    "aiselNo": "6",
    "store": "Market Basket",
    "weightType": "4.5 oz",
    "imageName": "No Image.jpg",
    "defaultImage": "No Image.jpg",
    "updatedTimestamp": "Jan 23, 2021 8:02:30 PM",
    "createdTimestamp": "Jan 23, 2021 8:02:30 PM",
    "isNewlyAdded": false,
    "isActive": true,
    "isDealsEnabled": false,
    "quantity": 0
  },
  {
    "id": 8569,
    "code": "Pure Wesson Canola Oil",
    "desc": "Pure Wesson Canola Oil",
    "shortDesc": "Pure Wesson Canola Oil",
    "tags": [
      "Oils & Vinegars"
    ],
    "categories": [
      {
        "code": "Cooking Needs",
        "desc": "Cooking Needs"
      }
    ],
    "subCategories": [
      {
        "code": "Oils & Vinegars",
        "desc": "Oils & Vinegars"
      }
    ],
    "brands": [
      {
        "code": "Pure Wesson",
        "desc": "Pure Wesson"
      }
    ],
    "price": {
      "basePrice": 4.09,
      "discountPrice": 4.09
    },
    "type": {
      "code": "Oils & Vinegars",
      "desc": "Oils & Vinegars"
    },
    "weight": "24 oz",
    "UpcCode": "",
    "tax": 0.0,
    "spiceLevel": "",
    "aiselNo": "2",
    "store": "Market Basket",
    "weightType": "24 oz",
    "imageName": "1825.jpg",
    "defaultImage": "1825.jpg",
    "updatedTimestamp": "Jan 23, 2021 8:02:30 PM",
    "createdTimestamp": "Jan 23, 2021 8:02:30 PM",
    "isNewlyAdded": false,
    "isActive": true,
    "isDealsEnabled": false,
    "quantity": 0
  },
  {
    "id": 15054,
    "code": "Speed Stick by Mennen Regular Deodorant",
    "desc": "Speed Stick by Mennen Regular Deodorant",
    "shortDesc": "Speed Stick by Mennen Regular Deodorant",
    "tags": [
      "Deodorants"
    ],
    "categories": [
      {
        "code": "Personal Care",
        "desc": "Personal Care"
      }
    ],
    "subCategories": [
      {
        "code": "Personal Needs",
        "desc": "Personal Needs"
      }
    ],
    "brands": [
      {
        "code": "Speed Stick",
        "desc": "Speed Stick"
      }
    ],
    "price": {
      "basePrice": 3.55,
      "discountPrice": 3.55
    },
    "type": {
      "code": "Deodorants",
      "desc": "Deodorants"
    },
    "weight": "3.25 oz",
    "UpcCode": "",
    "tax": 1.0,
    "spiceLevel": "",
    "aiselNo": "13",
    "store": "Market Basket",
    "weightType": "3.25 oz",
    "imageName": "17701.jpg",
    "defaultImage": "17701.jpg",
    "updatedTimestamp": "Jan 23, 2021 8:02:30 PM",
    "createdTimestamp": "Jan 23, 2021 8:02:30 PM",
    "isNewlyAdded": false,
    "isActive": true,
    "isDealsEnabled": false,
    "quantity": 0
  },
  {
    "id": 6633,
    "code": "Odwalla Berries Gomega Berry Fruit Juice Drink",
    "desc": "Odwalla Berries Gomega Berry Fruit Juice Drink",
    "shortDesc": "Odwalla Berries Gomega Berry Fruit Juice Drink",
    "tags": [
      "Refrigerated Drinks"
    ],
    "categories": [
      {
        "code": "Beverages & Juices",
        "desc": "Beverages & Juices"
      }
    ],
    "subCategories": [
      {
        "code": "Juices & Refrigerated Drinks",
        "desc": "Juices & Refrigerated Drinks"
      }
    ],
    "brands": [
      {
        "code": "Odwalla",
        "desc": "Odwalla"
      }
    ],
    "price": {
      "basePrice": 3.59,
      "discountPrice": 3.59
    },
    "type": {
      "code": "Refrigerated Drinks",
      "desc": "Refrigerated Drinks"
    },
    "weight": "15.2 oz",
    "UpcCode": "",
    "tax": 0.0,
    "spiceLevel": "",
    "aiselNo": "20",
    "store": "Market Basket",
    "weightType": "15.2 oz",
    "imageName": "3799.jpg",
    "defaultImage": "3799.jpg",
    "updatedTimestamp": "Jan 23, 2021 8:02:30 PM",
    "createdTimestamp": "Jan 23, 2021 8:02:30 PM",
    "isNewlyAdded": false,
    "isActive": true,
    "isDealsEnabled": false,
    "quantity": 0
  },
  {
    "id": 7037,
    "code": "Royal Pudding & Pie Filling, Chocolate, Instant",
    "desc": "Royal Pudding & Pie Filling, Chocolate, Instant",
    "shortDesc": "Royal Pudding & Pie Filling, Chocolate, Instant",
    "tags": [
      "Doughs, Gelatins & Bake Mixes"
    ],
    "categories": [
      {
        "code": "Cooking Needs",
        "desc": "Cooking Needs"
      }
    ],
    "subCategories": [
      {
        "code": "Baking & Cooking",
        "desc": "Baking & Cooking"
      }
    ],
    "brands": [
      {
        "code": "Royal",
        "desc": "Royal"
      }
    ],
    "price": {
      "basePrice": 0.49,
      "discountPrice": 0.49
    },
    "type": {
      "code": "Doughs, Gelatins & Bake Mixes",
      "desc": "Doughs, Gelatins & Bake Mixes"
    },
    "weight": "2.03 oz",
    "UpcCode": "",
    "tax": 0.0,
    "spiceLevel": "",
    "aiselNo": "8",
    "store": "Market Basket",
    "weightType": "2.03 oz",
    "imageName": "2104.jpg",
    "defaultImage": "2104.jpg",
    "updatedTimestamp": "Jan 23, 2021 8:02:30 PM",
    "createdTimestamp": "Jan 23, 2021 8:02:30 PM",
    "isNewlyAdded": false,
    "isActive": true,
    "isDealsEnabled": false,
    "quantity": 0
  },
  {
    "id": 13854,
    "code": "Snack Pack Pudding Vanilla",
    "desc": "Snack Pack Pudding Vanilla",
    "shortDesc": "Snack Pack Pudding Vanilla",
    "tags": [
      "Refrigerated Pudding & Desserts"
    ],
    "categories": [
      {
        "code": "Breakfast & Dairy",
        "desc": "Breakfast & Dairy"
      }
    ],
    "subCategories": [
      {
        "code": "Dairy & Eggs",
        "desc": "Dairy & Eggs"
      }
    ],
    "brands": [
      {
        "code": "Snack Pack",
        "desc": "Snack Pack"
      }
    ],
    "price": {
      "basePrice": 1.49,
      "discountPrice": 1.49
    },
    "type": {
      "code": "Refrigerated Pudding & Desserts",
      "desc": "Refrigerated Pudding & Desserts"
    },
    "weight": "4 x 3.25 oz",
    "UpcCode": "",
    "tax": 0.0,
    "spiceLevel": "",
    "aiselNo": "19",
    "store": "Market Basket",
    "weightType": "4 x 3.25 oz",
    "imageName": "805.jpg",
    "defaultImage": "805.jpg",
    "updatedTimestamp": "Jan 23, 2021 8:02:30 PM",
    "createdTimestamp": "Jan 23, 2021 8:02:30 PM",
    "isNewlyAdded": false,
    "isActive": true,
    "isDealsEnabled": false,
    "quantity": 0
  },
  {
    "id": 3537,
    "code": "Delicious Fresh Cut Beets",
    "desc": "Delicious Fresh Cut Beets",
    "shortDesc": "Delicious Fresh Cut Beets",
    "tags": [
      "Beet"
    ],
    "categories": [
      {
        "code": "Fresh Produce",
        "desc": "Fresh Produce"
      }
    ],
    "subCategories": [
      {
        "code": "Fresh Vegetables",
        "desc": "Fresh Vegetables"
      }
    ],
    "brands": [
      {
        "code": "Market Basket",
        "desc": "Market Basket"
      }
    ],
    "price": {
      "basePrice": 2.31,
      "discountPrice": 2.31
    },
    "type": {
      "code": "Beet",
      "desc": "Beet"
    },
    "weight": "1 lb",
    "UpcCode": "",
    "tax": 0.0,
    "spiceLevel": "",
    "aiselNo": "20",
    "store": "Market Basket",
    "weightType": "1 lb",
    "imageName": "f151.jpg",
    "defaultImage": "f151.jpg",
    "updatedTimestamp": "Jan 23, 2021 8:02:30 PM",
    "createdTimestamp": "Jan 23, 2021 8:02:30 PM",
    "isNewlyAdded": false,
    "isActive": true,
    "isDealsEnabled": false,
    "quantity": 0
  },
  {
    "id": 9025,
    "code": "Polaner All Fruit Spreadable Fruit Blueberry",
    "desc": "Polaner All Fruit Spreadable Fruit Blueberry",
    "shortDesc": "Polaner All Fruit Spreadable Fruit Blueberry",
    "tags": [
      "Spreads"
    ],
    "categories": [
      {
        "code": "Condiments & Dressings",
        "desc": "Condiments & Dressings"
      }
    ],
    "subCategories": [
      {
        "code": "Preserved Dips & Spreads",
        "desc": "Preserved Dips & Spreads"
      }
    ],
    "brands": [
      {
        "code": "Polaner",
        "desc": "Polaner"
      }
    ],
    "price": {
      "basePrice": 3.69,
      "discountPrice": 3.69
    },
    "type": {
      "code": "Spreads",
      "desc": "Spreads"
    },
    "weight": "10 oz",
    "UpcCode": "",
    "tax": 0.0,
    "spiceLevel": "",
    "aiselNo": "3",
    "store": "Market Basket",
    "weightType": "10 oz",
    "imageName": "1677.jpg",
    "defaultImage": "1677.jpg",
    "updatedTimestamp": "Jan 23, 2021 8:02:30 PM",
    "createdTimestamp": "Jan 23, 2021 8:02:30 PM",
    "isNewlyAdded": false,
    "isActive": true,
    "isDealsEnabled": false,
    "quantity": 0
  },
  {
    "id": 6140,
    "code": "Market Basket Diet Cola",
    "desc": "Market Basket Diet Cola",
    "shortDesc": "Market Basket Diet Cola",
    "tags": [
      "Soft Drinks"
    ],
    "categories": [
      {
        "code": "Beverages & Juices",
        "desc": "Beverages & Juices"
      }
    ],
    "subCategories": [
      {
        "code": "Soft Drinks & Seltzers",
        "desc": "Soft Drinks & Seltzers"
      }
    ],
    "brands": [
      {
        "code": "Market Basket",
        "desc": "Market Basket"
      }
    ],
    "price": {
      "basePrice": 0.63,
      "discountPrice": 0.63
    },
    "type": {
      "code": "Soft Drinks",
      "desc": "Soft Drinks"
    },
    "weight": "20 fl oz",
    "UpcCode": "",
    "tax": 0.0,
    "spiceLevel": "",
    "aiselNo": "17",
    "store": "Market Basket",
    "weightType": "20 fl oz",
    "imageName": "Market Basket.jpg",
    "defaultImage": "Market Basket.jpg",
    "updatedTimestamp": "Jan 23, 2021 8:02:30 PM",
    "createdTimestamp": "Jan 23, 2021 8:02:30 PM",
    "isNewlyAdded": false,
    "isActive": true,
    "isDealsEnabled": false,
    "quantity": 0
  },
  {
    "id": 6533,
    "code": "Sunmaid Chocolate Yogurt Covered Raisins",
    "desc": "Sunmaid Chocolate Yogurt Covered Raisins",
    "shortDesc": "Sunmaid Chocolate Yogurt Covered Raisins",
    "tags": [
      "Nuts, Seeds & Dried Fruit"
    ],
    "categories": [
      {
        "code": "Chips, Cookies & Snacks",
        "desc": "Chips, Cookies & Snacks"
      }
    ],
    "subCategories": [
      {
        "code": "Nuts, Seeds & Dried Fruit",
        "desc": "Nuts, Seeds & Dried Fruit"
      }
    ],
    "brands": [
      {
        "code": "Sunmaid",
        "desc": "Sunmaid"
      }
    ],
    "price": {
      "basePrice": 3.0,
      "discountPrice": 3.0
    },
    "type": {
      "code": "Nuts, Seeds & Dried Fruit",
      "desc": "Nuts, Seeds & Dried Fruit"
    },
    "weight": "6 x 0.75 oz",
    "UpcCode": "",
    "tax": 0.0,
    "spiceLevel": "",
    "aiselNo": "6",
    "store": "Market Basket",
    "weightType": "6 x 0.75 oz",
    "imageName": "No Image.jpg",
    "defaultImage": "No Image.jpg",
    "updatedTimestamp": "Jan 23, 2021 8:02:30 PM",
    "createdTimestamp": "Jan 23, 2021 8:02:30 PM",
    "isNewlyAdded": false,
    "isActive": true,
    "isDealsEnabled": false,
    "quantity": 0
  },
  {
    "id": 7914,
    "code": "Premium Roasted Chicken Base",
    "desc": "Premium Roasted Chicken Base",
    "shortDesc": "Premium Roasted Chicken Base",
    "tags": [
      "Soup, Broth & Bouillon"
    ],
    "categories": [
      {
        "code": "Cooking Needs",
        "desc": "Cooking Needs"
      }
    ],
    "subCategories": [
      {
        "code": "Canned Food",
        "desc": "Canned Food"
      }
    ],
    "brands": [
      {
        "code": "Better Than Bouillon",
        "desc": "Better Than Bouillon"
      }
    ],
    "price": {
      "basePrice": 4.89,
      "discountPrice": 4.89
    },
    "type": {
      "code": "Soup, Broth & Bouillon",
      "desc": "Soup, Broth & Bouillon"
    },
    "weight": "8 oz",
    "UpcCode": "",
    "tax": 0.0,
    "spiceLevel": "",
    "aiselNo": "2",
    "store": "Market Basket",
    "weightType": "8 oz",
    "imageName": "17192.jpg",
    "defaultImage": "17192.jpg",
    "updatedTimestamp": "Jan 23, 2021 8:02:30 PM",
    "createdTimestamp": "Jan 23, 2021 8:02:30 PM",
    "isNewlyAdded": false,
    "isActive": true,
    "isDealsEnabled": false,
    "quantity": 0
  },
  {
    "id": 5094,
    "code": "Nonni's Biscotti Cioccolati",
    "desc": "Nonni's Biscotti Cioccolati",
    "shortDesc": "Nonni's Biscotti Cioccolati",
    "tags": [
      "Cookies & Cakes"
    ],
    "categories": [
      {
        "code": "Chips, Cookies & Snacks",
        "desc": "Chips, Cookies & Snacks"
      }
    ],
    "subCategories": [
      {
        "code": "Cookies & Crackers",
        "desc": "Cookies & Crackers"
      }
    ],
    "brands": [
      {
        "code": "Nonni's",
        "desc": "Nonni's"
      }
    ],
    "price": {
      "basePrice": 4.36,
      "discountPrice": 4.36
    },
    "type": {
      "code": "Cookies & Cakes",
      "desc": "Cookies & Cakes"
    },
    "weight": "6.88 oz",
    "UpcCode": "",
    "tax": 0.0,
    "spiceLevel": "",
    "aiselNo": "6",
    "store": "Market Basket",
    "weightType": "6.88 oz",
    "imageName": "15043.jpg",
    "defaultImage": "15043.jpg",
    "updatedTimestamp": "Jan 23, 2021 8:02:30 PM",
    "createdTimestamp": "Jan 23, 2021 8:02:30 PM",
    "isNewlyAdded": false,
    "isActive": true,
    "isDealsEnabled": false,
    "quantity": 0
  },
  {
    "id": 7463,
    "code": "Green Giant SteamCrisp White Shoepeg Whole Kernel Corn",
    "desc": "Green Giant SteamCrisp White Shoepeg Whole Kernel Corn",
    "shortDesc": "Green Giant SteamCrisp White Shoepeg Whole Kernel Corn",
    "tags": [
      "Canned & Jarred Vegetables"
    ],
    "categories": [
      {
        "code": "Cooking Needs",
        "desc": "Cooking Needs"
      }
    ],
    "subCategories": [
      {
        "code": "Canned Food",
        "desc": "Canned Food"
      }
    ],
    "brands": [
      {
        "code": "Green Giant",
        "desc": "Green Giant"
      }
    ],
    "price": {
      "basePrice": 1.89,
      "discountPrice": 1.89
    },
    "type": {
      "code": "Canned & Jarred Vegetables",
      "desc": "Canned & Jarred Vegetables"
    },
    "weight": "11 oz",
    "UpcCode": "",
    "tax": 0.0,
    "spiceLevel": "",
    "aiselNo": "9",
    "store": "Market Basket",
    "weightType": "11 oz",
    "imageName": "5086.jpg",
    "defaultImage": "5086.jpg",
    "updatedTimestamp": "Jan 23, 2021 8:02:30 PM",
    "createdTimestamp": "Jan 23, 2021 8:02:30 PM",
    "isNewlyAdded": false,
    "isActive": true,
    "isDealsEnabled": false,
    "quantity": 0
  },
  {
    "id": 4792,
    "code": "Market Basket Haddock",
    "desc": "Market Basket Haddock",
    "shortDesc": "Market Basket Haddock",
    "tags": [
      "Frozen Fish (All)"
    ],
    "categories": [
      {
        "code": "Meat & Seafood",
        "desc": "Meat & Seafood"
      }
    ],
    "subCategories": [
      {
        "code": "Frozen Meat & Seafood",
        "desc": "Frozen Meat & Seafood"
      }
    ],
    "brands": [
      {
        "code": "Market Basket",
        "desc": "Market Basket"
      }
    ],
    "price": {
      "basePrice": 7.39,
      "discountPrice": 7.39
    },
    "type": {
      "code": "Frozen Fish (All)",
      "desc": "Frozen Fish (All)"
    },
    "weight": "16 oz",
    "UpcCode": "",
    "tax": 0.0,
    "spiceLevel": "",
    "aiselNo": "18",
    "store": "Market Basket",
    "weightType": "16 oz",
    "imageName": "Market Basket.jpg",
    "defaultImage": "Market Basket.jpg",
    "updatedTimestamp": "Jan 23, 2021 8:02:30 PM",
    "createdTimestamp": "Jan 23, 2021 8:02:30 PM",
    "isNewlyAdded": false,
    "isActive": true,
    "isDealsEnabled": false,
    "quantity": 0
  },
  {
    "id": 13672,
    "code": "Chevrine Fresh Goat Cheese Natural",
    "desc": "Chevrine Fresh Goat Cheese Natural",
    "shortDesc": "Chevrine Fresh Goat Cheese Natural",
    "tags": [
      "Packaged Cheese"
    ],
    "categories": [
      {
        "code": "Breakfast & Dairy",
        "desc": "Breakfast & Dairy"
      }
    ],
    "subCategories": [
      {
        "code": "Dairy & Eggs",
        "desc": "Dairy & Eggs"
      }
    ],
    "brands": [
      {
        "code": "Chevrine",
        "desc": "Chevrine"
      }
    ],
    "price": {
      "basePrice": 6.09,
      "discountPrice": 6.09
    },
    "type": {
      "code": "Packaged Cheese",
      "desc": "Packaged Cheese"
    },
    "weight": "11 oz",
    "UpcCode": "",
    "tax": 0.0,
    "spiceLevel": "",
    "aiselNo": "1",
    "store": "Market Basket",
    "weightType": "11 oz",
    "imageName": "Market Basket.jpg",
    "defaultImage": "Market Basket.jpg",
    "updatedTimestamp": "Jan 23, 2021 8:02:30 PM",
    "createdTimestamp": "Jan 23, 2021 8:02:30 PM",
    "isNewlyAdded": false,
    "isActive": true,
    "isDealsEnabled": false,
    "quantity": 0
  },
  {
    "id": 5330,
    "code": "Nature's Bakery Fig Bar Blueberry",
    "desc": "Nature's Bakery Fig Bar Blueberry",
    "shortDesc": "Nature's Bakery Fig Bar Blueberry",
    "tags": [
      "Breakfast Bars"
    ],
    "categories": [
      {
        "code": "Breakfast & Dairy",
        "desc": "Breakfast & Dairy"
      }
    ],
    "subCategories": [
      {
        "code": "Bars & Pastries",
        "desc": "Bars & Pastries"
      }
    ],
    "brands": [
      {
        "code": "Nature's Bakery",
        "desc": "Nature's Bakery"
      }
    ],
    "price": {
      "basePrice": 4.69,
      "discountPrice": 4.69
    },
    "type": {
      "code": "Breakfast Bars",
      "desc": "Breakfast Bars"
    },
    "weight": "6 x 2 oz",
    "UpcCode": "",
    "tax": 0.0,
    "spiceLevel": "",
    "aiselNo": "6",
    "store": "Market Basket",
    "weightType": "6 x 2 oz",
    "imageName": "No Image.jpg",
    "defaultImage": "No Image.jpg",
    "updatedTimestamp": "Jan 23, 2021 8:02:30 PM",
    "createdTimestamp": "Jan 23, 2021 8:02:30 PM",
    "isNewlyAdded": false,
    "isActive": true,
    "isDealsEnabled": false,
    "quantity": 0
  },
  {
    "id": 10090,
    "code": "Hood Ice Cream Chocolate",
    "desc": "Hood Ice Cream Chocolate",
    "shortDesc": "Hood Ice Cream Chocolate",
    "tags": [
      "Ice Cream & Ice"
    ],
    "categories": [
      {
        "code": "Frozen Food",
        "desc": "Frozen Food"
      }
    ],
    "subCategories": [
      {
        "code": "Ice Cream & Ice",
        "desc": "Ice Cream & Ice"
      }
    ],
    "brands": [
      {
        "code": "Hood",
        "desc": "Hood"
      }
    ],
    "price": {
      "basePrice": 3.69,
      "discountPrice": 3.69
    },
    "type": {
      "code": "Ice Cream & Ice",
      "desc": "Ice Cream & Ice"
    },
    "weight": "1.5 quart",
    "UpcCode": "",
    "tax": 0.0,
    "spiceLevel": "",
    "aiselNo": "21",
    "store": "Market Basket",
    "weightType": "1.5 quart",
    "imageName": "3107.jpg",
    "defaultImage": "3107.jpg",
    "updatedTimestamp": "Jan 23, 2021 8:02:30 PM",
    "createdTimestamp": "Jan 23, 2021 8:02:30 PM",
    "isNewlyAdded": false,
    "isActive": true,
    "isDealsEnabled": false,
    "quantity": 0
  },
  {
    "id": 14894,
    "code": "Stayfree Maxi Super Pads - 24 CT",
    "desc": "Stayfree Maxi Super Pads - 24 CT",
    "shortDesc": "Stayfree Maxi Super Pads - 24 CT",
    "tags": [
      "Menstrual Pads"
    ],
    "categories": [
      {
        "code": "Personal Care",
        "desc": "Personal Care"
      }
    ],
    "subCategories": [
      {
        "code": "Feminine Care",
        "desc": "Feminine Care"
      }
    ],
    "brands": [
      {
        "code": "Stayfree",
        "desc": "Stayfree"
      }
    ],
    "price": {
      "basePrice": 5.28,
      "discountPrice": 5.28
    },
    "type": {
      "code": "Menstrual Pads",
      "desc": "Menstrual Pads"
    },
    "weight": "24 count",
    "UpcCode": "",
    "tax": 1.0,
    "spiceLevel": "",
    "aiselNo": "13",
    "store": "Market Basket",
    "weightType": "24 count",
    "imageName": "6527.jpg",
    "defaultImage": "6527.jpg",
    "updatedTimestamp": "Jan 23, 2021 8:02:30 PM",
    "createdTimestamp": "Jan 23, 2021 8:02:30 PM",
    "isNewlyAdded": false,
    "isActive": true,
    "isDealsEnabled": false,
    "quantity": 0
  },
  {
    "id": 7267,
    "code": "McCormick Cream Of Tartar",
    "desc": "McCormick Cream Of Tartar",
    "shortDesc": "McCormick Cream Of Tartar",
    "tags": [
      "Spices & Seasonings"
    ],
    "categories": [
      {
        "code": "Cooking Needs",
        "desc": "Cooking Needs"
      }
    ],
    "subCategories": [
      {
        "code": "Spices & Seasonings",
        "desc": "Spices & Seasonings"
      }
    ],
    "brands": [
      {
        "code": "McCormick",
        "desc": "McCormick"
      }
    ],
    "price": {
      "basePrice": 4.29,
      "discountPrice": 4.29
    },
    "type": {
      "code": "Spices & Seasonings",
      "desc": "Spices & Seasonings"
    },
    "weight": "1.5 oz",
    "UpcCode": "",
    "tax": 0.0,
    "spiceLevel": "",
    "aiselNo": "9",
    "store": "Market Basket",
    "weightType": "1.5 oz",
    "imageName": "2157.jpg",
    "defaultImage": "2157.jpg",
    "updatedTimestamp": "Jan 23, 2021 8:02:30 PM",
    "createdTimestamp": "Jan 23, 2021 8:02:30 PM",
    "isNewlyAdded": false,
    "isActive": true,
    "isDealsEnabled": false,
    "quantity": 0
  },
  {
    "id": 9177,
    "code": "Ore Ida Potatoes O'Brien with Onions & Peppers",
    "desc": "Ore Ida Potatoes O'Brien with Onions & Peppers",
    "shortDesc": "Ore Ida Potatoes O'Brien with Onions & Peppers",
    "tags": [
      "Frozen Appetizers & Sides"
    ],
    "categories": [
      {
        "code": "Frozen Food",
        "desc": "Frozen Food"
      }
    ],
    "subCategories": [
      {
        "code": "Frozen Dinners & Entrees",
        "desc": "Frozen Dinners & Entrees"
      }
    ],
    "brands": [
      {
        "code": "Ore-Ida",
        "desc": "Ore-Ida"
      }
    ],
    "price": {
      "basePrice": 3.09,
      "discountPrice": 3.09
    },
    "type": {
      "code": "Frozen Appetizers & Sides",
      "desc": "Frozen Appetizers & Sides"
    },
    "weight": "28 oz",
    "UpcCode": "",
    "tax": 0.0,
    "spiceLevel": "",
    "aiselNo": "18",
    "store": "Market Basket",
    "weightType": "28 oz",
    "imageName": "2570.jpg",
    "defaultImage": "2570.jpg",
    "updatedTimestamp": "Jan 23, 2021 8:02:30 PM",
    "createdTimestamp": "Jan 23, 2021 8:02:30 PM",
    "isNewlyAdded": false,
    "isActive": true,
    "isDealsEnabled": false,
    "quantity": 0
  },
  {
    "id": 15046,
    "code": "Secret Clinical Strength Deodorant Waterproof",
    "desc": "Secret Clinical Strength Deodorant Waterproof",
    "shortDesc": "Secret Clinical Strength Deodorant Waterproof",
    "tags": [
      "Deodorants"
    ],
    "categories": [
      {
        "code": "Personal Care",
        "desc": "Personal Care"
      }
    ],
    "subCategories": [
      {
        "code": "Personal Needs",
        "desc": "Personal Needs"
      }
    ],
    "brands": [
      {
        "code": "Secret",
        "desc": "Secret"
      }
    ],
    "price": {
      "basePrice": 9.88,
      "discountPrice": 9.88
    },
    "type": {
      "code": "Deodorants",
      "desc": "Deodorants"
    },
    "weight": "1.6 oz",
    "UpcCode": "",
    "tax": 1.0,
    "spiceLevel": "",
    "aiselNo": "13",
    "store": "Market Basket",
    "weightType": "1.6 oz",
    "imageName": "6286.jpg",
    "defaultImage": "6286.jpg",
    "updatedTimestamp": "Jan 23, 2021 8:02:30 PM",
    "createdTimestamp": "Jan 23, 2021 8:02:30 PM",
    "isNewlyAdded": false,
    "isActive": true,
    "isDealsEnabled": false,
    "quantity": 0
  },
  {
    "id": 5244,
    "code": "LATE JULY Sea Salt Multigrain Tortilla Chips Organic",
    "desc": "LATE JULY Sea Salt Multigrain Tortilla Chips Organic",
    "shortDesc": "LATE JULY Sea Salt Multigrain Tortilla Chips Organic",
    "tags": [
      "Chips & Pretzels"
    ],
    "categories": [
      {
        "code": "Chips, Cookies & Snacks",
        "desc": "Chips, Cookies & Snacks"
      }
    ],
    "subCategories": [
      {
        "code": "Chips & Fruit Snacks",
        "desc": "Chips & Fruit Snacks"
      }
    ],
    "brands": [
      {
        "code": "LATE JULY",
        "desc": "LATE JULY"
      }
    ],
    "price": {
      "basePrice": 4.67,
      "discountPrice": 4.67
    },
    "type": {
      "code": "Chips & Pretzels",
      "desc": "Chips & Pretzels"
    },
    "weight": "6 oz",
    "UpcCode": "",
    "tax": 0.0,
    "spiceLevel": "",
    "aiselNo": "0",
    "store": "Market Basket",
    "weightType": "6 oz",
    "imageName": "No Image.jpg",
    "defaultImage": "No Image.jpg",
    "updatedTimestamp": "Jan 23, 2021 8:02:30 PM",
    "createdTimestamp": "Jan 23, 2021 8:02:30 PM",
    "isNewlyAdded": false,
    "isActive": true,
    "isDealsEnabled": false,
    "quantity": 0
  },
  {
    "id": 9870,
    "code": "Market Basket Pearl Onions",
    "desc": "Market Basket Pearl Onions",
    "shortDesc": "Market Basket Pearl Onions",
    "tags": [
      "Frozen Produce"
    ],
    "categories": [
      {
        "code": "Frozen Food",
        "desc": "Frozen Food"
      }
    ],
    "subCategories": [
      {
        "code": "Frozen Produce",
        "desc": "Frozen Produce"
      }
    ],
    "brands": [
      {
        "code": "Market Basket",
        "desc": "Market Basket"
      }
    ],
    "price": {
      "basePrice": 1.69,
      "discountPrice": 1.69
    },
    "type": {
      "code": "Frozen Produce",
      "desc": "Frozen Produce"
    },
    "weight": "16 oz",
    "UpcCode": "",
    "tax": 0.0,
    "spiceLevel": "",
    "aiselNo": "19",
    "store": "Market Basket",
    "weightType": "16 oz",
    "imageName": "Market Basket.jpg",
    "defaultImage": "Market Basket.jpg",
    "updatedTimestamp": "Jan 23, 2021 8:02:30 PM",
    "createdTimestamp": "Jan 23, 2021 8:02:30 PM",
    "isNewlyAdded": false,
    "isActive": true,
    "isDealsEnabled": false,
    "quantity": 0
  },
  {
    "id": 5638,
    "code": "Dentyne Ice Peppermint Sugar Free Gum",
    "desc": "Dentyne Ice Peppermint Sugar Free Gum",
    "shortDesc": "Dentyne Ice Peppermint Sugar Free Gum",
    "tags": [
      "Mint & Gum"
    ],
    "categories": [
      {
        "code": "Chips, Cookies & Snacks",
        "desc": "Chips, Cookies & Snacks"
      }
    ],
    "subCategories": [
      {
        "code": "Candy & Chocolates",
        "desc": "Candy & Chocolates"
      }
    ],
    "brands": [
      {
        "code": "Dentyne",
        "desc": "Dentyne"
      }
    ],
    "price": {
      "basePrice": 2.49,
      "discountPrice": 2.49
    },
    "type": {
      "code": "Mint & Gum",
      "desc": "Mint & Gum"
    },
    "weight": "2.43 oz",
    "UpcCode": "",
    "tax": 0.0,
    "spiceLevel": "",
    "aiselNo": "3",
    "store": "Market Basket",
    "weightType": "2.43 oz",
    "imageName": "1513.jpg",
    "defaultImage": "1513.jpg",
    "updatedTimestamp": "Jan 23, 2021 8:02:30 PM",
    "createdTimestamp": "Jan 23, 2021 8:02:30 PM",
    "isNewlyAdded": false,
    "isActive": true,
    "isDealsEnabled": false,
    "quantity": 0
  },
  {
    "id": 7852,
    "code": "Goya Squid Pieces, Premium, Jumbo, in Olive Oil",
    "desc": "Goya Squid Pieces, Premium, Jumbo, in Olive Oil",
    "shortDesc": "Goya Squid Pieces, Premium, Jumbo, in Olive Oil",
    "tags": [
      "Canned Meat & Seafood"
    ],
    "categories": [
      {
        "code": "Cooking Needs",
        "desc": "Cooking Needs"
      }
    ],
    "subCategories": [
      {
        "code": "Canned Food",
        "desc": "Canned Food"
      }
    ],
    "brands": [
      {
        "code": "Goya",
        "desc": "Goya"
      }
    ],
    "price": {
      "basePrice": 3.09,
      "discountPrice": 3.09
    },
    "type": {
      "code": "Canned Meat & Seafood",
      "desc": "Canned Meat & Seafood"
    },
    "weight": "4 oz",
    "UpcCode": "",
    "tax": 0.0,
    "spiceLevel": "",
    "aiselNo": "2",
    "store": "Market Basket",
    "weightType": "4 oz",
    "imageName": "5224.jpg",
    "defaultImage": "5224.jpg",
    "updatedTimestamp": "Jan 23, 2021 8:02:30 PM",
    "createdTimestamp": "Jan 23, 2021 8:02:30 PM",
    "isNewlyAdded": false,
    "isActive": true,
    "isDealsEnabled": false,
    "quantity": 0
  },
  {
    "id": 7524,
    "code": "Market Basket Sliced Beets",
    "desc": "Market Basket Sliced Beets",
    "shortDesc": "Market Basket Sliced Beets",
    "tags": [
      "Canned & Jarred Vegetables"
    ],
    "categories": [
      {
        "code": "Cooking Needs",
        "desc": "Cooking Needs"
      }
    ],
    "subCategories": [
      {
        "code": "Canned Food",
        "desc": "Canned Food"
      }
    ],
    "brands": [
      {
        "code": "Market Basket",
        "desc": "Market Basket"
      }
    ],
    "price": {
      "basePrice": 0.99,
      "discountPrice": 0.99
    },
    "type": {
      "code": "Canned & Jarred Vegetables",
      "desc": "Canned & Jarred Vegetables"
    },
    "weight": "15 oz",
    "UpcCode": "",
    "tax": 0.0,
    "spiceLevel": "",
    "aiselNo": "9",
    "store": "Market Basket",
    "weightType": "15 oz",
    "imageName": "Market Basket.jpg",
    "defaultImage": "Market Basket.jpg",
    "updatedTimestamp": "Jan 23, 2021 8:02:30 PM",
    "createdTimestamp": "Jan 23, 2021 8:02:30 PM",
    "isNewlyAdded": false,
    "isActive": true,
    "isDealsEnabled": false,
    "quantity": 0
  },
  {
    "id": 5708,
    "code": "Balance Bar Nutrition Bar Yogurt Honey Peanut",
    "desc": "Balance Bar Nutrition Bar Yogurt Honey Peanut",
    "shortDesc": "Balance Bar Nutrition Bar Yogurt Honey Peanut",
    "tags": [
      "Protien Bars"
    ],
    "categories": [
      {
        "code": "Breakfast & Dairy",
        "desc": "Breakfast & Dairy"
      }
    ],
    "subCategories": [
      {
        "code": "Bars & Pastries",
        "desc": "Bars & Pastries"
      }
    ],
    "brands": [
      {
        "code": "Balance Bar",
        "desc": "Balance Bar"
      }
    ],
    "price": {
      "basePrice": 1.29,
      "discountPrice": 1.29
    },
    "type": {
      "code": "Protien Bars",
      "desc": "Protien Bars"
    },
    "weight": "1.76 oz",
    "UpcCode": "",
    "tax": 0.0,
    "spiceLevel": "",
    "aiselNo": "3",
    "store": "Market Basket",
    "weightType": "1.76 oz",
    "imageName": "15216.jpg",
    "defaultImage": "15216.jpg",
    "updatedTimestamp": "Jan 23, 2021 8:02:30 PM",
    "createdTimestamp": "Jan 23, 2021 8:02:30 PM",
    "isNewlyAdded": false,
    "isActive": true,
    "isDealsEnabled": false,
    "quantity": 0
  },
  {
    "id": 5389,
    "code": "Kame Rice Crackers Sesame",
    "desc": "Kame Rice Crackers Sesame",
    "shortDesc": "Kame Rice Crackers Sesame",
    "tags": [
      "Crackers"
    ],
    "categories": [
      {
        "code": "Chips, Cookies & Snacks",
        "desc": "Chips, Cookies & Snacks"
      }
    ],
    "subCategories": [
      {
        "code": "Cookies & Crackers",
        "desc": "Cookies & Crackers"
      }
    ],
    "brands": [
      {
        "code": "Kame",
        "desc": "Kame"
      }
    ],
    "price": {
      "basePrice": 4.67,
      "discountPrice": 4.67
    },
    "type": {
      "code": "Crackers",
      "desc": "Crackers"
    },
    "weight": "3.5 oz",
    "UpcCode": "",
    "tax": 0.0,
    "spiceLevel": "",
    "aiselNo": "6",
    "store": "Market Basket",
    "weightType": "3.5 oz",
    "imageName": "No Image.jpg",
    "defaultImage": "No Image.jpg",
    "updatedTimestamp": "Jan 23, 2021 8:02:30 PM",
    "createdTimestamp": "Jan 23, 2021 8:02:30 PM",
    "isNewlyAdded": false,
    "isActive": true,
    "isDealsEnabled": false,
    "quantity": 0
  },
  {
    "id": 14878,
    "code": "Always Maxi Super Pads Without Wings Unscented",
    "desc": "Always Maxi Super Pads Without Wings Unscented",
    "shortDesc": "Always Maxi Super Pads Without Wings Unscented",
    "tags": [
      "Menstrual Pads"
    ],
    "categories": [
      {
        "code": "Personal Care",
        "desc": "Personal Care"
      }
    ],
    "subCategories": [
      {
        "code": "Feminine Care",
        "desc": "Feminine Care"
      }
    ],
    "brands": [
      {
        "code": "Always",
        "desc": "Always"
      }
    ],
    "price": {
      "basePrice": 4.93,
      "discountPrice": 4.93
    },
    "type": {
      "code": "Menstrual Pads",
      "desc": "Menstrual Pads"
    },
    "weight": "22 count",
    "UpcCode": "",
    "tax": 1.0,
    "spiceLevel": "",
    "aiselNo": "13",
    "store": "Market Basket",
    "weightType": "22 count",
    "imageName": "6501.jpg",
    "defaultImage": "6501.jpg",
    "updatedTimestamp": "Jan 23, 2021 8:02:30 PM",
    "createdTimestamp": "Jan 23, 2021 8:02:30 PM",
    "isNewlyAdded": false,
    "isActive": true,
    "isDealsEnabled": false,
    "quantity": 0
  },
  {
    "id": 7506,
    "code": "Market Basket Diced Tomatoes In Tomato Juice No Salt Added",
    "desc": "Market Basket Diced Tomatoes In Tomato Juice No Salt Added",
    "shortDesc": "Market Basket Diced Tomatoes In Tomato Juice No Salt Added",
    "tags": [
      "Canned & Jarred Vegetables"
    ],
    "categories": [
      {
        "code": "Cooking Needs",
        "desc": "Cooking Needs"
      }
    ],
    "subCategories": [
      {
        "code": "Canned Food",
        "desc": "Canned Food"
      }
    ],
    "brands": [
      {
        "code": "Market Basket",
        "desc": "Market Basket"
      }
    ],
    "price": {
      "basePrice": 0.89,
      "discountPrice": 0.89
    },
    "type": {
      "code": "Canned & Jarred Vegetables",
      "desc": "Canned & Jarred Vegetables"
    },
    "weight": "14.5 oz",
    "UpcCode": "",
    "tax": 0.0,
    "spiceLevel": "",
    "aiselNo": "9",
    "store": "Market Basket",
    "weightType": "14.5 oz",
    "imageName": "Market Basket.jpg",
    "defaultImage": "Market Basket.jpg",
    "updatedTimestamp": "Jan 23, 2021 8:02:30 PM",
    "createdTimestamp": "Jan 23, 2021 8:02:30 PM",
    "isNewlyAdded": false,
    "isActive": true,
    "isDealsEnabled": false,
    "quantity": 0
  },
  {
    "id": 6260,
    "code": "Essentia Water Purified Water",
    "desc": "Essentia Water Purified Water",
    "shortDesc": "Essentia Water Purified Water",
    "tags": [
      "Water"
    ],
    "categories": [
      {
        "code": "Beverages & Juices",
        "desc": "Beverages & Juices"
      }
    ],
    "subCategories": [
      {
        "code": "Water",
        "desc": "Water"
      }
    ],
    "brands": [
      {
        "code": "Essentia",
        "desc": "Essentia"
      }
    ],
    "price": {
      "basePrice": 24.99,
      "discountPrice": 24.99
    },
    "type": {
      "code": "Water",
      "desc": "Water"
    },
    "weight": "12 x 1.5 L",
    "UpcCode": "",
    "tax": 0.0,
    "spiceLevel": "",
    "aiselNo": "11",
    "store": "Market Basket",
    "weightType": "12 x 1.5 L",
    "imageName": "No Image.jpg",
    "defaultImage": "No Image.jpg",
    "updatedTimestamp": "Jan 23, 2021 8:02:30 PM",
    "createdTimestamp": "Jan 23, 2021 8:02:30 PM",
    "isNewlyAdded": false,
    "isActive": true,
    "isDealsEnabled": false,
    "quantity": 0
  },
  {
    "id": 5925,
    "code": "Forto Energy Coffee Organic Coffee Latte",
    "desc": "Forto Energy Coffee Organic Coffee Latte",
    "shortDesc": "Forto Energy Coffee Organic Coffee Latte",
    "tags": [
      "Single To-Go Coffee"
    ],
    "categories": [
      {
        "code": "Beverages & Juices",
        "desc": "Beverages & Juices"
      }
    ],
    "subCategories": [
      {
        "code": "Tea, Coffee, Milk & Coconut Water",
        "desc": "Tea, Coffee, Milk & Coconut Water"
      }
    ],
    "brands": [
      {
        "code": "Forto",
        "desc": "Forto"
      }
    ],
    "price": {
      "basePrice": 2.5,
      "discountPrice": 2.5
    },
    "type": {
      "code": "Single To-Go Coffee",
      "desc": "Single To-Go Coffee"
    },
    "weight": "11 fl oz",
    "UpcCode": "",
    "tax": 0.0,
    "spiceLevel": "",
    "aiselNo": "17",
    "store": "Market Basket",
    "weightType": "11 fl oz",
    "imageName": "No Image.jpg",
    "defaultImage": "No Image.jpg",
    "updatedTimestamp": "Jan 23, 2021 8:02:30 PM",
    "createdTimestamp": "Jan 23, 2021 8:02:30 PM",
    "isNewlyAdded": false,
    "isActive": true,
    "isDealsEnabled": false,
    "quantity": 0
  },
  {
    "id": 14928,
    "code": "Halls Black Cherry Sugar Free Cough Drops",
    "desc": "Halls Black Cherry Sugar Free Cough Drops",
    "shortDesc": "Halls Black Cherry Sugar Free Cough Drops",
    "tags": [
      "Cold, Flu & Allergy"
    ],
    "categories": [
      {
        "code": "Personal Care",
        "desc": "Personal Care"
      }
    ],
    "subCategories": [
      {
        "code": "First Aid & Healthcare",
        "desc": "First Aid & Healthcare"
      }
    ],
    "brands": [
      {
        "code": "Halls",
        "desc": "Halls"
      }
    ],
    "price": {
      "basePrice": 2.29,
      "discountPrice": 2.29
    },
    "type": {
      "code": "Cold, Flu & Allergy",
      "desc": "Cold, Flu & Allergy"
    },
    "weight": "30 count",
    "UpcCode": "",
    "tax": 1.0,
    "spiceLevel": "",
    "aiselNo": "13",
    "store": "Market Basket",
    "weightType": "30 count",
    "imageName": "6660.jpg",
    "defaultImage": "6660.jpg",
    "updatedTimestamp": "Jan 23, 2021 8:02:30 PM",
    "createdTimestamp": "Jan 23, 2021 8:02:30 PM",
    "isNewlyAdded": false,
    "isActive": true,
    "isDealsEnabled": false,
    "quantity": 0
  },
  {
    "id": 5697,
    "code": "Amrita Health Foods Bar Cranberry Raisin",
    "desc": "Amrita Health Foods Bar Cranberry Raisin",
    "shortDesc": "Amrita Health Foods Bar Cranberry Raisin",
    "tags": [
      "Protien Bars"
    ],
    "categories": [
      {
        "code": "Breakfast & Dairy",
        "desc": "Breakfast & Dairy"
      }
    ],
    "subCategories": [
      {
        "code": "Bars & Pastries",
        "desc": "Bars & Pastries"
      }
    ],
    "brands": [
      {
        "code": "Amrita",
        "desc": "Amrita"
      }
    ],
    "price": {
      "basePrice": 1.89,
      "discountPrice": 1.89
    },
    "type": {
      "code": "Protien Bars",
      "desc": "Protien Bars"
    },
    "weight": "2 oz",
    "UpcCode": "",
    "tax": 0.0,
    "spiceLevel": "",
    "aiselNo": "3",
    "store": "Market Basket",
    "weightType": "2 oz",
    "imageName": "15268.jpg",
    "defaultImage": "15268.jpg",
    "updatedTimestamp": "Jan 23, 2021 8:02:30 PM",
    "createdTimestamp": "Jan 23, 2021 8:02:30 PM",
    "isNewlyAdded": false,
    "isActive": true,
    "isDealsEnabled": false,
    "quantity": 0
  },
  {
    "id": 7944,
    "code": "Campbell's Condensed Campbell's Condensed 98% Fat Free Cream of Mushroom Soup",
    "desc": "Campbell's Condensed Campbell's Condensed 98% Fat Free Cream of Mushroom Soup",
    "shortDesc": "Campbell's Condensed Campbell's Condensed 98% Fat Free Cream of Mushroom Soup",
    "tags": [
      "Soup, Broth & Bouillon"
    ],
    "categories": [
      {
        "code": "Cooking Needs",
        "desc": "Cooking Needs"
      }
    ],
    "subCategories": [
      {
        "code": "Canned Food",
        "desc": "Canned Food"
      }
    ],
    "brands": [
      {
        "code": "Campbell's",
        "desc": "Campbell's"
      }
    ],
    "price": {
      "basePrice": 2.09,
      "discountPrice": 2.09
    },
    "type": {
      "code": "Soup, Broth & Bouillon",
      "desc": "Soup, Broth & Bouillon"
    },
    "weight": "10.5 oz",
    "UpcCode": "",
    "tax": 0.0,
    "spiceLevel": "",
    "aiselNo": "2",
    "store": "Market Basket",
    "weightType": "10.5 oz",
    "imageName": "5309.jpg",
    "defaultImage": "5309.jpg",
    "updatedTimestamp": "Jan 23, 2021 8:02:30 PM",
    "createdTimestamp": "Jan 23, 2021 8:02:30 PM",
    "isNewlyAdded": false,
    "isActive": true,
    "isDealsEnabled": false,
    "quantity": 0
  },
  {
    "id": 13530,
    "code": "Shaw's Low Fat Milk",
    "desc": "Shaw's Low Fat Milk",
    "shortDesc": "Shaw's Low Fat Milk",
    "tags": [
      "Milk"
    ],
    "categories": [
      {
        "code": "Breakfast & Dairy",
        "desc": "Breakfast & Dairy"
      }
    ],
    "subCategories": [
      {
        "code": "Dairy & Eggs",
        "desc": "Dairy & Eggs"
      }
    ],
    "brands": [
      {
        "code": "Shaw's",
        "desc": "Shaw's"
      }
    ],
    "price": {
      "basePrice": 3.69,
      "discountPrice": 3.69
    },
    "type": {
      "code": "Milk",
      "desc": "Milk"
    },
    "weight": "1 gal",
    "UpcCode": "",
    "tax": 0.0,
    "spiceLevel": "",
    "aiselNo": "1",
    "store": "Market Basket",
    "weightType": "1 gal",
    "imageName": "Market Basket.jpg",
    "defaultImage": "Market Basket.jpg",
    "updatedTimestamp": "Jan 23, 2021 8:02:30 PM",
    "createdTimestamp": "Jan 23, 2021 8:02:30 PM",
    "isNewlyAdded": false,
    "isActive": true,
    "isDealsEnabled": false,
    "quantity": 0
  },
  {
    "id": 330,
    "code": "Market Basket Resealable Sandwich Bags",
    "desc": "Market Basket Resealable Sandwich Bags",
    "shortDesc": "Market Basket Resealable Sandwich Bags",
    "tags": [
      "Storage Bags"
    ],
    "categories": [
      {
        "code": "Kitchen & Cleaning",
        "desc": "Kitchen & Cleaning"
      }
    ],
    "subCategories": [
      {
        "code": "Food Storage & Kitchen Supplies",
        "desc": "Food Storage & Kitchen Supplies"
      }
    ],
    "brands": [
      {
        "code": "Market Basket",
        "desc": "Market Basket"
      }
    ],
    "price": {
      "basePrice": 2.49,
      "discountPrice": 2.49
    },
    "type": {
      "code": "Storage Bags",
      "desc": "Storage Bags"
    },
    "weight": "100 bag(s)",
    "UpcCode": "",
    "tax": 1.0,
    "spiceLevel": "",
    "aiselNo": "12",
    "store": "Market Basket",
    "weightType": "100 bag(s)",
    "imageName": "Market Basket.jpg",
    "defaultImage": "Market Basket.jpg",
    "updatedTimestamp": "Jan 23, 2021 8:02:30 PM",
    "createdTimestamp": "Jan 23, 2021 8:02:30 PM",
    "isNewlyAdded": false,
    "isActive": true,
    "isDealsEnabled": false,
    "quantity": 0
  },
  {
    "id": 8348,
    "code": "Aunt Jemima Butter Lite Syrup",
    "desc": "Aunt Jemima Butter Lite Syrup",
    "shortDesc": "Aunt Jemima Butter Lite Syrup",
    "tags": [
      "Syrup"
    ],
    "categories": [
      {
        "code": "Condiments & Dressings",
        "desc": "Condiments & Dressings"
      }
    ],
    "subCategories": [
      {
        "code": "Honey, Syrup & Nectars",
        "desc": "Honey, Syrup & Nectars"
      }
    ],
    "brands": [
      {
        "code": "Aunt Jemima",
        "desc": "Aunt Jemima"
      }
    ],
    "price": {
      "basePrice": 4.29,
      "discountPrice": 4.29
    },
    "type": {
      "code": "Syrup",
      "desc": "Syrup"
    },
    "weight": "24 fl oz",
    "UpcCode": "",
    "tax": 0.0,
    "spiceLevel": "",
    "aiselNo": "3",
    "store": "Market Basket",
    "weightType": "24 fl oz",
    "imageName": "1601.jpg",
    "defaultImage": "1601.jpg",
    "updatedTimestamp": "Jan 23, 2021 8:02:30 PM",
    "createdTimestamp": "Jan 23, 2021 8:02:30 PM",
    "isNewlyAdded": false,
    "isActive": true,
    "isDealsEnabled": false,
    "quantity": 0
  },
  {
    "id": 514,
    "code": "Market Basket Laundry Detergent High Efficiency",
    "desc": "Market Basket Laundry Detergent High Efficiency",
    "shortDesc": "Market Basket Laundry Detergent High Efficiency",
    "tags": [
      "Laundry Detergent"
    ],
    "categories": [
      {
        "code": "Laundry & Paper Goods",
        "desc": "Laundry & Paper Goods"
      }
    ],
    "subCategories": [
      {
        "code": "Laundry",
        "desc": "Laundry"
      }
    ],
    "brands": [
      {
        "code": "Market Basket",
        "desc": "Market Basket"
      }
    ],
    "price": {
      "basePrice": 6.86,
      "discountPrice": 6.86
    },
    "type": {
      "code": "Laundry Detergent",
      "desc": "Laundry Detergent"
    },
    "weight": "100 fl oz",
    "UpcCode": "",
    "tax": 1.0,
    "spiceLevel": "",
    "aiselNo": "15",
    "store": "Market Basket",
    "weightType": "100 fl oz",
    "imageName": "Market Basket.jpg",
    "defaultImage": "Market Basket.jpg",
    "updatedTimestamp": "Jan 23, 2021 8:02:30 PM",
    "createdTimestamp": "Jan 23, 2021 8:02:30 PM",
    "isNewlyAdded": false,
    "isActive": true,
    "isDealsEnabled": false,
    "quantity": 0
  },
  {
    "id": 5170,
    "code": "Dare Breton Crackers Original",
    "desc": "Dare Breton Crackers Original",
    "shortDesc": "Dare Breton Crackers Original",
    "tags": [
      "Crackers"
    ],
    "categories": [
      {
        "code": "Chips, Cookies & Snacks",
        "desc": "Chips, Cookies & Snacks"
      }
    ],
    "subCategories": [
      {
        "code": "Cookies & Crackers",
        "desc": "Cookies & Crackers"
      }
    ],
    "brands": [
      {
        "code": "Dare",
        "desc": "Dare"
      }
    ],
    "price": {
      "basePrice": 3.13,
      "discountPrice": 3.13
    },
    "type": {
      "code": "Crackers",
      "desc": "Crackers"
    },
    "weight": "4.76 oz",
    "UpcCode": "",
    "tax": 0.0,
    "spiceLevel": "",
    "aiselNo": "6",
    "store": "Market Basket",
    "weightType": "4.76 oz",
    "imageName": "15175.jpg",
    "defaultImage": "15175.jpg",
    "updatedTimestamp": "Jan 23, 2021 8:02:30 PM",
    "createdTimestamp": "Jan 23, 2021 8:02:30 PM",
    "isNewlyAdded": false,
    "isActive": true,
    "isDealsEnabled": false,
    "quantity": 0
  },
  {
    "id": 3829,
    "code": "Hokto Kinoko Company Organic Bunapi Mushroom",
    "desc": "Hokto Kinoko Company Organic Bunapi Mushroom",
    "shortDesc": "Hokto Kinoko Company Organic Bunapi Mushroom",
    "tags": [
      "Mushroom"
    ],
    "categories": [
      {
        "code": "Fresh Produce",
        "desc": "Fresh Produce"
      }
    ],
    "subCategories": [
      {
        "code": "Fresh Organic Vegetables",
        "desc": "Fresh Organic Vegetables"
      }
    ],
    "brands": [
      {
        "code": "Hokto",
        "desc": "Hokto"
      }
    ],
    "price": {
      "basePrice": 3.55,
      "discountPrice": 3.55
    },
    "type": {
      "code": "Mushroom",
      "desc": "Mushroom"
    },
    "weight": "1 lb",
    "UpcCode": "",
    "tax": 0.0,
    "spiceLevel": "",
    "aiselNo": "20",
    "store": "Market Basket",
    "weightType": "1 lb",
    "imageName": "14412.jpg",
    "defaultImage": "14412.jpg",
    "updatedTimestamp": "Jan 23, 2021 8:02:30 PM",
    "createdTimestamp": "Jan 23, 2021 8:02:30 PM",
    "isNewlyAdded": false,
    "isActive": true,
    "isDealsEnabled": false,
    "quantity": 0
  },
  {
    "id": 7610,
    "code": "Del Monte 100 Calorie Chunky Mixed Fruit Cherry",
    "desc": "Del Monte 100 Calorie Chunky Mixed Fruit Cherry",
    "shortDesc": "Del Monte 100 Calorie Chunky Mixed Fruit Cherry",
    "tags": [
      "Canned Fruit & Applesauce"
    ],
    "categories": [
      {
        "code": "Cooking Needs",
        "desc": "Cooking Needs"
      }
    ],
    "subCategories": [
      {
        "code": "Canned Food",
        "desc": "Canned Food"
      }
    ],
    "brands": [
      {
        "code": "Del Monte",
        "desc": "Del Monte"
      }
    ],
    "price": {
      "basePrice": 1.29,
      "discountPrice": 1.29
    },
    "type": {
      "code": "Canned Fruit & Applesauce",
      "desc": "Canned Fruit & Applesauce"
    },
    "weight": "8.25 oz",
    "UpcCode": "",
    "tax": 0.0,
    "spiceLevel": "",
    "aiselNo": "3",
    "store": "Market Basket",
    "weightType": "8.25 oz",
    "imageName": "4915.jpg",
    "defaultImage": "4915.jpg",
    "updatedTimestamp": "Jan 23, 2021 8:02:30 PM",
    "createdTimestamp": "Jan 23, 2021 8:02:30 PM",
    "isNewlyAdded": false,
    "isActive": true,
    "isDealsEnabled": false,
    "quantity": 0
  },
  {
    "id": 15083,
    "code": "Systane Long Lasting Lubricant Eye Drops",
    "desc": "Systane Long Lasting Lubricant Eye Drops",
    "shortDesc": "Systane Long Lasting Lubricant Eye Drops",
    "tags": [
      "Eye & Ear Care"
    ],
    "categories": [
      {
        "code": "Personal Care",
        "desc": "Personal Care"
      }
    ],
    "subCategories": [
      {
        "code": "Personal Needs",
        "desc": "Personal Needs"
      }
    ],
    "brands": [
      {
        "code": "Systane",
        "desc": "Systane"
      }
    ],
    "price": {
      "basePrice": 16.89,
      "discountPrice": 16.89
    },
    "type": {
      "code": "Eye & Ear Care",
      "desc": "Eye & Ear Care"
    },
    "weight": "0.5 fl oz",
    "UpcCode": "",
    "tax": 1.0,
    "spiceLevel": "",
    "aiselNo": "13",
    "store": "Market Basket",
    "weightType": "0.5 fl oz",
    "imageName": "6483.jpg",
    "defaultImage": "6483.jpg",
    "updatedTimestamp": "Jan 23, 2021 8:02:30 PM",
    "createdTimestamp": "Jan 23, 2021 8:02:30 PM",
    "isNewlyAdded": false,
    "isActive": true,
    "isDealsEnabled": false,
    "quantity": 0
  },
  {
    "id": 9247,
    "code": "Glutino Gluten Free Original English Muffins",
    "desc": "Glutino Gluten Free Original English Muffins",
    "shortDesc": "Glutino Gluten Free Original English Muffins",
    "tags": [
      "Frozen Breakfast"
    ],
    "categories": [
      {
        "code": "Frozen Food",
        "desc": "Frozen Food"
      }
    ],
    "subCategories": [
      {
        "code": "Frozen Breakfast",
        "desc": "Frozen Breakfast"
      }
    ],
    "brands": [
      {
        "code": "Glutino",
        "desc": "Glutino"
      }
    ],
    "price": {
      "basePrice": 6.09,
      "discountPrice": 6.09
    },
    "type": {
      "code": "Frozen Breakfast",
      "desc": "Frozen Breakfast"
    },
    "weight": "16.9 oz",
    "UpcCode": "",
    "tax": 0.0,
    "spiceLevel": "",
    "aiselNo": "20",
    "store": "Market Basket",
    "weightType": "16.9 oz",
    "imageName": "15800.jpg",
    "defaultImage": "15800.jpg",
    "updatedTimestamp": "Jan 23, 2021 8:02:30 PM",
    "createdTimestamp": "Jan 23, 2021 8:02:30 PM",
    "isNewlyAdded": false,
    "isActive": true,
    "isDealsEnabled": false,
    "quantity": 0
  },
  {
    "id": 6271,
    "code": "Glaceau Vapor Distilled Premium Water Bottle Antitoxidant",
    "desc": "Glaceau Vapor Distilled Premium Water Bottle Antitoxidant",
    "shortDesc": "Glaceau Vapor Distilled Premium Water Bottle Antitoxidant",
    "tags": [
      "Water"
    ],
    "categories": [
      {
        "code": "Beverages & Juices",
        "desc": "Beverages & Juices"
      }
    ],
    "subCategories": [
      {
        "code": "Water",
        "desc": "Water"
      }
    ],
    "brands": [
      {
        "code": "Glaceau",
        "desc": "Glaceau"
      }
    ],
    "price": {
      "basePrice": 9.99,
      "discountPrice": 9.99
    },
    "type": {
      "code": "Water",
      "desc": "Water"
    },
    "weight": "6 x 1 L",
    "UpcCode": "",
    "tax": 0.0,
    "spiceLevel": "",
    "aiselNo": "11",
    "store": "Market Basket",
    "weightType": "6 x 1 L",
    "imageName": "No Image.jpg",
    "defaultImage": "No Image.jpg",
    "updatedTimestamp": "Jan 23, 2021 8:02:30 PM",
    "createdTimestamp": "Jan 23, 2021 8:02:30 PM",
    "isNewlyAdded": false,
    "isActive": true,
    "isDealsEnabled": false,
    "quantity": 0
  },
  {
    "id": 13884,
    "code": "Market Basket 100% Lactose Free Reduced Fat 2% Milk",
    "desc": "Market Basket 100% Lactose Free Reduced Fat 2% Milk",
    "shortDesc": "Market Basket 100% Lactose Free Reduced Fat 2% Milk",
    "tags": [
      "Soy & Lactose-Free"
    ],
    "categories": [
      {
        "code": "Breakfast & Dairy",
        "desc": "Breakfast & Dairy"
      }
    ],
    "subCategories": [
      {
        "code": "Dairy & Eggs",
        "desc": "Dairy & Eggs"
      }
    ],
    "brands": [
      {
        "code": "Market Basket",
        "desc": "Market Basket"
      }
    ],
    "price": {
      "basePrice": 3.69,
      "discountPrice": 3.69
    },
    "type": {
      "code": "Soy & Lactose-Free",
      "desc": "Soy & Lactose-Free"
    },
    "weight": "64 fl oz",
    "UpcCode": "",
    "tax": 0.0,
    "spiceLevel": "",
    "aiselNo": "1",
    "store": "Market Basket",
    "weightType": "64 fl oz",
    "imageName": "Market Basket.jpg",
    "defaultImage": "Market Basket.jpg",
    "updatedTimestamp": "Jan 23, 2021 8:02:30 PM",
    "createdTimestamp": "Jan 23, 2021 8:02:30 PM",
    "isNewlyAdded": false,
    "isActive": true,
    "isDealsEnabled": false,
    "quantity": 0
  },
  {
    "id": 7846,
    "code": "Goya Chicken Vienna Sausages In Chicken Broth",
    "desc": "Goya Chicken Vienna Sausages In Chicken Broth",
    "shortDesc": "Goya Chicken Vienna Sausages In Chicken Broth",
    "tags": [
      "Canned Meat & Seafood"
    ],
    "categories": [
      {
        "code": "Cooking Needs",
        "desc": "Cooking Needs"
      }
    ],
    "subCategories": [
      {
        "code": "Canned Food",
        "desc": "Canned Food"
      }
    ],
    "brands": [
      {
        "code": "Goya",
        "desc": "Goya"
      }
    ],
    "price": {
      "basePrice": 1.09,
      "discountPrice": 1.09
    },
    "type": {
      "code": "Canned Meat & Seafood",
      "desc": "Canned Meat & Seafood"
    },
    "weight": "4.6 oz",
    "UpcCode": "",
    "tax": 0.0,
    "spiceLevel": "",
    "aiselNo": "2",
    "store": "Market Basket",
    "weightType": "4.6 oz",
    "imageName": "5222.jpg",
    "defaultImage": "5222.jpg",
    "updatedTimestamp": "Jan 23, 2021 8:02:30 PM",
    "createdTimestamp": "Jan 23, 2021 8:02:30 PM",
    "isNewlyAdded": false,
    "isActive": true,
    "isDealsEnabled": false,
    "quantity": 0
  },
  {
    "id": 195,
    "code": "Wrights Silver Polish, Anti-Tarnish",
    "desc": "Wrights Silver Polish, Anti-Tarnish",
    "shortDesc": "Wrights Silver Polish, Anti-Tarnish",
    "tags": [
      "Other Cleaning Products"
    ],
    "categories": [
      {
        "code": "Kitchen & Cleaning",
        "desc": "Kitchen & Cleaning"
      }
    ],
    "subCategories": [
      {
        "code": "Cleaning Products",
        "desc": "Cleaning Products"
      }
    ],
    "brands": [
      {
        "code": "Wrights",
        "desc": "Wrights"
      }
    ],
    "price": {
      "basePrice": 4.29,
      "discountPrice": 4.29
    },
    "type": {
      "code": "Other Cleaning Products",
      "desc": "Other Cleaning Products"
    },
    "weight": "7 fl oz",
    "UpcCode": "",
    "tax": 1.0,
    "spiceLevel": "",
    "aiselNo": "15",
    "store": "Market Basket",
    "weightType": "7 fl oz",
    "imageName": "16757.jpg",
    "defaultImage": "16757.jpg",
    "updatedTimestamp": "Jan 23, 2021 8:02:30 PM",
    "createdTimestamp": "Jan 23, 2021 8:02:30 PM",
    "isNewlyAdded": false,
    "isActive": true,
    "isDealsEnabled": false,
    "quantity": 0
  },
  {
    "id": 7777,
    "code": "Kuner's Refried Black Beans",
    "desc": "Kuner's Refried Black Beans",
    "shortDesc": "Kuner's Refried Black Beans",
    "tags": [
      "Canned Meals & Beans"
    ],
    "categories": [
      {
        "code": "Cooking Needs",
        "desc": "Cooking Needs"
      }
    ],
    "subCategories": [
      {
        "code": "Canned Food",
        "desc": "Canned Food"
      }
    ],
    "brands": [
      {
        "code": "Kuner's",
        "desc": "Kuner's"
      }
    ],
    "price": {
      "basePrice": 2.09,
      "discountPrice": 2.09
    },
    "type": {
      "code": "Canned Meals & Beans",
      "desc": "Canned Meals & Beans"
    },
    "weight": "15.5 oz",
    "UpcCode": "",
    "tax": 0.0,
    "spiceLevel": "",
    "aiselNo": "2",
    "store": "Market Basket",
    "weightType": "15.5 oz",
    "imageName": "17125.jpg",
    "defaultImage": "17125.jpg",
    "updatedTimestamp": "Jan 23, 2021 8:02:30 PM",
    "createdTimestamp": "Jan 23, 2021 8:02:30 PM",
    "isNewlyAdded": false,
    "isActive": true,
    "isDealsEnabled": false,
    "quantity": 0
  },
  {
    "id": 4157,
    "code": "Perdue Whole Cornish Game Hen",
    "desc": "Perdue Whole Cornish Game Hen",
    "shortDesc": "Perdue Whole Cornish Game Hen",
    "tags": [
      "Hen"
    ],
    "categories": [
      {
        "code": "Meat & Seafood",
        "desc": "Meat & Seafood"
      }
    ],
    "subCategories": [
      {
        "code": "Meat & Seafood Counter",
        "desc": "Meat & Seafood Counter"
      }
    ],
    "brands": [
      {
        "code": "Perdue",
        "desc": "Perdue"
      }
    ],
    "price": {
      "basePrice": 2.79,
      "discountPrice": 2.79
    },
    "type": {
      "code": "Hen",
      "desc": "Hen"
    },
    "weight": "1 lb",
    "UpcCode": "",
    "tax": 0.0,
    "spiceLevel": "",
    "aiselNo": "22",
    "store": "Market Basket",
    "weightType": "1 lb",
    "imageName": "No Image.jpg",
    "defaultImage": "No Image.jpg",
    "updatedTimestamp": "Jan 23, 2021 8:02:30 PM",
    "createdTimestamp": "Jan 23, 2021 8:02:30 PM",
    "isNewlyAdded": false,
    "isActive": true,
    "isDealsEnabled": false,
    "quantity": 0
  },
  {
    "id": 14961,
    "code": "Lotrimin Athlete's Foot 1% Clotrimazole Antifungal Cream",
    "desc": "Lotrimin Athlete's Foot 1% Clotrimazole Antifungal Cream",
    "shortDesc": "Lotrimin Athlete's Foot 1% Clotrimazole Antifungal Cream",
    "tags": [
      "First Aid"
    ],
    "categories": [
      {
        "code": "Personal Care",
        "desc": "Personal Care"
      }
    ],
    "subCategories": [
      {
        "code": "First Aid & Healthcare",
        "desc": "First Aid & Healthcare"
      }
    ],
    "brands": [
      {
        "code": "Lotrimin",
        "desc": "Lotrimin"
      }
    ],
    "price": {
      "basePrice": 12.64,
      "discountPrice": 12.64
    },
    "type": {
      "code": "First Aid",
      "desc": "First Aid"
    },
    "weight": "0.42 oz",
    "UpcCode": "",
    "tax": 1.0,
    "spiceLevel": "",
    "aiselNo": "13",
    "store": "Market Basket",
    "weightType": "0.42 oz",
    "imageName": "6538.jpg",
    "defaultImage": "6538.jpg",
    "updatedTimestamp": "Jan 23, 2021 8:02:30 PM",
    "createdTimestamp": "Jan 23, 2021 8:02:30 PM",
    "isNewlyAdded": false,
    "isActive": true,
    "isDealsEnabled": false,
    "quantity": 0
  },
  {
    "id": 471,
    "code": "OxiClean Laundry Booster Odor Blasters",
    "desc": "OxiClean Laundry Booster Odor Blasters",
    "shortDesc": "OxiClean Laundry Booster Odor Blasters",
    "tags": [
      "Laundry Detergent"
    ],
    "categories": [
      {
        "code": "Laundry & Paper Goods",
        "desc": "Laundry & Paper Goods"
      }
    ],
    "subCategories": [
      {
        "code": "Laundry",
        "desc": "Laundry"
      }
    ],
    "brands": [
      {
        "code": "Oxi Clean",
        "desc": "Oxi Clean"
      }
    ],
    "price": {
      "basePrice": 9.36,
      "discountPrice": 9.36
    },
    "type": {
      "code": "Laundry Detergent",
      "desc": "Laundry Detergent"
    },
    "weight": "50 fl oz",
    "UpcCode": "",
    "tax": 1.0,
    "spiceLevel": "",
    "aiselNo": "15",
    "store": "Market Basket",
    "weightType": "50 fl oz",
    "imageName": "No Image.jpg",
    "defaultImage": "No Image.jpg",
    "updatedTimestamp": "Jan 23, 2021 8:02:30 PM",
    "createdTimestamp": "Jan 23, 2021 8:02:30 PM",
    "isNewlyAdded": false,
    "isActive": true,
    "isDealsEnabled": false,
    "quantity": 0
  },
  {
    "id": 6268,
    "code": "Glaceau Vapor Distilled Premium Water Bottle",
    "desc": "Glaceau Vapor Distilled Premium Water Bottle",
    "shortDesc": "Glaceau Vapor Distilled Premium Water Bottle",
    "tags": [
      "Water"
    ],
    "categories": [
      {
        "code": "Beverages & Juices",
        "desc": "Beverages & Juices"
      }
    ],
    "subCategories": [
      {
        "code": "Water",
        "desc": "Water"
      }
    ],
    "brands": [
      {
        "code": "Glaceau",
        "desc": "Glaceau"
      }
    ],
    "price": {
      "basePrice": 16.24,
      "discountPrice": 16.24
    },
    "type": {
      "code": "Water",
      "desc": "Water"
    },
    "weight": "12 x 1 L",
    "UpcCode": "",
    "tax": 0.0,
    "spiceLevel": "",
    "aiselNo": "11",
    "store": "Market Basket",
    "weightType": "12 x 1 L",
    "imageName": "No Image.jpg",
    "defaultImage": "No Image.jpg",
    "updatedTimestamp": "Jan 23, 2021 8:02:30 PM",
    "createdTimestamp": "Jan 23, 2021 8:02:30 PM",
    "isNewlyAdded": false,
    "isActive": true,
    "isDealsEnabled": false,
    "quantity": 0
  },
  {
    "id": 12700,
    "code": "Joseph's Thin Sandwich Rolls Flax Oat Bean & Whole Wheat",
    "desc": "Joseph's Thin Sandwich Rolls Flax Oat Bean & Whole Wheat",
    "shortDesc": "Joseph's Thin Sandwich Rolls Flax Oat Bean & Whole Wheat",
    "tags": [
      "Bread"
    ],
    "categories": [
      {
        "code": "Breakfast & Dairy",
        "desc": "Breakfast & Dairy"
      }
    ],
    "subCategories": [
      {
        "code": "Breads & Rolls",
        "desc": "Breads & Rolls"
      }
    ],
    "brands": [
      {
        "code": "Joseph's",
        "desc": "Joseph's"
      }
    ],
    "price": {
      "basePrice": 3.09,
      "discountPrice": 3.09
    },
    "type": {
      "code": "Bread",
      "desc": "Bread"
    },
    "weight": "12 oz",
    "UpcCode": "",
    "tax": 0.0,
    "spiceLevel": "",
    "aiselNo": "18",
    "store": "Market Basket",
    "weightType": "12 oz",
    "imageName": "No Image.jpg",
    "defaultImage": "No Image.jpg",
    "updatedTimestamp": "Jan 23, 2021 8:02:30 PM",
    "createdTimestamp": "Jan 23, 2021 8:02:30 PM",
    "isNewlyAdded": false,
    "isActive": true,
    "isDealsEnabled": false,
    "quantity": 0
  },
  {
    "id": 8098,
    "code": "Progresso Chicken Unsalted Broth",
    "desc": "Progresso Chicken Unsalted Broth",
    "shortDesc": "Progresso Chicken Unsalted Broth",
    "tags": [
      "Soup, Broth & Bouillon"
    ],
    "categories": [
      {
        "code": "Cooking Needs",
        "desc": "Cooking Needs"
      }
    ],
    "subCategories": [
      {
        "code": "Canned Food",
        "desc": "Canned Food"
      }
    ],
    "brands": [
      {
        "code": "Progresso",
        "desc": "Progresso"
      }
    ],
    "price": {
      "basePrice": 2.79,
      "discountPrice": 2.79
    },
    "type": {
      "code": "Soup, Broth & Bouillon",
      "desc": "Soup, Broth & Bouillon"
    },
    "weight": "32 oz",
    "UpcCode": "",
    "tax": 0.0,
    "spiceLevel": "",
    "aiselNo": "2",
    "store": "Market Basket",
    "weightType": "32 oz",
    "imageName": "5293.jpg",
    "defaultImage": "5293.jpg",
    "updatedTimestamp": "Jan 23, 2021 8:02:30 PM",
    "createdTimestamp": "Jan 23, 2021 8:02:30 PM",
    "isNewlyAdded": false,
    "isActive": true,
    "isDealsEnabled": false,
    "quantity": 0
  },
  {
    "id": 14868,
    "code": "Yardley London Moisturizing Bath Bar English Lavender",
    "desc": "Yardley London Moisturizing Bath Bar English Lavender",
    "shortDesc": "Yardley London Moisturizing Bath Bar English Lavender",
    "tags": [
      "Soap"
    ],
    "categories": [
      {
        "code": "Personal Care",
        "desc": "Personal Care"
      }
    ],
    "subCategories": [
      {
        "code": "Body Wash, Soap & Hair Care",
        "desc": "Body Wash, Soap & Hair Care"
      }
    ],
    "brands": [
      {
        "code": "Yardley",
        "desc": "Yardley"
      }
    ],
    "price": {
      "basePrice": 2.86,
      "discountPrice": 2.86
    },
    "type": {
      "code": "Soap",
      "desc": "Soap"
    },
    "weight": "2 count",
    "UpcCode": "",
    "tax": 1.0,
    "spiceLevel": "",
    "aiselNo": "13",
    "store": "Market Basket",
    "weightType": "2 count",
    "imageName": "17723.jpg",
    "defaultImage": "17723.jpg",
    "updatedTimestamp": "Jan 23, 2021 8:02:30 PM",
    "createdTimestamp": "Jan 23, 2021 8:02:30 PM",
    "isNewlyAdded": false,
    "isActive": true,
    "isDealsEnabled": false,
    "quantity": 0
  },
  {
    "id": 7540,
    "code": "Market Basket Whole Kernel White Corn",
    "desc": "Market Basket Whole Kernel White Corn",
    "shortDesc": "Market Basket Whole Kernel White Corn",
    "tags": [
      "Canned & Jarred Vegetables"
    ],
    "categories": [
      {
        "code": "Cooking Needs",
        "desc": "Cooking Needs"
      }
    ],
    "subCategories": [
      {
        "code": "Canned Food",
        "desc": "Canned Food"
      }
    ],
    "brands": [
      {
        "code": "Market Basket",
        "desc": "Market Basket"
      }
    ],
    "price": {
      "basePrice": 0.99,
      "discountPrice": 0.99
    },
    "type": {
      "code": "Canned & Jarred Vegetables",
      "desc": "Canned & Jarred Vegetables"
    },
    "weight": "15.25 oz",
    "UpcCode": "",
    "tax": 0.0,
    "spiceLevel": "",
    "aiselNo": "9",
    "store": "Market Basket",
    "weightType": "15.25 oz",
    "imageName": "Market Basket.jpg",
    "defaultImage": "Market Basket.jpg",
    "updatedTimestamp": "Jan 23, 2021 8:02:30 PM",
    "createdTimestamp": "Jan 23, 2021 8:02:30 PM",
    "isNewlyAdded": false,
    "isActive": true,
    "isDealsEnabled": false,
    "quantity": 0
  },
  {
    "id": 3608,
    "code": "Chinese Eggplant",
    "desc": "Chinese Eggplant",
    "shortDesc": "Chinese Eggplant",
    "tags": [
      "Eggplant"
    ],
    "categories": [
      {
        "code": "Fresh Produce",
        "desc": "Fresh Produce"
      }
    ],
    "subCategories": [
      {
        "code": "Fresh Vegetables",
        "desc": "Fresh Vegetables"
      }
    ],
    "brands": [
      {
        "code": "Market Basket",
        "desc": "Market Basket"
      }
    ],
    "price": {
      "basePrice": 1.64,
      "discountPrice": 1.64
    },
    "type": {
      "code": "Eggplant",
      "desc": "Eggplant"
    },
    "weight": "1 lb",
    "UpcCode": "",
    "tax": 0.0,
    "spiceLevel": "",
    "aiselNo": "20",
    "store": "Market Basket",
    "weightType": "1 lb",
    "imageName": "f190.jpg",
    "defaultImage": "f190.jpg",
    "updatedTimestamp": "Jan 23, 2021 8:02:30 PM",
    "createdTimestamp": "Jan 23, 2021 8:02:30 PM",
    "isNewlyAdded": false,
    "isActive": true,
    "isDealsEnabled": false,
    "quantity": 0
  },
  {
    "id": 6636,
    "code": "Odwalla Fruit Smoothie Citrus C Monster",
    "desc": "Odwalla Fruit Smoothie Citrus C Monster",
    "shortDesc": "Odwalla Fruit Smoothie Citrus C Monster",
    "tags": [
      "Refrigerated Drinks"
    ],
    "categories": [
      {
        "code": "Beverages & Juices",
        "desc": "Beverages & Juices"
      }
    ],
    "subCategories": [
      {
        "code": "Juices & Refrigerated Drinks",
        "desc": "Juices & Refrigerated Drinks"
      }
    ],
    "brands": [
      {
        "code": "Odwalla",
        "desc": "Odwalla"
      }
    ],
    "price": {
      "basePrice": 2.99,
      "discountPrice": 2.99
    },
    "type": {
      "code": "Refrigerated Drinks",
      "desc": "Refrigerated Drinks"
    },
    "weight": "12 fl oz",
    "UpcCode": "",
    "tax": 0.0,
    "spiceLevel": "",
    "aiselNo": "20",
    "store": "Market Basket",
    "weightType": "12 fl oz",
    "imageName": "3801.jpg",
    "defaultImage": "3801.jpg",
    "updatedTimestamp": "Jan 23, 2021 8:02:30 PM",
    "createdTimestamp": "Jan 23, 2021 8:02:30 PM",
    "isNewlyAdded": false,
    "isActive": true,
    "isDealsEnabled": false,
    "quantity": 0
  },
  {
    "id": 6234,
    "code": "Bubly Sparkling Water Strawberry",
    "desc": "Bubly Sparkling Water Strawberry",
    "shortDesc": "Bubly Sparkling Water Strawberry",
    "tags": [
      "Sparkling Water"
    ],
    "categories": [
      {
        "code": "Beverages & Juices",
        "desc": "Beverages & Juices"
      }
    ],
    "subCategories": [
      {
        "code": "Water",
        "desc": "Water"
      }
    ],
    "brands": [
      {
        "code": "Bubly",
        "desc": "Bubly"
      }
    ],
    "price": {
      "basePrice": 4.18,
      "discountPrice": 4.18
    },
    "type": {
      "code": "Sparkling Water",
      "desc": "Sparkling Water"
    },
    "weight": "8 x 12 fl oz",
    "UpcCode": "",
    "tax": 0.0,
    "spiceLevel": "",
    "aiselNo": "11",
    "store": "Market Basket",
    "weightType": "8 x 12 fl oz",
    "imageName": "No Image.jpg",
    "defaultImage": "No Image.jpg",
    "updatedTimestamp": "Jan 23, 2021 8:02:30 PM",
    "createdTimestamp": "Jan 23, 2021 8:02:30 PM",
    "isNewlyAdded": false,
    "isActive": true,
    "isDealsEnabled": false,
    "quantity": 0
  },
  {
    "id": 12850,
    "code": "Market Basket Signature Gourmet Mini Croissants",
    "desc": "Market Basket Signature Gourmet Mini Croissants",
    "shortDesc": "Market Basket Signature Gourmet Mini Croissants",
    "tags": [
      "Croissant"
    ],
    "categories": [
      {
        "code": "Breakfast & Dairy",
        "desc": "Breakfast & Dairy"
      }
    ],
    "subCategories": [
      {
        "code": "Breads & Rolls",
        "desc": "Breads & Rolls"
      }
    ],
    "brands": [
      {
        "code": "Market Basket",
        "desc": "Market Basket"
      }
    ],
    "price": {
      "basePrice": 4.39,
      "discountPrice": 4.39
    },
    "type": {
      "code": "Croissant",
      "desc": "Croissant"
    },
    "weight": "8 oz",
    "UpcCode": "",
    "tax": 0.0,
    "spiceLevel": "",
    "aiselNo": "0",
    "store": "Market Basket",
    "weightType": "8 oz",
    "imageName": "Market Basket.jpg",
    "defaultImage": "Market Basket.jpg",
    "updatedTimestamp": "Jan 23, 2021 8:02:30 PM",
    "createdTimestamp": "Jan 23, 2021 8:02:30 PM",
    "isNewlyAdded": false,
    "isActive": true,
    "isDealsEnabled": false,
    "quantity": 0
  },
  {
    "id": 10013,
    "code": "Edy's/Dreyer's Mint Chocolate Chip Ice Cream",
    "desc": "Edy's/Dreyer's Mint Chocolate Chip Ice Cream",
    "shortDesc": "Edy's/Dreyer's Mint Chocolate Chip Ice Cream",
    "tags": [
      "Ice Cream & Ice"
    ],
    "categories": [
      {
        "code": "Frozen Food",
        "desc": "Frozen Food"
      }
    ],
    "subCategories": [
      {
        "code": "Ice Cream & Ice",
        "desc": "Ice Cream & Ice"
      }
    ],
    "brands": [
      {
        "code": "Edy's/dreyer's",
        "desc": "Edy's/dreyer's"
      }
    ],
    "price": {
      "basePrice": 3.69,
      "discountPrice": 3.69
    },
    "type": {
      "code": "Ice Cream & Ice",
      "desc": "Ice Cream & Ice"
    },
    "weight": "1.5 quart",
    "UpcCode": "",
    "tax": 0.0,
    "spiceLevel": "",
    "aiselNo": "21",
    "store": "Market Basket",
    "weightType": "1.5 quart",
    "imageName": "3024.jpg",
    "defaultImage": "3024.jpg",
    "updatedTimestamp": "Jan 23, 2021 8:02:30 PM",
    "createdTimestamp": "Jan 23, 2021 8:02:30 PM",
    "isNewlyAdded": false,
    "isActive": true,
    "isDealsEnabled": false,
    "quantity": 0
  },
  {
    "id": 3579,
    "code": "Celery Roots",
    "desc": "Celery Roots",
    "shortDesc": "Celery Roots",
    "tags": [
      "Celery"
    ],
    "categories": [
      {
        "code": "Fresh Produce",
        "desc": "Fresh Produce"
      }
    ],
    "subCategories": [
      {
        "code": "Fresh Vegetables",
        "desc": "Fresh Vegetables"
      }
    ],
    "brands": [
      {
        "code": "Market Basket",
        "desc": "Market Basket"
      }
    ],
    "price": {
      "basePrice": 4.39,
      "discountPrice": 4.39
    },
    "type": {
      "code": "Celery",
      "desc": "Celery"
    },
    "weight": "1 pack",
    "UpcCode": "",
    "tax": 0.0,
    "spiceLevel": "",
    "aiselNo": "20",
    "store": "Market Basket",
    "weightType": "1 pack",
    "imageName": "f172.jpg",
    "defaultImage": "f172.jpg",
    "updatedTimestamp": "Jan 23, 2021 8:02:30 PM",
    "createdTimestamp": "Jan 23, 2021 8:02:30 PM",
    "isNewlyAdded": false,
    "isActive": true,
    "isDealsEnabled": false,
    "quantity": 0
  },
  {
    "id": 6053,
    "code": "Juicy Juice Freezer Pops",
    "desc": "Juicy Juice Freezer Pops",
    "shortDesc": "Juicy Juice Freezer Pops",
    "tags": [
      "Ice Pops"
    ],
    "categories": [
      {
        "code": "Beverages & Juices",
        "desc": "Beverages & Juices"
      }
    ],
    "subCategories": [
      {
        "code": "Ice Pops",
        "desc": "Ice Pops"
      }
    ],
    "brands": [
      {
        "code": "Juicy Juice",
        "desc": "Juicy Juice"
      }
    ],
    "price": {
      "basePrice": 1.24,
      "discountPrice": 1.24
    },
    "type": {
      "code": "Ice Pops",
      "desc": "Ice Pops"
    },
    "weight": "10 x 1 oz",
    "UpcCode": "",
    "tax": 0.0,
    "spiceLevel": "",
    "aiselNo": "17",
    "store": "Market Basket",
    "weightType": "10 x 1 oz",
    "imageName": "No Image.jpg",
    "defaultImage": "No Image.jpg",
    "updatedTimestamp": "Jan 23, 2021 8:02:29 PM",
    "createdTimestamp": "Jan 23, 2021 8:02:29 PM",
    "isNewlyAdded": false,
    "isActive": true,
    "isDealsEnabled": false,
    "quantity": 0
  },
  {
    "id": 7152,
    "code": "Newman's Own Dressing Oil & Vinegar",
    "desc": "Newman's Own Dressing Oil & Vinegar",
    "shortDesc": "Newman's Own Dressing Oil & Vinegar",
    "tags": [
      "Oils & Vinegars"
    ],
    "categories": [
      {
        "code": "Cooking Needs",
        "desc": "Cooking Needs"
      }
    ],
    "subCategories": [
      {
        "code": "Oils & Vinegars",
        "desc": "Oils & Vinegars"
      }
    ],
    "brands": [
      {
        "code": "Newman's Own",
        "desc": "Newman's Own"
      }
    ],
    "price": {
      "basePrice": 3.09,
      "discountPrice": 3.09
    },
    "type": {
      "code": "Oils & Vinegars",
      "desc": "Oils & Vinegars"
    },
    "weight": "12 fl oz",
    "UpcCode": "",
    "tax": 0.0,
    "spiceLevel": "",
    "aiselNo": "2",
    "store": "Market Basket",
    "weightType": "12 fl oz",
    "imageName": "15484.jpg",
    "defaultImage": "15484.jpg",
    "updatedTimestamp": "Jan 23, 2021 8:02:30 PM",
    "createdTimestamp": "Jan 23, 2021 8:02:30 PM",
    "isNewlyAdded": false,
    "isActive": true,
    "isDealsEnabled": false,
    "quantity": 0
  },
  {
    "id": 5379,
    "code": "Schar Gluten Free Cocoa Wafers",
    "desc": "Schar Gluten Free Cocoa Wafers",
    "shortDesc": "Schar Gluten Free Cocoa Wafers",
    "tags": [
      "Crackers"
    ],
    "categories": [
      {
        "code": "Chips, Cookies & Snacks",
        "desc": "Chips, Cookies & Snacks"
      }
    ],
    "subCategories": [
      {
        "code": "Cookies & Crackers",
        "desc": "Cookies & Crackers"
      }
    ],
    "brands": [
      {
        "code": "Schar",
        "desc": "Schar"
      }
    ],
    "price": {
      "basePrice": 4.67,
      "discountPrice": 4.67
    },
    "type": {
      "code": "Crackers",
      "desc": "Crackers"
    },
    "weight": "4.4 oz",
    "UpcCode": "",
    "tax": 0.0,
    "spiceLevel": "",
    "aiselNo": "6",
    "store": "Market Basket",
    "weightType": "4.4 oz",
    "imageName": "No Image.jpg",
    "defaultImage": "No Image.jpg",
    "updatedTimestamp": "Jan 23, 2021 8:02:30 PM",
    "createdTimestamp": "Jan 23, 2021 8:02:30 PM",
    "isNewlyAdded": false,
    "isActive": true,
    "isDealsEnabled": false,
    "quantity": 0
  },
  {
    "id": 15293,
    "code": "Ensure Plus Nutrition Shake Milk Chocolate Ready-to-Drink Bottles",
    "desc": "Ensure Plus Nutrition Shake Milk Chocolate Ready-to-Drink Bottles",
    "shortDesc": "Ensure Plus Nutrition Shake Milk Chocolate Ready-to-Drink Bottles",
    "tags": [
      "Protien Drinks"
    ],
    "categories": [
      {
        "code": "Personal Care",
        "desc": "Personal Care"
      }
    ],
    "subCategories": [
      {
        "code": "Vitamins & Proteins",
        "desc": "Vitamins & Proteins"
      }
    ],
    "brands": [
      {
        "code": "Ensure",
        "desc": "Ensure"
      }
    ],
    "price": {
      "basePrice": 14.02,
      "discountPrice": 14.02
    },
    "type": {
      "code": "Protien Drinks",
      "desc": "Protien Drinks"
    },
    "weight": "48 fl oz",
    "UpcCode": "",
    "tax": 1.0,
    "spiceLevel": "",
    "aiselNo": "13",
    "store": "Market Basket",
    "weightType": "48 fl oz",
    "imageName": "6722.jpg",
    "defaultImage": "6722.jpg",
    "updatedTimestamp": "Jan 23, 2021 8:02:30 PM",
    "createdTimestamp": "Jan 23, 2021 8:02:30 PM",
    "isNewlyAdded": false,
    "isActive": true,
    "isDealsEnabled": false,
    "quantity": 0
  },
  {
    "id": 5600,
    "code": "Twizzlers Licorice Twists",
    "desc": "Twizzlers Licorice Twists",
    "shortDesc": "Twizzlers Licorice Twists",
    "tags": [
      "Candy & Chocolate"
    ],
    "categories": [
      {
        "code": "Chips, Cookies & Snacks",
        "desc": "Chips, Cookies & Snacks"
      }
    ],
    "subCategories": [
      {
        "code": "Candy & Chocolates",
        "desc": "Candy & Chocolates"
      }
    ],
    "brands": [
      {
        "code": "Twizzlers",
        "desc": "Twizzlers"
      }
    ],
    "price": {
      "basePrice": 2.49,
      "discountPrice": 2.49
    },
    "type": {
      "code": "Candy & Chocolate",
      "desc": "Candy & Chocolate"
    },
    "weight": "16 oz",
    "UpcCode": "",
    "tax": 0.0,
    "spiceLevel": "",
    "aiselNo": "3",
    "store": "Market Basket",
    "weightType": "16 oz",
    "imageName": "14955.jpg",
    "defaultImage": "14955.jpg",
    "updatedTimestamp": "Jan 23, 2021 8:02:30 PM",
    "createdTimestamp": "Jan 23, 2021 8:02:30 PM",
    "isNewlyAdded": false,
    "isActive": true,
    "isDealsEnabled": false,
    "quantity": 0
  },
  {
    "id": 6603,
    "code": "Market Basket 100% Pure Juice PREMIUM 100% PURE CALICIUM and Vitamin D  PASTEURIZED ORANGE  JUICE NOT FROM CONCENTRATE",
    "desc": "Market Basket 100% Pure Juice PREMIUM 100% PURE CALICIUM and Vitamin D  PASTEURIZED ORANGE  JUICE NOT FROM CONCENTRATE",
    "shortDesc": "Market Basket 100% Pure Juice PREMIUM 100% PURE CALICIUM and Vitamin D  PASTEURIZED ORANGE  JUICE NOT FROM CONCENTRATE",
    "tags": [
      "Refrigerated Drinks"
    ],
    "categories": [
      {
        "code": "Beverages & Juices",
        "desc": "Beverages & Juices"
      }
    ],
    "subCategories": [
      {
        "code": "Juices & Refrigerated Drinks",
        "desc": "Juices & Refrigerated Drinks"
      }
    ],
    "brands": [
      {
        "code": "Market Basket",
        "desc": "Market Basket"
      }
    ],
    "price": {
      "basePrice": 3.13,
      "discountPrice": 3.13
    },
    "type": {
      "code": "Refrigerated Drinks",
      "desc": "Refrigerated Drinks"
    },
    "weight": "59 fl oz",
    "UpcCode": "",
    "tax": 0.0,
    "spiceLevel": "",
    "aiselNo": "1",
    "store": "Market Basket",
    "weightType": "59 fl oz",
    "imageName": "X586.jpg",
    "defaultImage": "X586.jpg",
    "updatedTimestamp": "Jan 23, 2021 8:02:29 PM",
    "createdTimestamp": "Jan 23, 2021 8:02:29 PM",
    "isNewlyAdded": false,
    "isActive": true,
    "isDealsEnabled": false,
    "quantity": 0
  },
  {
    "id": 9866,
    "code": "Market Basket Mixed Fruit",
    "desc": "Market Basket Mixed Fruit",
    "shortDesc": "Market Basket Mixed Fruit",
    "tags": [
      "Frozen Produce"
    ],
    "categories": [
      {
        "code": "Frozen Food",
        "desc": "Frozen Food"
      }
    ],
    "subCategories": [
      {
        "code": "Frozen Produce",
        "desc": "Frozen Produce"
      }
    ],
    "brands": [
      {
        "code": "Market Basket",
        "desc": "Market Basket"
      }
    ],
    "price": {
      "basePrice": 4.59,
      "discountPrice": 4.59
    },
    "type": {
      "code": "Frozen Produce",
      "desc": "Frozen Produce"
    },
    "weight": "32 oz container",
    "UpcCode": "",
    "tax": 0.0,
    "spiceLevel": "",
    "aiselNo": "19",
    "store": "Market Basket",
    "weightType": "32 oz container",
    "imageName": "Market Basket.jpg",
    "defaultImage": "Market Basket.jpg",
    "updatedTimestamp": "Jan 23, 2021 8:02:30 PM",
    "createdTimestamp": "Jan 23, 2021 8:02:30 PM",
    "isNewlyAdded": false,
    "isActive": true,
    "isDealsEnabled": false,
    "quantity": 0
  },
  {
    "id": 10044,
    "code": "Friendly's Premium Ice Cream Orange Creme Fruit Swirl",
    "desc": "Friendly's Premium Ice Cream Orange Creme Fruit Swirl",
    "shortDesc": "Friendly's Premium Ice Cream Orange Creme Fruit Swirl",
    "tags": [
      "Ice Cream & Ice"
    ],
    "categories": [
      {
        "code": "Frozen Food",
        "desc": "Frozen Food"
      }
    ],
    "subCategories": [
      {
        "code": "Ice Cream & Ice",
        "desc": "Ice Cream & Ice"
      }
    ],
    "brands": [
      {
        "code": "Friendly's",
        "desc": "Friendly's"
      }
    ],
    "price": {
      "basePrice": 3.69,
      "discountPrice": 3.69
    },
    "type": {
      "code": "Ice Cream & Ice",
      "desc": "Ice Cream & Ice"
    },
    "weight": "1.5 quart",
    "UpcCode": "",
    "tax": 0.0,
    "spiceLevel": "",
    "aiselNo": "21",
    "store": "Market Basket",
    "weightType": "1.5 quart",
    "imageName": "3051.jpg",
    "defaultImage": "3051.jpg",
    "updatedTimestamp": "Jan 23, 2021 8:02:30 PM",
    "createdTimestamp": "Jan 23, 2021 8:02:30 PM",
    "isNewlyAdded": false,
    "isActive": true,
    "isDealsEnabled": false,
    "quantity": 0
  },
  {
    "id": 14543,
    "code": "Body Armor Super Drink Orange Mango",
    "desc": "Body Armor Super Drink Orange Mango",
    "shortDesc": "Body Armor Super Drink Orange Mango",
    "tags": [
      "Energy & Sports Drinks"
    ],
    "categories": [
      {
        "code": "Beverages & Juices",
        "desc": "Beverages & Juices"
      }
    ],
    "subCategories": [
      {
        "code": "Energy & Sports Drinks",
        "desc": "Energy & Sports Drinks"
      }
    ],
    "brands": [],
    "price": {
      "basePrice": 2.08,
      "discountPrice": 2.08
    },
    "type": {
      "code": "Energy & Sports Drinks",
      "desc": "Energy & Sports Drinks"
    },
    "weight": "28 fl oz",
    "UpcCode": "858176002300",
    "tax": 0.0,
    "spiceLevel": "",
    "aiselNo": "10",
    "store": "Market Basket",
    "weightType": "28 fl oz",
    "imageName": "X2688.jpg",
    "defaultImage": "X2688.jpg",
    "updatedTimestamp": "Jan 23, 2021 8:02:29 PM",
    "createdTimestamp": "Jan 23, 2021 8:02:29 PM",
    "isNewlyAdded": false,
    "isActive": true,
    "isDealsEnabled": false,
    "quantity": 0
  },
  {
    "id": 10268,
    "code": "Weight Watchers Giant Latte Ice Cream Bar",
    "desc": "Weight Watchers Giant Latte Ice Cream Bar",
    "shortDesc": "Weight Watchers Giant Latte Ice Cream Bar",
    "tags": [
      "Ice Cream & Ice"
    ],
    "categories": [
      {
        "code": "Frozen Food",
        "desc": "Frozen Food"
      }
    ],
    "subCategories": [
      {
        "code": "Ice Cream & Ice",
        "desc": "Ice Cream & Ice"
      }
    ],
    "brands": [
      {
        "code": "Weight Watchers",
        "desc": "Weight Watchers"
      }
    ],
    "price": {
      "basePrice": 5.99,
      "discountPrice": 5.99
    },
    "type": {
      "code": "Ice Cream & Ice",
      "desc": "Ice Cream & Ice"
    },
    "weight": "6 x 4 fl oz",
    "UpcCode": "",
    "tax": 0.0,
    "spiceLevel": "",
    "aiselNo": "21",
    "store": "Market Basket",
    "weightType": "6 x 4 fl oz",
    "imageName": "16161.jpg",
    "defaultImage": "16161.jpg",
    "updatedTimestamp": "Jan 23, 2021 8:02:30 PM",
    "createdTimestamp": "Jan 23, 2021 8:02:30 PM",
    "isNewlyAdded": false,
    "isActive": true,
    "isDealsEnabled": false,
    "quantity": 0
  },
  {
    "id": 9808,
    "code": "Wyman's Of Maine Fresh Frozen Strawberries",
    "desc": "Wyman's Of Maine Fresh Frozen Strawberries",
    "shortDesc": "Wyman's Of Maine Fresh Frozen Strawberries",
    "tags": [
      "Frozen Produce"
    ],
    "categories": [
      {
        "code": "Frozen Food",
        "desc": "Frozen Food"
      }
    ],
    "subCategories": [
      {
        "code": "Frozen Produce",
        "desc": "Frozen Produce"
      }
    ],
    "brands": [
      {
        "code": "Wyman's",
        "desc": "Wyman's"
      }
    ],
    "price": {
      "basePrice": 3.69,
      "discountPrice": 3.69
    },
    "type": {
      "code": "Frozen Produce",
      "desc": "Frozen Produce"
    },
    "weight": "15 oz",
    "UpcCode": "",
    "tax": 0.0,
    "spiceLevel": "",
    "aiselNo": "19",
    "store": "Market Basket",
    "weightType": "15 oz",
    "imageName": "2491.jpg",
    "defaultImage": "2491.jpg",
    "updatedTimestamp": "Jan 23, 2021 8:02:30 PM",
    "createdTimestamp": "Jan 23, 2021 8:02:30 PM",
    "isNewlyAdded": false,
    "isActive": true,
    "isDealsEnabled": false,
    "quantity": 0
  },
  {
    "id": 13533,
    "code": "Simply Smart Chocolate Fat Free Milk",
    "desc": "Simply Smart Chocolate Fat Free Milk",
    "shortDesc": "Simply Smart Chocolate Fat Free Milk",
    "tags": [
      "Milk"
    ],
    "categories": [
      {
        "code": "Breakfast & Dairy",
        "desc": "Breakfast & Dairy"
      }
    ],
    "subCategories": [
      {
        "code": "Dairy & Eggs",
        "desc": "Dairy & Eggs"
      }
    ],
    "brands": [
      {
        "code": "Simply Smart",
        "desc": "Simply Smart"
      }
    ],
    "price": {
      "basePrice": 3.69,
      "discountPrice": 3.69
    },
    "type": {
      "code": "Milk",
      "desc": "Milk"
    },
    "weight": "0.5 gal",
    "UpcCode": "",
    "tax": 0.0,
    "spiceLevel": "",
    "aiselNo": "1",
    "store": "Market Basket",
    "weightType": "0.5 gal",
    "imageName": "14726.jpg",
    "defaultImage": "14726.jpg",
    "updatedTimestamp": "Jan 23, 2021 8:02:30 PM",
    "createdTimestamp": "Jan 23, 2021 8:02:30 PM",
    "isNewlyAdded": false,
    "isActive": true,
    "isDealsEnabled": false,
    "quantity": 0
  },
  {
    "id": 6674,
    "code": "Tropicana Trop50 NO PULP CALICIUM +VITAMIN D 50% LESS SUGAR & CALORIES Than Orange juice",
    "desc": "Tropicana Trop50 NO PULP CALICIUM +VITAMIN D 50% LESS SUGAR & CALORIES Than Orange juice",
    "shortDesc": "Tropicana Trop50 NO PULP CALICIUM +VITAMIN D 50% LESS SUGAR & CALORIES Than Orange juice",
    "tags": [
      "Refrigerated Drinks"
    ],
    "categories": [
      {
        "code": "Beverages & Juices",
        "desc": "Beverages & Juices"
      }
    ],
    "subCategories": [
      {
        "code": "Juices & Refrigerated Drinks",
        "desc": "Juices & Refrigerated Drinks"
      }
    ],
    "brands": [
      {
        "code": "Tropicana ",
        "desc": "Tropicana "
      }
    ],
    "price": {
      "basePrice": 4.61,
      "discountPrice": 4.61
    },
    "type": {
      "code": "Refrigerated Drinks",
      "desc": "Refrigerated Drinks"
    },
    "weight": "52 fl oz",
    "UpcCode": "",
    "tax": 0.0,
    "spiceLevel": "",
    "aiselNo": "1",
    "store": "Market Basket",
    "weightType": "52 fl oz",
    "imageName": "X851.jpg",
    "defaultImage": "X851.jpg",
    "updatedTimestamp": "Jan 23, 2021 8:02:29 PM",
    "createdTimestamp": "Jan 23, 2021 8:02:29 PM",
    "isNewlyAdded": false,
    "isActive": true,
    "isDealsEnabled": false,
    "quantity": 0
  },
  {
    "id": 13341,
    "code": "Dunkin' Donuts Coffee Creamer Original",
    "desc": "Dunkin' Donuts Coffee Creamer Original",
    "shortDesc": "Dunkin' Donuts Coffee Creamer Original",
    "tags": [
      "Cream"
    ],
    "categories": [
      {
        "code": "Breakfast & Dairy",
        "desc": "Breakfast & Dairy"
      }
    ],
    "subCategories": [
      {
        "code": "Dairy & Eggs",
        "desc": "Dairy & Eggs"
      }
    ],
    "brands": [
      {
        "code": "Dunkin' Donuts",
        "desc": "Dunkin' Donuts"
      }
    ],
    "price": {
      "basePrice": 3.69,
      "discountPrice": 3.69
    },
    "type": {
      "code": "Cream",
      "desc": "Cream"
    },
    "weight": "32 fl oz",
    "UpcCode": "",
    "tax": 0.0,
    "spiceLevel": "",
    "aiselNo": "1",
    "store": "Market Basket",
    "weightType": "32 fl oz",
    "imageName": "584.jpg",
    "defaultImage": "584.jpg",
    "updatedTimestamp": "Jan 23, 2021 8:02:30 PM",
    "createdTimestamp": "Jan 23, 2021 8:02:30 PM",
    "isNewlyAdded": false,
    "isActive": true,
    "isDealsEnabled": false,
    "quantity": 0
  },
  {
    "id": 14870,
    "code": "First Response Early Result Pregnancy Test",
    "desc": "First Response Early Result Pregnancy Test",
    "shortDesc": "First Response Early Result Pregnancy Test",
    "tags": [
      "Family Planning"
    ],
    "categories": [
      {
        "code": "Personal Care",
        "desc": "Personal Care"
      }
    ],
    "subCategories": [
      {
        "code": "Personal Needs",
        "desc": "Personal Needs"
      }
    ],
    "brands": [
      {
        "code": "First Response",
        "desc": "First Response"
      }
    ],
    "price": {
      "basePrice": 19.31,
      "discountPrice": 19.31
    },
    "type": {
      "code": "Family Planning",
      "desc": "Family Planning"
    },
    "weight": "2 count",
    "UpcCode": "",
    "tax": 1.0,
    "spiceLevel": "",
    "aiselNo": "13",
    "store": "Market Basket",
    "weightType": "2 count",
    "imageName": "6752.jpg",
    "defaultImage": "6752.jpg",
    "updatedTimestamp": "Jan 23, 2021 8:02:30 PM",
    "createdTimestamp": "Jan 23, 2021 8:02:30 PM",
    "isNewlyAdded": false,
    "isActive": true,
    "isDealsEnabled": false,
    "quantity": 0
  },
  {
    "id": 7839,
    "code": "Chicken of the Sea Whole Baby Clams",
    "desc": "Chicken of the Sea Whole Baby Clams",
    "shortDesc": "Chicken of the Sea Whole Baby Clams",
    "tags": [
      "Canned Meat & Seafood"
    ],
    "categories": [
      {
        "code": "Cooking Needs",
        "desc": "Cooking Needs"
      }
    ],
    "subCategories": [
      {
        "code": "Canned Food",
        "desc": "Canned Food"
      }
    ],
    "brands": [
      {
        "code": "Chicken of the Sea",
        "desc": "Chicken of the Sea"
      }
    ],
    "price": {
      "basePrice": 2.19,
      "discountPrice": 2.19
    },
    "type": {
      "code": "Canned Meat & Seafood",
      "desc": "Canned Meat & Seafood"
    },
    "weight": "10 oz",
    "UpcCode": "",
    "tax": 0.0,
    "spiceLevel": "",
    "aiselNo": "2",
    "store": "Market Basket",
    "weightType": "10 oz",
    "imageName": "5219.jpg",
    "defaultImage": "5219.jpg",
    "updatedTimestamp": "Jan 23, 2021 8:02:30 PM",
    "createdTimestamp": "Jan 23, 2021 8:02:30 PM",
    "isNewlyAdded": false,
    "isActive": true,
    "isDealsEnabled": false,
    "quantity": 0
  },
  {
    "id": 7986,
    "code": "Campbell's Well Yes! Well Yes Butternut Squash Apple Bisque",
    "desc": "Campbell's Well Yes! Well Yes Butternut Squash Apple Bisque",
    "shortDesc": "Campbell's Well Yes! Well Yes Butternut Squash Apple Bisque",
    "tags": [
      "Soup, Broth & Bouillon"
    ],
    "categories": [
      {
        "code": "Cooking Needs",
        "desc": "Cooking Needs"
      }
    ],
    "subCategories": [
      {
        "code": "Canned Food",
        "desc": "Canned Food"
      }
    ],
    "brands": [
      {
        "code": "Campbell's",
        "desc": "Campbell's"
      }
    ],
    "price": {
      "basePrice": 2.49,
      "discountPrice": 2.49
    },
    "type": {
      "code": "Soup, Broth & Bouillon",
      "desc": "Soup, Broth & Bouillon"
    },
    "weight": "16.2 oz",
    "UpcCode": "",
    "tax": 0.0,
    "spiceLevel": "",
    "aiselNo": "2",
    "store": "Market Basket",
    "weightType": "16.2 oz",
    "imageName": "17186.jpg",
    "defaultImage": "17186.jpg",
    "updatedTimestamp": "Jan 23, 2021 8:02:30 PM",
    "createdTimestamp": "Jan 23, 2021 8:02:30 PM",
    "isNewlyAdded": false,
    "isActive": true,
    "isDealsEnabled": false,
    "quantity": 0
  },
  {
    "id": 13694,
    "code": "High Valley Farm Medium Cheddar Cheese Block",
    "desc": "High Valley Farm Medium Cheddar Cheese Block",
    "shortDesc": "High Valley Farm Medium Cheddar Cheese Block",
    "tags": [
      "Packaged Cheese"
    ],
    "categories": [
      {
        "code": "Breakfast & Dairy",
        "desc": "Breakfast & Dairy"
      }
    ],
    "subCategories": [
      {
        "code": "Dairy & Eggs",
        "desc": "Dairy & Eggs"
      }
    ],
    "brands": [
      {
        "code": "High Valley Farm",
        "desc": "High Valley Farm"
      }
    ],
    "price": {
      "basePrice": 3.09,
      "discountPrice": 3.09
    },
    "type": {
      "code": "Packaged Cheese",
      "desc": "Packaged Cheese"
    },
    "weight": "10 oz",
    "UpcCode": "",
    "tax": 0.0,
    "spiceLevel": "",
    "aiselNo": "1",
    "store": "Market Basket",
    "weightType": "10 oz",
    "imageName": "Market Basket.jpg",
    "defaultImage": "Market Basket.jpg",
    "updatedTimestamp": "Jan 23, 2021 8:02:30 PM",
    "createdTimestamp": "Jan 23, 2021 8:02:30 PM",
    "isNewlyAdded": false,
    "isActive": true,
    "isDealsEnabled": false,
    "quantity": 0
  },
  {
    "id": 7251,
    "code": "McCormick Banana Extract With Other Natural Flavors",
    "desc": "McCormick Banana Extract With Other Natural Flavors",
    "shortDesc": "McCormick Banana Extract With Other Natural Flavors",
    "tags": [
      "Spices & Seasonings"
    ],
    "categories": [
      {
        "code": "Cooking Needs",
        "desc": "Cooking Needs"
      }
    ],
    "subCategories": [
      {
        "code": "Spices & Seasonings",
        "desc": "Spices & Seasonings"
      }
    ],
    "brands": [
      {
        "code": "McCormick",
        "desc": "McCormick"
      }
    ],
    "price": {
      "basePrice": 3.69,
      "discountPrice": 3.69
    },
    "type": {
      "code": "Spices & Seasonings",
      "desc": "Spices & Seasonings"
    },
    "weight": "1 fl oz",
    "UpcCode": "",
    "tax": 0.0,
    "spiceLevel": "",
    "aiselNo": "9",
    "store": "Market Basket",
    "weightType": "1 fl oz",
    "imageName": "2174.jpg",
    "defaultImage": "2174.jpg",
    "updatedTimestamp": "Jan 23, 2021 8:02:30 PM",
    "createdTimestamp": "Jan 23, 2021 8:02:30 PM",
    "isNewlyAdded": false,
    "isActive": true,
    "isDealsEnabled": false,
    "quantity": 0
  },
  {
    "id": 8145,
    "code": "Wolfgang Puck Organic Free Range Chicken with White & Wild Rice Soup",
    "desc": "Wolfgang Puck Organic Free Range Chicken with White & Wild Rice Soup",
    "shortDesc": "Wolfgang Puck Organic Free Range Chicken with White & Wild Rice Soup",
    "tags": [
      "Soup, Broth & Bouillon"
    ],
    "categories": [
      {
        "code": "Cooking Needs",
        "desc": "Cooking Needs"
      }
    ],
    "subCategories": [
      {
        "code": "Canned Food",
        "desc": "Canned Food"
      }
    ],
    "brands": [
      {
        "code": "Wolfgang Puck",
        "desc": "Wolfgang Puck"
      }
    ],
    "price": {
      "basePrice": 3.49,
      "discountPrice": 3.49
    },
    "type": {
      "code": "Soup, Broth & Bouillon",
      "desc": "Soup, Broth & Bouillon"
    },
    "weight": "14.5 oz",
    "UpcCode": "",
    "tax": 0.0,
    "spiceLevel": "",
    "aiselNo": "2",
    "store": "Market Basket",
    "weightType": "14.5 oz",
    "imageName": "17223.jpg",
    "defaultImage": "17223.jpg",
    "updatedTimestamp": "Jan 23, 2021 8:02:30 PM",
    "createdTimestamp": "Jan 23, 2021 8:02:30 PM",
    "isNewlyAdded": false,
    "isActive": true,
    "isDealsEnabled": false,
    "quantity": 0
  },
  {
    "id": 290,
    "code": "Hefty Ez Foil 8 in. x 8 in. x 1.62 in. with Lids Cake Pans",
    "desc": "Hefty Ez Foil 8 in. x 8 in. x 1.62 in. with Lids Cake Pans",
    "shortDesc": "Hefty Ez Foil 8 in. x 8 in. x 1.62 in. with Lids Cake Pans",
    "tags": [
      "Cake Pans"
    ],
    "categories": [
      {
        "code": "Kitchen & Cleaning",
        "desc": "Kitchen & Cleaning"
      }
    ],
    "subCategories": [
      {
        "code": "Food Storage & Kitchen Supplies",
        "desc": "Food Storage & Kitchen Supplies"
      }
    ],
    "brands": [
      {
        "code": "Hefty",
        "desc": "Hefty"
      }
    ],
    "price": {
      "basePrice": 4.89,
      "discountPrice": 4.89
    },
    "type": {
      "code": "Cake Pans",
      "desc": "Cake Pans"
    },
    "weight": "3 count",
    "UpcCode": "",
    "tax": 1.0,
    "spiceLevel": "",
    "aiselNo": "12",
    "store": "Market Basket",
    "weightType": "3 count",
    "imageName": "4468.jpg",
    "defaultImage": "4468.jpg",
    "updatedTimestamp": "Jan 23, 2021 8:02:30 PM",
    "createdTimestamp": "Jan 23, 2021 8:02:30 PM",
    "isNewlyAdded": false,
    "isActive": true,
    "isDealsEnabled": false,
    "quantity": 0
  },
  {
    "id": 544,
    "code": "all stainlifters free clear detergent 4 Loads9",
    "desc": "all stainlifters free clear detergent 4 Loads9",
    "shortDesc": "all stainlifters free clear detergent 4 Loads9",
    "tags": [
      "Laundry Detergent"
    ],
    "categories": [
      {
        "code": "Laundry & Paper Goods",
        "desc": "Laundry & Paper Goods"
      }
    ],
    "subCategories": [
      {
        "code": "Laundry",
        "desc": "Laundry"
      }
    ],
    "brands": [
      {
        "code": "all",
        "desc": "all"
      }
    ],
    "price": {
      "basePrice": 13.11,
      "discountPrice": 13.11
    },
    "type": {
      "code": "Laundry Detergent",
      "desc": "Laundry Detergent"
    },
    "weight": "141 fl oz",
    "UpcCode": "",
    "tax": 1.0,
    "spiceLevel": "",
    "aiselNo": "15",
    "store": "Market Basket",
    "weightType": "141 fl oz",
    "imageName": "No Image.jpg",
    "defaultImage": "No Image.jpg",
    "updatedTimestamp": "Jan 23, 2021 8:02:30 PM",
    "createdTimestamp": "Jan 23, 2021 8:02:30 PM",
    "isNewlyAdded": false,
    "isActive": true,
    "isDealsEnabled": false,
    "quantity": 0
  },
  {
    "id": 4650,
    "code": "Chicken of the Sea Lump Crabmeat",
    "desc": "Chicken of the Sea Lump Crabmeat",
    "shortDesc": "Chicken of the Sea Lump Crabmeat",
    "tags": [
      "Canned Crabmeat"
    ],
    "categories": [
      {
        "code": "Meat & Seafood",
        "desc": "Meat & Seafood"
      }
    ],
    "subCategories": [
      {
        "code": "Canned Meat & Seafood",
        "desc": "Canned Meat & Seafood"
      }
    ],
    "brands": [
      {
        "code": "Chicken of the Sea",
        "desc": "Chicken of the Sea"
      }
    ],
    "price": {
      "basePrice": 4.89,
      "discountPrice": 4.89
    },
    "type": {
      "code": "Canned Crabmeat",
      "desc": "Canned Crabmeat"
    },
    "weight": "6 oz",
    "UpcCode": "",
    "tax": 0.0,
    "spiceLevel": "",
    "aiselNo": "2",
    "store": "Market Basket",
    "weightType": "6 oz",
    "imageName": "17156.jpg",
    "defaultImage": "17156.jpg",
    "updatedTimestamp": "Jan 23, 2021 8:02:30 PM",
    "createdTimestamp": "Jan 23, 2021 8:02:30 PM",
    "isNewlyAdded": false,
    "isActive": true,
    "isDealsEnabled": false,
    "quantity": 0
  },
  {
    "id": 13310,
    "code": "Mini Babybel Light Semisoft Cheeses",
    "desc": "Mini Babybel Light Semisoft Cheeses",
    "shortDesc": "Mini Babybel Light Semisoft Cheeses",
    "tags": [
      "Butter"
    ],
    "categories": [
      {
        "code": "Breakfast & Dairy",
        "desc": "Breakfast & Dairy"
      }
    ],
    "subCategories": [
      {
        "code": "Dairy & Eggs",
        "desc": "Dairy & Eggs"
      }
    ],
    "brands": [
      {
        "code": "Mini Babybel",
        "desc": "Mini Babybel"
      }
    ],
    "price": {
      "basePrice": 5.39,
      "discountPrice": 5.39
    },
    "type": {
      "code": "Butter",
      "desc": "Butter"
    },
    "weight": "10 count",
    "UpcCode": "",
    "tax": 0.0,
    "spiceLevel": "",
    "aiselNo": "1",
    "store": "Market Basket",
    "weightType": "10 count",
    "imageName": "14766.jpg",
    "defaultImage": "14766.jpg",
    "updatedTimestamp": "Jan 23, 2021 8:02:30 PM",
    "createdTimestamp": "Jan 23, 2021 8:02:30 PM",
    "isNewlyAdded": false,
    "isActive": true,
    "isDealsEnabled": false,
    "quantity": 0
  },
  {
    "id": 4557,
    "code": "San Daniele Pancetta",
    "desc": "San Daniele Pancetta",
    "shortDesc": "San Daniele Pancetta",
    "tags": [
      "Other Meat"
    ],
    "categories": [
      {
        "code": "Meat & Seafood",
        "desc": "Meat & Seafood"
      }
    ],
    "subCategories": [
      {
        "code": "Lunch Meat",
        "desc": "Lunch Meat"
      }
    ],
    "brands": [
      {
        "code": "San Daniele",
        "desc": "San Daniele"
      }
    ],
    "price": {
      "basePrice": 3.69,
      "discountPrice": 3.69
    },
    "type": {
      "code": "Other Meat",
      "desc": "Other Meat"
    },
    "weight": "3 oz",
    "UpcCode": "",
    "tax": 0.0,
    "spiceLevel": "",
    "aiselNo": "22",
    "store": "Market Basket",
    "weightType": "3 oz",
    "imageName": "5453.jpg",
    "defaultImage": "5453.jpg",
    "updatedTimestamp": "Jan 23, 2021 8:02:30 PM",
    "createdTimestamp": "Jan 23, 2021 8:02:30 PM",
    "isNewlyAdded": false,
    "isActive": true,
    "isDealsEnabled": false,
    "quantity": 0
  },
  {
    "id": 4270,
    "code": "Ruby Bay Irish Style Smoked Salmon",
    "desc": "Ruby Bay Irish Style Smoked Salmon",
    "shortDesc": "Ruby Bay Irish Style Smoked Salmon",
    "tags": [
      "Salmon"
    ],
    "categories": [
      {
        "code": "Meat & Seafood",
        "desc": "Meat & Seafood"
      }
    ],
    "subCategories": [
      {
        "code": "Packaged Meat & Seafood",
        "desc": "Packaged Meat & Seafood"
      }
    ],
    "brands": [
      {
        "code": "Ruby Bay",
        "desc": "Ruby Bay"
      }
    ],
    "price": {
      "basePrice": 6.89,
      "discountPrice": 6.89
    },
    "type": {
      "code": "Salmon",
      "desc": "Salmon"
    },
    "weight": "3 oz",
    "UpcCode": "",
    "tax": 0.0,
    "spiceLevel": "",
    "aiselNo": "22",
    "store": "Market Basket",
    "weightType": "3 oz",
    "imageName": "No Image.jpg",
    "defaultImage": "No Image.jpg",
    "updatedTimestamp": "Jan 23, 2021 8:02:30 PM",
    "createdTimestamp": "Jan 23, 2021 8:02:30 PM",
    "isNewlyAdded": false,
    "isActive": true,
    "isDealsEnabled": false,
    "quantity": 0
  },
  {
    "id": 14639,
    "code": "Twinings of London Decaffeinated Irish Breakfast Tea Bags",
    "desc": "Twinings of London Decaffeinated Irish Breakfast Tea Bags",
    "shortDesc": "Twinings of London Decaffeinated Irish Breakfast Tea Bags",
    "tags": [
      "Tea"
    ],
    "categories": [
      {
        "code": "Breakfast & Dairy",
        "desc": "Breakfast & Dairy"
      }
    ],
    "subCategories": [
      {
        "code": "Tea & Coffee",
        "desc": "Tea & Coffee"
      }
    ],
    "brands": [
      {
        "code": "Twinings",
        "desc": "Twinings"
      }
    ],
    "price": {
      "basePrice": 3.69,
      "discountPrice": 3.69
    },
    "type": {
      "code": "Tea",
      "desc": "Tea"
    },
    "weight": "20 count",
    "UpcCode": "",
    "tax": 0.0,
    "spiceLevel": "",
    "aiselNo": "8",
    "store": "Market Basket",
    "weightType": "20 count",
    "imageName": "3442.jpg",
    "defaultImage": "3442.jpg",
    "updatedTimestamp": "Jan 23, 2021 8:02:30 PM",
    "createdTimestamp": "Jan 23, 2021 8:02:30 PM",
    "isNewlyAdded": false,
    "isActive": true,
    "isDealsEnabled": false,
    "quantity": 0
  },
  {
    "id": 13891,
    "code": "Market Basket Original Almondmilk",
    "desc": "Market Basket Original Almondmilk",
    "shortDesc": "Market Basket Original Almondmilk",
    "tags": [
      "Soy & Lactose-Free"
    ],
    "categories": [
      {
        "code": "Breakfast & Dairy",
        "desc": "Breakfast & Dairy"
      }
    ],
    "subCategories": [
      {
        "code": "Dairy & Eggs",
        "desc": "Dairy & Eggs"
      }
    ],
    "brands": [
      {
        "code": "Market Basket",
        "desc": "Market Basket"
      }
    ],
    "price": {
      "basePrice": 2.09,
      "discountPrice": 2.09
    },
    "type": {
      "code": "Soy & Lactose-Free",
      "desc": "Soy & Lactose-Free"
    },
    "weight": "32 fl oz",
    "UpcCode": "",
    "tax": 0.0,
    "spiceLevel": "",
    "aiselNo": "1",
    "store": "Market Basket",
    "weightType": "32 fl oz",
    "imageName": "Market Basket.jpg",
    "defaultImage": "Market Basket.jpg",
    "updatedTimestamp": "Jan 23, 2021 8:02:30 PM",
    "createdTimestamp": "Jan 23, 2021 8:02:30 PM",
    "isNewlyAdded": false,
    "isActive": true,
    "isDealsEnabled": false,
    "quantity": 0
  },
  {
    "id": 14671,
    "code": "Nivea Hydrating In-Shower Body Lotion",
    "desc": "Nivea Hydrating In-Shower Body Lotion",
    "shortDesc": "Nivea Hydrating In-Shower Body Lotion",
    "tags": [
      "Body Lotion"
    ],
    "categories": [
      {
        "code": "Personal Care",
        "desc": "Personal Care"
      }
    ],
    "subCategories": [
      {
        "code": "Body Wash, Soap & Hair Care",
        "desc": "Body Wash, Soap & Hair Care"
      }
    ],
    "brands": [
      {
        "code": "Nivea",
        "desc": "Nivea"
      }
    ],
    "price": {
      "basePrice": 10.57,
      "discountPrice": 10.57
    },
    "type": {
      "code": "Body Lotion",
      "desc": "Body Lotion"
    },
    "weight": "13.5 fl oz",
    "UpcCode": "",
    "tax": 1.0,
    "spiceLevel": "",
    "aiselNo": "13",
    "store": "Market Basket",
    "weightType": "13.5 fl oz",
    "imageName": "17764.jpg",
    "defaultImage": "17764.jpg",
    "updatedTimestamp": "Jan 23, 2021 8:02:30 PM",
    "createdTimestamp": "Jan 23, 2021 8:02:30 PM",
    "isNewlyAdded": false,
    "isActive": true,
    "isDealsEnabled": false,
    "quantity": 0
  },
  {
    "id": 14435,
    "code": "Nescafe Taster's Choice House Blend Instant Coffee",
    "desc": "Nescafe Taster's Choice House Blend Instant Coffee",
    "shortDesc": "Nescafe Taster's Choice House Blend Instant Coffee",
    "tags": [
      "Coffee"
    ],
    "categories": [
      {
        "code": "Breakfast & Dairy",
        "desc": "Breakfast & Dairy"
      }
    ],
    "subCategories": [
      {
        "code": "Tea & Coffee",
        "desc": "Tea & Coffee"
      }
    ],
    "brands": [
      {
        "code": "Nescafe",
        "desc": "Nescafe"
      }
    ],
    "price": {
      "basePrice": 10.39,
      "discountPrice": 10.39
    },
    "type": {
      "code": "Coffee",
      "desc": "Coffee"
    },
    "weight": "7 oz",
    "UpcCode": "",
    "tax": 0.0,
    "spiceLevel": "",
    "aiselNo": "8",
    "store": "Market Basket",
    "weightType": "7 oz",
    "imageName": "3398.jpg",
    "defaultImage": "3398.jpg",
    "updatedTimestamp": "Jan 23, 2021 8:02:30 PM",
    "createdTimestamp": "Jan 23, 2021 8:02:30 PM",
    "isNewlyAdded": false,
    "isActive": true,
    "isDealsEnabled": false,
    "quantity": 0
  },
  {
    "id": 8926,
    "code": "McCormick Imitation Bacon Bits",
    "desc": "McCormick Imitation Bacon Bits",
    "shortDesc": "McCormick Imitation Bacon Bits",
    "tags": [
      "Salad Dressing & Toppings"
    ],
    "categories": [
      {
        "code": "Condiments & Dressings",
        "desc": "Condiments & Dressings"
      }
    ],
    "subCategories": [
      {
        "code": "Salad Dressings & Toppings",
        "desc": "Salad Dressings & Toppings"
      }
    ],
    "brands": [
      {
        "code": "McCormick",
        "desc": "McCormick"
      }
    ],
    "price": {
      "basePrice": 2.09,
      "discountPrice": 2.09
    },
    "type": {
      "code": "Salad Dressing & Toppings",
      "desc": "Salad Dressing & Toppings"
    },
    "weight": "4.4 oz",
    "UpcCode": "",
    "tax": 0.0,
    "spiceLevel": "",
    "aiselNo": "2",
    "store": "Market Basket",
    "weightType": "4.4 oz",
    "imageName": "15474.jpg",
    "defaultImage": "15474.jpg",
    "updatedTimestamp": "Jan 23, 2021 8:02:30 PM",
    "createdTimestamp": "Jan 23, 2021 8:02:30 PM",
    "isNewlyAdded": false,
    "isActive": true,
    "isDealsEnabled": false,
    "quantity": 0
  },
  {
    "id": 9136,
    "code": "Koch Snack Cravers Chicken Fries",
    "desc": "Koch Snack Cravers Chicken Fries",
    "shortDesc": "Koch Snack Cravers Chicken Fries",
    "tags": [
      "Frozen Appetizers & Sides"
    ],
    "categories": [
      {
        "code": "Frozen Food",
        "desc": "Frozen Food"
      }
    ],
    "subCategories": [
      {
        "code": "Frozen Dinners & Entrees",
        "desc": "Frozen Dinners & Entrees"
      }
    ],
    "brands": [
      {
        "code": "Koch",
        "desc": "Koch"
      }
    ],
    "price": {
      "basePrice": 6.09,
      "discountPrice": 6.09
    },
    "type": {
      "code": "Frozen Appetizers & Sides",
      "desc": "Frozen Appetizers & Sides"
    },
    "weight": "26 oz",
    "UpcCode": "",
    "tax": 0.0,
    "spiceLevel": "",
    "aiselNo": "18",
    "store": "Market Basket",
    "weightType": "26 oz",
    "imageName": "Market Basket.jpg",
    "defaultImage": "Market Basket.jpg",
    "updatedTimestamp": "Jan 23, 2021 8:02:30 PM",
    "createdTimestamp": "Jan 23, 2021 8:02:30 PM",
    "isNewlyAdded": false,
    "isActive": true,
    "isDealsEnabled": false,
    "quantity": 0
  },
  {
    "id": 8634,
    "code": "Market Basket Napkins",
    "desc": "Market Basket Napkins",
    "shortDesc": "Market Basket Napkins",
    "tags": [
      "Paper Napkins"
    ],
    "categories": [
      {
        "code": "Laundry & Paper Goods",
        "desc": "Laundry & Paper Goods"
      }
    ],
    "subCategories": [
      {
        "code": "Paper Goods",
        "desc": "Paper Goods"
      }
    ],
    "brands": [
      {
        "code": "Market Basket",
        "desc": "Market Basket"
      }
    ],
    "price": {
      "basePrice": 2.49,
      "discountPrice": 2.49
    },
    "type": {
      "code": "Paper Napkins",
      "desc": "Paper Napkins"
    },
    "weight": "250 count",
    "UpcCode": "",
    "tax": 0.0,
    "spiceLevel": "",
    "aiselNo": "14",
    "store": "Market Basket",
    "weightType": "250 count",
    "imageName": "Market Basket.jpg",
    "defaultImage": "Market Basket.jpg",
    "updatedTimestamp": "Jan 23, 2021 8:02:29 PM",
    "createdTimestamp": "Jan 23, 2021 8:02:29 PM",
    "isNewlyAdded": false,
    "isActive": true,
    "isDealsEnabled": false,
    "quantity": 0
  },
  {
    "id": 15068,
    "code": "Bausch & Lomb Multi Purpose Solution",
    "desc": "Bausch & Lomb Multi Purpose Solution",
    "shortDesc": "Bausch & Lomb Multi Purpose Solution",
    "tags": [
      "Eye & Ear Care"
    ],
    "categories": [
      {
        "code": "Personal Care",
        "desc": "Personal Care"
      }
    ],
    "subCategories": [
      {
        "code": "Personal Needs",
        "desc": "Personal Needs"
      }
    ],
    "brands": [
      {
        "code": "Bausch & Lomb",
        "desc": "Bausch & Lomb"
      }
    ],
    "price": {
      "basePrice": 15.51,
      "discountPrice": 15.51
    },
    "type": {
      "code": "Eye & Ear Care",
      "desc": "Eye & Ear Care"
    },
    "weight": "10 fl oz",
    "UpcCode": "",
    "tax": 1.0,
    "spiceLevel": "",
    "aiselNo": "13",
    "store": "Market Basket",
    "weightType": "10 fl oz",
    "imageName": "6479.jpg",
    "defaultImage": "6479.jpg",
    "updatedTimestamp": "Jan 23, 2021 8:02:30 PM",
    "createdTimestamp": "Jan 23, 2021 8:02:30 PM",
    "isNewlyAdded": false,
    "isActive": true,
    "isDealsEnabled": false,
    "quantity": 0
  },
  {
    "id": 10031,
    "code": "Friendly's Chocolate Cake Krunch Ice Cream Bar",
    "desc": "Friendly's Chocolate Cake Krunch Ice Cream Bar",
    "shortDesc": "Friendly's Chocolate Cake Krunch Ice Cream Bar",
    "tags": [
      "Ice Cream & Ice"
    ],
    "categories": [
      {
        "code": "Frozen Food",
        "desc": "Frozen Food"
      }
    ],
    "subCategories": [
      {
        "code": "Ice Cream & Ice",
        "desc": "Ice Cream & Ice"
      }
    ],
    "brands": [
      {
        "code": "Friendly's",
        "desc": "Friendly's"
      }
    ],
    "price": {
      "basePrice": 3.69,
      "discountPrice": 3.69
    },
    "type": {
      "code": "Ice Cream & Ice",
      "desc": "Ice Cream & Ice"
    },
    "weight": "6 x 2.75 fl oz",
    "UpcCode": "",
    "tax": 0.0,
    "spiceLevel": "",
    "aiselNo": "21",
    "store": "Market Basket",
    "weightType": "6 x 2.75 fl oz",
    "imageName": "3060.jpg",
    "defaultImage": "3060.jpg",
    "updatedTimestamp": "Jan 23, 2021 8:02:30 PM",
    "createdTimestamp": "Jan 23, 2021 8:02:30 PM",
    "isNewlyAdded": false,
    "isActive": true,
    "isDealsEnabled": false,
    "quantity": 0
  },
  {
    "id": 15331,
    "code": "Nature Made CoQ10 100 mg Softgels Value Size",
    "desc": "Nature Made CoQ10 100 mg Softgels Value Size",
    "shortDesc": "Nature Made CoQ10 100 mg Softgels Value Size",
    "tags": [
      "Vitamins & Supplements"
    ],
    "categories": [
      {
        "code": "Personal Care",
        "desc": "Personal Care"
      }
    ],
    "subCategories": [
      {
        "code": "Vitamins & Proteins",
        "desc": "Vitamins & Proteins"
      }
    ],
    "brands": [
      {
        "code": "Nature Made",
        "desc": "Nature Made"
      }
    ],
    "price": {
      "basePrice": 42.08,
      "discountPrice": 42.08
    },
    "type": {
      "code": "Vitamins & Supplements",
      "desc": "Vitamins & Supplements"
    },
    "weight": "72 count",
    "UpcCode": "",
    "tax": 1.0,
    "spiceLevel": "",
    "aiselNo": "13",
    "store": "Market Basket",
    "weightType": "72 count",
    "imageName": "18191.jpg",
    "defaultImage": "18191.jpg",
    "updatedTimestamp": "Jan 23, 2021 8:02:30 PM",
    "createdTimestamp": "Jan 23, 2021 8:02:30 PM",
    "isNewlyAdded": false,
    "isActive": true,
    "isDealsEnabled": false,
    "quantity": 0
  },
  {
    "id": 6910,
    "code": "Spectrum Organic All Vegetable Shortening Non Hydrogenated",
    "desc": "Spectrum Organic All Vegetable Shortening Non Hydrogenated",
    "shortDesc": "Spectrum Organic All Vegetable Shortening Non Hydrogenated",
    "tags": [
      "Baking Ingredients"
    ],
    "categories": [
      {
        "code": "Cooking Needs",
        "desc": "Cooking Needs"
      }
    ],
    "subCategories": [
      {
        "code": "Baking & Cooking",
        "desc": "Baking & Cooking"
      }
    ],
    "brands": [
      {
        "code": "Spectrum",
        "desc": "Spectrum"
      }
    ],
    "price": {
      "basePrice": 7.39,
      "discountPrice": 7.39
    },
    "type": {
      "code": "Baking Ingredients",
      "desc": "Baking Ingredients"
    },
    "weight": "24 oz",
    "UpcCode": "",
    "tax": 0.0,
    "spiceLevel": "",
    "aiselNo": "8",
    "store": "Market Basket",
    "weightType": "24 oz",
    "imageName": "15728.jpg",
    "defaultImage": "15728.jpg",
    "updatedTimestamp": "Jan 23, 2021 8:02:30 PM",
    "createdTimestamp": "Jan 23, 2021 8:02:30 PM",
    "isNewlyAdded": false,
    "isActive": true,
    "isDealsEnabled": false,
    "quantity": 0
  },
  {
    "id": 12961,
    "code": "Joseph's Flatbread Honey Wheat",
    "desc": "Joseph's Flatbread Honey Wheat",
    "shortDesc": "Joseph's Flatbread Honey Wheat",
    "tags": [
      "Tortillas & Flat Bread"
    ],
    "categories": [
      {
        "code": "Breakfast & Dairy",
        "desc": "Breakfast & Dairy"
      }
    ],
    "subCategories": [
      {
        "code": "Breads & Rolls",
        "desc": "Breads & Rolls"
      }
    ],
    "brands": [
      {
        "code": "Joseph's",
        "desc": "Joseph's"
      }
    ],
    "price": {
      "basePrice": 3.09,
      "discountPrice": 3.09
    },
    "type": {
      "code": "Tortillas & Flat Bread",
      "desc": "Tortillas & Flat Bread"
    },
    "weight": "5 count",
    "UpcCode": "",
    "tax": 0.0,
    "spiceLevel": "",
    "aiselNo": "18",
    "store": "Market Basket",
    "weightType": "5 count",
    "imageName": "4800.jpg",
    "defaultImage": "4800.jpg",
    "updatedTimestamp": "Jan 23, 2021 8:02:30 PM",
    "createdTimestamp": "Jan 23, 2021 8:02:30 PM",
    "isNewlyAdded": false,
    "isActive": true,
    "isDealsEnabled": false,
    "quantity": 0
  },
  {
    "id": 14466,
    "code": "Peet's Coffee K Cup Pods Dark Roast Coffee Major Dickason's Blend",
    "desc": "Peet's Coffee K Cup Pods Dark Roast Coffee Major Dickason's Blend",
    "shortDesc": "Peet's Coffee K Cup Pods Dark Roast Coffee Major Dickason's Blend",
    "tags": [
      "Coffee"
    ],
    "categories": [
      {
        "code": "Breakfast & Dairy",
        "desc": "Breakfast & Dairy"
      }
    ],
    "subCategories": [
      {
        "code": "Tea & Coffee",
        "desc": "Tea & Coffee"
      }
    ],
    "brands": [
      {
        "code": "Peet's Coffee",
        "desc": "Peet's Coffee"
      }
    ],
    "price": {
      "basePrice": 10.99,
      "discountPrice": 10.99
    },
    "type": {
      "code": "Coffee",
      "desc": "Coffee"
    },
    "weight": "10 count",
    "UpcCode": "",
    "tax": 0.0,
    "spiceLevel": "",
    "aiselNo": "8",
    "store": "Market Basket",
    "weightType": "10 count",
    "imageName": "3316.jpg",
    "defaultImage": "3316.jpg",
    "updatedTimestamp": "Jan 23, 2021 8:02:30 PM",
    "createdTimestamp": "Jan 23, 2021 8:02:30 PM",
    "isNewlyAdded": false,
    "isActive": true,
    "isDealsEnabled": false,
    "quantity": 0
  },
  {
    "id": 333,
    "code": "Market Basket Slider Storage Bags",
    "desc": "Market Basket Slider Storage Bags",
    "shortDesc": "Market Basket Slider Storage Bags",
    "tags": [
      "Storage Bags"
    ],
    "categories": [
      {
        "code": "Kitchen & Cleaning",
        "desc": "Kitchen & Cleaning"
      }
    ],
    "subCategories": [
      {
        "code": "Food Storage & Kitchen Supplies",
        "desc": "Food Storage & Kitchen Supplies"
      }
    ],
    "brands": [
      {
        "code": "Market Basket",
        "desc": "Market Basket"
      }
    ],
    "price": {
      "basePrice": 3.69,
      "discountPrice": 3.69
    },
    "type": {
      "code": "Storage Bags",
      "desc": "Storage Bags"
    },
    "weight": "30 count",
    "UpcCode": "",
    "tax": 1.0,
    "spiceLevel": "",
    "aiselNo": "12",
    "store": "Market Basket",
    "weightType": "30 count",
    "imageName": "Market Basket.jpg",
    "defaultImage": "Market Basket.jpg",
    "updatedTimestamp": "Jan 23, 2021 8:02:30 PM",
    "createdTimestamp": "Jan 23, 2021 8:02:30 PM",
    "isNewlyAdded": false,
    "isActive": true,
    "isDealsEnabled": false,
    "quantity": 0
  },
  {
    "id": 9366,
    "code": "Sara Lee Pound Cake All Butter",
    "desc": "Sara Lee Pound Cake All Butter",
    "shortDesc": "Sara Lee Pound Cake All Butter",
    "tags": [
      "Frozen Dessert"
    ],
    "categories": [
      {
        "code": "Frozen Food",
        "desc": "Frozen Food"
      }
    ],
    "subCategories": [
      {
        "code": "Frozen Dessert",
        "desc": "Frozen Dessert"
      }
    ],
    "brands": [
      {
        "code": "Sara Lee",
        "desc": "Sara Lee"
      }
    ],
    "price": {
      "basePrice": 4.09,
      "discountPrice": 4.09
    },
    "type": {
      "code": "Frozen Dessert",
      "desc": "Frozen Dessert"
    },
    "weight": "10.75 oz",
    "UpcCode": "",
    "tax": 0.0,
    "spiceLevel": "",
    "aiselNo": "19",
    "store": "Market Basket",
    "weightType": "10.75 oz",
    "imageName": "2977.jpg",
    "defaultImage": "2977.jpg",
    "updatedTimestamp": "Jan 23, 2021 8:02:30 PM",
    "createdTimestamp": "Jan 23, 2021 8:02:30 PM",
    "isNewlyAdded": false,
    "isActive": true,
    "isDealsEnabled": false,
    "quantity": 0
  },
  {
    "id": 4804,
    "code": "Pier 33 Gourmet Mussels, in Tomato & Garlic Sauce",
    "desc": "Pier 33 Gourmet Mussels, in Tomato & Garlic Sauce",
    "shortDesc": "Pier 33 Gourmet Mussels, in Tomato & Garlic Sauce",
    "tags": [
      "Other Frozen Seafood"
    ],
    "categories": [
      {
        "code": "Meat & Seafood",
        "desc": "Meat & Seafood"
      }
    ],
    "subCategories": [
      {
        "code": "Frozen Meat & Seafood",
        "desc": "Frozen Meat & Seafood"
      }
    ],
    "brands": [
      {
        "code": "Pier 33 Gourmet",
        "desc": "Pier 33 Gourmet"
      }
    ],
    "price": {
      "basePrice": 4.39,
      "discountPrice": 4.39
    },
    "type": {
      "code": "Other Frozen Seafood",
      "desc": "Other Frozen Seafood"
    },
    "weight": "16 oz",
    "UpcCode": "",
    "tax": 0.0,
    "spiceLevel": "",
    "aiselNo": "18",
    "store": "Market Basket",
    "weightType": "16 oz",
    "imageName": "2913.jpg",
    "defaultImage": "2913.jpg",
    "updatedTimestamp": "Jan 23, 2021 8:02:30 PM",
    "createdTimestamp": "Jan 23, 2021 8:02:30 PM",
    "isNewlyAdded": false,
    "isActive": true,
    "isDealsEnabled": false,
    "quantity": 0
  },
  {
    "id": 13119,
    "code": "Apple Cinnamon Toasted Oats",
    "desc": "Apple Cinnamon Toasted Oats",
    "shortDesc": "Apple Cinnamon Toasted Oats",
    "tags": [
      "Cereal"
    ],
    "categories": [
      {
        "code": "Breakfast & Dairy",
        "desc": "Breakfast & Dairy"
      }
    ],
    "subCategories": [
      {
        "code": "Cereal",
        "desc": "Cereal"
      }
    ],
    "brands": [
      {
        "code": "Meijer",
        "desc": "Meijer"
      }
    ],
    "price": {
      "basePrice": 24.39,
      "discountPrice": 24.39
    },
    "type": {
      "code": "Cereal",
      "desc": "Cereal"
    },
    "weight": "1 lb",
    "UpcCode": "",
    "tax": 0.0,
    "spiceLevel": "",
    "aiselNo": "5",
    "store": "Market Basket",
    "weightType": "1 lb",
    "imageName": "No Image.jpg",
    "defaultImage": "No Image.jpg",
    "updatedTimestamp": "Jan 23, 2021 8:02:30 PM",
    "createdTimestamp": "Jan 23, 2021 8:02:30 PM",
    "isNewlyAdded": false,
    "isActive": true,
    "isDealsEnabled": false,
    "quantity": 0
  },
  {
    "id": 7738,
    "code": "Eden Organic Pinto Beans",
    "desc": "Eden Organic Pinto Beans",
    "shortDesc": "Eden Organic Pinto Beans",
    "tags": [
      "Canned Meals & Beans"
    ],
    "categories": [
      {
        "code": "Cooking Needs",
        "desc": "Cooking Needs"
      }
    ],
    "subCategories": [
      {
        "code": "Canned Food",
        "desc": "Canned Food"
      }
    ],
    "brands": [
      {
        "code": "Eden",
        "desc": "Eden"
      }
    ],
    "price": {
      "basePrice": 3.09,
      "discountPrice": 3.09
    },
    "type": {
      "code": "Canned Meals & Beans",
      "desc": "Canned Meals & Beans"
    },
    "weight": "15 oz",
    "UpcCode": "",
    "tax": 0.0,
    "spiceLevel": "",
    "aiselNo": "2",
    "store": "Market Basket",
    "weightType": "15 oz",
    "imageName": "17141.jpg",
    "defaultImage": "17141.jpg",
    "updatedTimestamp": "Jan 23, 2021 8:02:30 PM",
    "createdTimestamp": "Jan 23, 2021 8:02:30 PM",
    "isNewlyAdded": false,
    "isActive": true,
    "isDealsEnabled": false,
    "quantity": 0
  },
  {
    "id": 14663,
    "code": "Borage Therapy Dry Skin Lotion Original Unscented",
    "desc": "Borage Therapy Dry Skin Lotion Original Unscented",
    "shortDesc": "Borage Therapy Dry Skin Lotion Original Unscented",
    "tags": [
      "Body Lotion"
    ],
    "categories": [
      {
        "code": "Personal Care",
        "desc": "Personal Care"
      }
    ],
    "subCategories": [
      {
        "code": "Body Wash, Soap & Hair Care",
        "desc": "Body Wash, Soap & Hair Care"
      }
    ],
    "brands": [
      {
        "code": "Boorage",
        "desc": "Boorage"
      }
    ],
    "price": {
      "basePrice": 14.71,
      "discountPrice": 14.71
    },
    "type": {
      "code": "Body Lotion",
      "desc": "Body Lotion"
    },
    "weight": "8 fl oz",
    "UpcCode": "",
    "tax": 1.0,
    "spiceLevel": "",
    "aiselNo": "13",
    "store": "Market Basket",
    "weightType": "8 fl oz",
    "imageName": "17747.jpg",
    "defaultImage": "17747.jpg",
    "updatedTimestamp": "Jan 23, 2021 8:02:30 PM",
    "createdTimestamp": "Jan 23, 2021 8:02:30 PM",
    "isNewlyAdded": false,
    "isActive": true,
    "isDealsEnabled": false,
    "quantity": 0
  },
  {
    "id": 177,
    "code": "Scotch-Gard Fabric & Upholstery Protector",
    "desc": "Scotch-Gard Fabric & Upholstery Protector",
    "shortDesc": "Scotch-Gard Fabric & Upholstery Protector",
    "tags": [
      "Other Cleaning Products"
    ],
    "categories": [
      {
        "code": "Kitchen & Cleaning",
        "desc": "Kitchen & Cleaning"
      }
    ],
    "subCategories": [
      {
        "code": "Cleaning Products",
        "desc": "Cleaning Products"
      }
    ],
    "brands": [
      {
        "code": "Scotch-Gard",
        "desc": "Scotch-Gard"
      }
    ],
    "price": {
      "basePrice": 8.59,
      "discountPrice": 8.59
    },
    "type": {
      "code": "Other Cleaning Products",
      "desc": "Other Cleaning Products"
    },
    "weight": "10 fl oz",
    "UpcCode": "",
    "tax": 1.0,
    "spiceLevel": "",
    "aiselNo": "15",
    "store": "Market Basket",
    "weightType": "10 fl oz",
    "imageName": "16759.jpg",
    "defaultImage": "16759.jpg",
    "updatedTimestamp": "Jan 23, 2021 8:02:30 PM",
    "createdTimestamp": "Jan 23, 2021 8:02:30 PM",
    "isNewlyAdded": false,
    "isActive": true,
    "isDealsEnabled": false,
    "quantity": 0
  },
  {
    "id": 455,
    "code": "Market Basket Tall Kitchen Black Drawstring Bags",
    "desc": "Market Basket Tall Kitchen Black Drawstring Bags",
    "shortDesc": "Market Basket Tall Kitchen Black Drawstring Bags",
    "tags": [
      "Tall Trash Bags"
    ],
    "categories": [
      {
        "code": "Kitchen & Cleaning",
        "desc": "Kitchen & Cleaning"
      }
    ],
    "subCategories": [
      {
        "code": "Trash Bags & Liners",
        "desc": "Trash Bags & Liners"
      }
    ],
    "brands": [
      {
        "code": "Market Basket",
        "desc": "Market Basket"
      }
    ],
    "price": {
      "basePrice": 6.09,
      "discountPrice": 6.09
    },
    "type": {
      "code": "Tall Trash Bags",
      "desc": "Tall Trash Bags"
    },
    "weight": "40 count",
    "UpcCode": "",
    "tax": 1.0,
    "spiceLevel": "",
    "aiselNo": "12",
    "store": "Market Basket",
    "weightType": "40 count",
    "imageName": "Market Basket.jpg",
    "defaultImage": "Market Basket.jpg",
    "updatedTimestamp": "Jan 23, 2021 8:02:30 PM",
    "createdTimestamp": "Jan 23, 2021 8:02:30 PM",
    "isNewlyAdded": false,
    "isActive": true,
    "isDealsEnabled": false,
    "quantity": 0
  },
  {
    "id": 6036,
    "code": "Rockstar Sugar Free Energy Drink",
    "desc": "Rockstar Sugar Free Energy Drink",
    "shortDesc": "Rockstar Sugar Free Energy Drink",
    "tags": [
      "Energy & Sports Drinks"
    ],
    "categories": [
      {
        "code": "Beverages & Juices",
        "desc": "Beverages & Juices"
      }
    ],
    "subCategories": [
      {
        "code": "Energy & Sports Drinks",
        "desc": "Energy & Sports Drinks"
      }
    ],
    "brands": [
      {
        "code": "Rockstar",
        "desc": "Rockstar"
      }
    ],
    "price": {
      "basePrice": 2.24,
      "discountPrice": 2.24
    },
    "type": {
      "code": "Energy & Sports Drinks",
      "desc": "Energy & Sports Drinks"
    },
    "weight": "16 fl oz",
    "UpcCode": "",
    "tax": 0.0,
    "spiceLevel": "",
    "aiselNo": "17",
    "store": "Market Basket",
    "weightType": "16 fl oz",
    "imageName": "3787.jpg",
    "defaultImage": "3787.jpg",
    "updatedTimestamp": "Jan 23, 2021 8:02:29 PM",
    "createdTimestamp": "Jan 23, 2021 8:02:29 PM",
    "isNewlyAdded": false,
    "isActive": true,
    "isDealsEnabled": false,
    "quantity": 0
  },
  {
    "id": 14156,
    "code": "Lifeway Pomegranate Cultured Lowfat Milk",
    "desc": "Lifeway Pomegranate Cultured Lowfat Milk",
    "shortDesc": "Lifeway Pomegranate Cultured Lowfat Milk",
    "tags": [
      "Yogurt"
    ],
    "categories": [
      {
        "code": "Breakfast & Dairy",
        "desc": "Breakfast & Dairy"
      }
    ],
    "subCategories": [
      {
        "code": "Dairy & Eggs",
        "desc": "Dairy & Eggs"
      }
    ],
    "brands": [
      {
        "code": "Lifeway",
        "desc": "Lifeway"
      }
    ],
    "price": {
      "basePrice": 3.69,
      "discountPrice": 3.69
    },
    "type": {
      "code": "Yogurt",
      "desc": "Yogurt"
    },
    "weight": "32 oz",
    "UpcCode": "",
    "tax": 0.0,
    "spiceLevel": "",
    "aiselNo": "1",
    "store": "Market Basket",
    "weightType": "32 oz",
    "imageName": "14684.jpg",
    "defaultImage": "14684.jpg",
    "updatedTimestamp": "Jan 23, 2021 8:02:30 PM",
    "createdTimestamp": "Jan 23, 2021 8:02:30 PM",
    "isNewlyAdded": false,
    "isActive": true,
    "isDealsEnabled": false,
    "quantity": 0
  },
  {
    "id": 7877,
    "code": "Roland Flat Fillets of Anchovies",
    "desc": "Roland Flat Fillets of Anchovies",
    "shortDesc": "Roland Flat Fillets of Anchovies",
    "tags": [
      "Canned Meat & Seafood"
    ],
    "categories": [
      {
        "code": "Cooking Needs",
        "desc": "Cooking Needs"
      }
    ],
    "subCategories": [
      {
        "code": "Canned Food",
        "desc": "Canned Food"
      }
    ],
    "brands": [
      {
        "code": "Roland",
        "desc": "Roland"
      }
    ],
    "price": {
      "basePrice": 2.49,
      "discountPrice": 2.49
    },
    "type": {
      "code": "Canned Meat & Seafood",
      "desc": "Canned Meat & Seafood"
    },
    "weight": "2 oz",
    "UpcCode": "",
    "tax": 0.0,
    "spiceLevel": "",
    "aiselNo": "2",
    "store": "Market Basket",
    "weightType": "2 oz",
    "imageName": "5247.jpg",
    "defaultImage": "5247.jpg",
    "updatedTimestamp": "Jan 23, 2021 8:02:30 PM",
    "createdTimestamp": "Jan 23, 2021 8:02:30 PM",
    "isNewlyAdded": false,
    "isActive": true,
    "isDealsEnabled": false,
    "quantity": 0
  },
  {
    "id": 7838,
    "code": "Chicken of the Sea Premium Crab Meat Special",
    "desc": "Chicken of the Sea Premium Crab Meat Special",
    "shortDesc": "Chicken of the Sea Premium Crab Meat Special",
    "tags": [
      "Canned Meat & Seafood"
    ],
    "categories": [
      {
        "code": "Cooking Needs",
        "desc": "Cooking Needs"
      }
    ],
    "subCategories": [
      {
        "code": "Canned Food",
        "desc": "Canned Food"
      }
    ],
    "brands": [
      {
        "code": "Chicken of the Sea",
        "desc": "Chicken of the Sea"
      }
    ],
    "price": {
      "basePrice": 17.09,
      "discountPrice": 17.09
    },
    "type": {
      "code": "Canned Meat & Seafood",
      "desc": "Canned Meat & Seafood"
    },
    "weight": "16 oz",
    "UpcCode": "",
    "tax": 0.0,
    "spiceLevel": "",
    "aiselNo": "2",
    "store": "Market Basket",
    "weightType": "16 oz",
    "imageName": "5216.jpg",
    "defaultImage": "5216.jpg",
    "updatedTimestamp": "Jan 23, 2021 8:02:30 PM",
    "createdTimestamp": "Jan 23, 2021 8:02:30 PM",
    "isNewlyAdded": false,
    "isActive": true,
    "isDealsEnabled": false,
    "quantity": 0
  },
  {
    "id": 3838,
    "code": "Organic Kabocha Squash",
    "desc": "Organic Kabocha Squash",
    "shortDesc": "Organic Kabocha Squash",
    "tags": [
      "Squash"
    ],
    "categories": [
      {
        "code": "Fresh Produce",
        "desc": "Fresh Produce"
      }
    ],
    "subCategories": [
      {
        "code": "Fresh Organic Vegetables",
        "desc": "Fresh Organic Vegetables"
      }
    ],
    "brands": [
      {
        "code": "Market Basket",
        "desc": "Market Basket"
      }
    ],
    "price": {
      "basePrice": 5.73,
      "discountPrice": 5.73
    },
    "type": {
      "code": "Squash",
      "desc": "Squash"
    },
    "weight": "1 count",
    "UpcCode": "",
    "tax": 0.0,
    "spiceLevel": "",
    "aiselNo": "20",
    "store": "Market Basket",
    "weightType": "1 count",
    "imageName": "14444.jpg",
    "defaultImage": "14444.jpg",
    "updatedTimestamp": "Jan 23, 2021 8:02:30 PM",
    "createdTimestamp": "Jan 23, 2021 8:02:30 PM",
    "isNewlyAdded": false,
    "isActive": true,
    "isDealsEnabled": false,
    "quantity": 0
  },
  {
    "id": 9153,
    "code": "Market Basket Tater Tots",
    "desc": "Market Basket Tater Tots",
    "shortDesc": "Market Basket Tater Tots",
    "tags": [
      "Frozen Appetizers & Sides"
    ],
    "categories": [
      {
        "code": "Frozen Food",
        "desc": "Frozen Food"
      }
    ],
    "subCategories": [
      {
        "code": "Frozen Dinners & Entrees",
        "desc": "Frozen Dinners & Entrees"
      }
    ],
    "brands": [
      {
        "code": "Market Basket",
        "desc": "Market Basket"
      }
    ],
    "price": {
      "basePrice": 2.39,
      "discountPrice": 2.39
    },
    "type": {
      "code": "Frozen Appetizers & Sides",
      "desc": "Frozen Appetizers & Sides"
    },
    "weight": "32 oz",
    "UpcCode": "",
    "tax": 0.0,
    "spiceLevel": "",
    "aiselNo": "18",
    "store": "Market Basket",
    "weightType": "32 oz",
    "imageName": "Market Basket.jpg",
    "defaultImage": "Market Basket.jpg",
    "updatedTimestamp": "Jan 23, 2021 8:02:30 PM",
    "createdTimestamp": "Jan 23, 2021 8:02:30 PM",
    "isNewlyAdded": false,
    "isActive": true,
    "isDealsEnabled": false,
    "quantity": 0
  },
  {
    "id": 4139,
    "code": "Market Basket New England Clam Chowder",
    "desc": "Market Basket New England Clam Chowder",
    "shortDesc": "Market Basket New England Clam Chowder",
    "tags": [
      "Clams"
    ],
    "categories": [
      {
        "code": "Meat & Seafood",
        "desc": "Meat & Seafood"
      }
    ],
    "subCategories": [
      {
        "code": "Meat & Seafood Counter",
        "desc": "Meat & Seafood Counter"
      }
    ],
    "brands": [
      {
        "code": "Market Basket",
        "desc": "Market Basket"
      }
    ],
    "price": {
      "basePrice": 6.09,
      "discountPrice": 6.09
    },
    "type": {
      "code": "Clams",
      "desc": "Clams"
    },
    "weight": "1 lb",
    "UpcCode": "",
    "tax": 0.0,
    "spiceLevel": "",
    "aiselNo": "22",
    "store": "Market Basket",
    "weightType": "1 lb",
    "imageName": "Market Basket.jpg",
    "defaultImage": "Market Basket.jpg",
    "updatedTimestamp": "Jan 23, 2021 8:02:30 PM",
    "createdTimestamp": "Jan 23, 2021 8:02:30 PM",
    "isNewlyAdded": false,
    "isActive": true,
    "isDealsEnabled": false,
    "quantity": 0
  },
  {
    "id": 6374,
    "code": "Polar Ruby Red Grapefruit Sparkling Water",
    "desc": "Polar Ruby Red Grapefruit Sparkling Water",
    "shortDesc": "Polar Ruby Red Grapefruit Sparkling Water",
    "tags": [
      "Sparkling Water"
    ],
    "categories": [
      {
        "code": "Beverages & Juices",
        "desc": "Beverages & Juices"
      }
    ],
    "subCategories": [
      {
        "code": "Water",
        "desc": "Water"
      }
    ],
    "brands": [
      {
        "code": "Polar",
        "desc": "Polar"
      }
    ],
    "price": {
      "basePrice": 1.24,
      "discountPrice": 1.24
    },
    "type": {
      "code": "Sparkling Water",
      "desc": "Sparkling Water"
    },
    "weight": "1 L",
    "UpcCode": "",
    "tax": 0.0,
    "spiceLevel": "",
    "aiselNo": "11",
    "store": "Market Basket",
    "weightType": "1 L",
    "imageName": "No Image.jpg",
    "defaultImage": "No Image.jpg",
    "updatedTimestamp": "Jan 23, 2021 8:02:30 PM",
    "createdTimestamp": "Jan 23, 2021 8:02:30 PM",
    "isNewlyAdded": false,
    "isActive": true,
    "isDealsEnabled": false,
    "quantity": 0
  },
  {
    "id": 4235,
    "code": "Ham",
    "desc": "Ham",
    "shortDesc": "Ham",
    "tags": [
      "Ham"
    ],
    "categories": [
      {
        "code": "Meat & Seafood",
        "desc": "Meat & Seafood"
      }
    ],
    "subCategories": [
      {
        "code": "Packaged Meat & Seafood",
        "desc": "Packaged Meat & Seafood"
      }
    ],
    "brands": [
      {
        "code": "Market Basket",
        "desc": "Market Basket"
      }
    ],
    "price": {
      "basePrice": 7.69,
      "discountPrice": 7.69
    },
    "type": {
      "code": "Ham",
      "desc": "Ham"
    },
    "weight": "1 lb",
    "UpcCode": "",
    "tax": 0.0,
    "spiceLevel": "",
    "aiselNo": "22",
    "store": "Market Basket",
    "weightType": "1 lb",
    "imageName": "Market Basket.jpg",
    "defaultImage": "Market Basket.jpg",
    "updatedTimestamp": "Jan 23, 2021 8:02:30 PM",
    "createdTimestamp": "Jan 23, 2021 8:02:30 PM",
    "isNewlyAdded": false,
    "isActive": true,
    "isDealsEnabled": false,
    "quantity": 0
  },
  {
    "id": 6131,
    "code": "Market Basket Cola",
    "desc": "Market Basket Cola",
    "shortDesc": "Market Basket Cola",
    "tags": [
      "Soft Drinks"
    ],
    "categories": [
      {
        "code": "Beverages & Juices",
        "desc": "Beverages & Juices"
      }
    ],
    "subCategories": [
      {
        "code": "Soft Drinks & Seltzers",
        "desc": "Soft Drinks & Seltzers"
      }
    ],
    "brands": [
      {
        "code": "Market Basket",
        "desc": "Market Basket"
      }
    ],
    "price": {
      "basePrice": 1.1,
      "discountPrice": 1.1
    },
    "type": {
      "code": "Soft Drinks",
      "desc": "Soft Drinks"
    },
    "weight": "2 L",
    "UpcCode": "",
    "tax": 0.0,
    "spiceLevel": "",
    "aiselNo": "17",
    "store": "Market Basket",
    "weightType": "2 L",
    "imageName": "Market Basket.jpg",
    "defaultImage": "Market Basket.jpg",
    "updatedTimestamp": "Jan 23, 2021 8:02:30 PM",
    "createdTimestamp": "Jan 23, 2021 8:02:30 PM",
    "isNewlyAdded": false,
    "isActive": true,
    "isDealsEnabled": false,
    "quantity": 0
  },
  {
    "id": 9962,
    "code": "Ben & Jerry's Non Dairy Chunky Monkey",
    "desc": "Ben & Jerry's Non Dairy Chunky Monkey",
    "shortDesc": "Ben & Jerry's Non Dairy Chunky Monkey",
    "tags": [
      "Ice Cream & Ice"
    ],
    "categories": [
      {
        "code": "Frozen Food",
        "desc": "Frozen Food"
      }
    ],
    "subCategories": [
      {
        "code": "Ice Cream & Ice",
        "desc": "Ice Cream & Ice"
      }
    ],
    "brands": [
      {
        "code": "Ben & Jerry's",
        "desc": "Ben & Jerry's"
      }
    ],
    "price": {
      "basePrice": 5.39,
      "discountPrice": 5.39
    },
    "type": {
      "code": "Ice Cream & Ice",
      "desc": "Ice Cream & Ice"
    },
    "weight": "1 pint",
    "UpcCode": "",
    "tax": 0.0,
    "spiceLevel": "",
    "aiselNo": "21",
    "store": "Market Basket",
    "weightType": "1 pint",
    "imageName": "3005.jpg",
    "defaultImage": "3005.jpg",
    "updatedTimestamp": "Jan 23, 2021 8:02:30 PM",
    "createdTimestamp": "Jan 23, 2021 8:02:30 PM",
    "isNewlyAdded": false,
    "isActive": true,
    "isDealsEnabled": false,
    "quantity": 0
  },
  {
    "id": 7694,
    "code": "B&M Brick Oven Baked Vegetarain Baked Beans",
    "desc": "B&M Brick Oven Baked Vegetarain Baked Beans",
    "shortDesc": "B&M Brick Oven Baked Vegetarain Baked Beans",
    "tags": [
      "Baked Beans"
    ],
    "categories": [
      {
        "code": "Cooking Needs",
        "desc": "Cooking Needs"
      }
    ],
    "subCategories": [
      {
        "code": "Canned Food",
        "desc": "Canned Food"
      }
    ],
    "brands": [
      {
        "code": "B&M",
        "desc": "B&M"
      }
    ],
    "price": {
      "basePrice": 3.0,
      "discountPrice": 3.0
    },
    "type": {
      "code": "Baked Beans",
      "desc": "Baked Beans"
    },
    "weight": "16 oz",
    "UpcCode": "",
    "tax": 0.0,
    "spiceLevel": "",
    "aiselNo": "2",
    "store": "Market Basket",
    "weightType": "16 oz",
    "imageName": "X1816.jpg",
    "defaultImage": "X1816.jpg",
    "updatedTimestamp": "Jan 23, 2021 8:02:29 PM",
    "createdTimestamp": "Jan 23, 2021 8:02:29 PM",
    "isNewlyAdded": false,
    "isActive": true,
    "isDealsEnabled": false,
    "quantity": 0
  },
  {
    "id": 3789,
    "code": "Dole Organic Pineapple",
    "desc": "Dole Organic Pineapple",
    "shortDesc": "Dole Organic Pineapple",
    "tags": [
      "Pineapple"
    ],
    "categories": [
      {
        "code": "Fresh Produce",
        "desc": "Fresh Produce"
      }
    ],
    "subCategories": [
      {
        "code": "Fresh Organic Fruits",
        "desc": "Fresh Organic Fruits"
      }
    ],
    "brands": [
      {
        "code": "Dole",
        "desc": "Dole"
      }
    ],
    "price": {
      "basePrice": 6.99,
      "discountPrice": 6.99
    },
    "type": {
      "code": "Pineapple",
      "desc": "Pineapple"
    },
    "weight": "1 count",
    "UpcCode": "",
    "tax": 0.0,
    "spiceLevel": "",
    "aiselNo": "20",
    "store": "Market Basket",
    "weightType": "1 count",
    "imageName": "16.jpg",
    "defaultImage": "16.jpg",
    "updatedTimestamp": "Jan 23, 2021 8:02:30 PM",
    "createdTimestamp": "Jan 23, 2021 8:02:30 PM",
    "isNewlyAdded": false,
    "isActive": true,
    "isDealsEnabled": false,
    "quantity": 0
  },
  {
    "id": 15088,
    "code": "Visine Eye Drops Original",
    "desc": "Visine Eye Drops Original",
    "shortDesc": "Visine Eye Drops Original",
    "tags": [
      "Eye & Ear Care"
    ],
    "categories": [
      {
        "code": "Personal Care",
        "desc": "Personal Care"
      }
    ],
    "subCategories": [
      {
        "code": "Personal Needs",
        "desc": "Personal Needs"
      }
    ],
    "brands": [
      {
        "code": "Visine",
        "desc": "Visine"
      }
    ],
    "price": {
      "basePrice": 9.88,
      "discountPrice": 9.88
    },
    "type": {
      "code": "Eye & Ear Care",
      "desc": "Eye & Ear Care"
    },
    "weight": "1 fl oz",
    "UpcCode": "",
    "tax": 1.0,
    "spiceLevel": "",
    "aiselNo": "13",
    "store": "Market Basket",
    "weightType": "1 fl oz",
    "imageName": "6475.jpg",
    "defaultImage": "6475.jpg",
    "updatedTimestamp": "Jan 23, 2021 8:02:30 PM",
    "createdTimestamp": "Jan 23, 2021 8:02:30 PM",
    "isNewlyAdded": false,
    "isActive": true,
    "isDealsEnabled": false,
    "quantity": 0
  },
  {
    "id": 10160,
    "code": "Market Basket Ice Cream",
    "desc": "Market Basket Ice Cream",
    "shortDesc": "Market Basket Ice Cream",
    "tags": [
      "Ice Cream & Ice"
    ],
    "categories": [
      {
        "code": "Frozen Food",
        "desc": "Frozen Food"
      }
    ],
    "subCategories": [
      {
        "code": "Ice Cream & Ice",
        "desc": "Ice Cream & Ice"
      }
    ],
    "brands": [
      {
        "code": "Market Basket",
        "desc": "Market Basket"
      }
    ],
    "price": {
      "basePrice": 2.49,
      "discountPrice": 2.49
    },
    "type": {
      "code": "Ice Cream & Ice",
      "desc": "Ice Cream & Ice"
    },
    "weight": "1.75 quart",
    "UpcCode": "",
    "tax": 0.0,
    "spiceLevel": "",
    "aiselNo": "21",
    "store": "Market Basket",
    "weightType": "1.75 quart",
    "imageName": "Market Basket.jpg",
    "defaultImage": "Market Basket.jpg",
    "updatedTimestamp": "Jan 23, 2021 8:02:30 PM",
    "createdTimestamp": "Jan 23, 2021 8:02:30 PM",
    "isNewlyAdded": false,
    "isActive": true,
    "isDealsEnabled": false,
    "quantity": 0
  },
  {
    "id": 5955,
    "code": "Mr & Mrs T Fiery Pepper Bloody Mary Mix",
    "desc": "Mr & Mrs T Fiery Pepper Bloody Mary Mix",
    "shortDesc": "Mr & Mrs T Fiery Pepper Bloody Mary Mix",
    "tags": [
      "Cocoa & Drink Mixes"
    ],
    "categories": [
      {
        "code": "Beverages & Juices",
        "desc": "Beverages & Juices"
      }
    ],
    "subCategories": [
      {
        "code": "Cocoa & Drink Mixes",
        "desc": "Cocoa & Drink Mixes"
      }
    ],
    "brands": [
      {
        "code": "Mr & Mrs T",
        "desc": "Mr & Mrs T"
      }
    ],
    "price": {
      "basePrice": 4.99,
      "discountPrice": 4.99
    },
    "type": {
      "code": "Cocoa & Drink Mixes",
      "desc": "Cocoa & Drink Mixes"
    },
    "weight": "1 L",
    "UpcCode": "",
    "tax": 0.0,
    "spiceLevel": "",
    "aiselNo": "17",
    "store": "Market Basket",
    "weightType": "1 L",
    "imageName": "No Image.jpg",
    "defaultImage": "No Image.jpg",
    "updatedTimestamp": "Jan 23, 2021 8:02:29 PM",
    "createdTimestamp": "Jan 23, 2021 8:02:29 PM",
    "isNewlyAdded": false,
    "isActive": true,
    "isDealsEnabled": false,
    "quantity": 0
  },
  {
    "id": 14592,
    "code": "Red Rose Specially Blended Earl Grey Black Tea Bags",
    "desc": "Red Rose Specially Blended Earl Grey Black Tea Bags",
    "shortDesc": "Red Rose Specially Blended Earl Grey Black Tea Bags",
    "tags": [
      "Tea"
    ],
    "categories": [
      {
        "code": "Breakfast & Dairy",
        "desc": "Breakfast & Dairy"
      }
    ],
    "subCategories": [
      {
        "code": "Tea & Coffee",
        "desc": "Tea & Coffee"
      }
    ],
    "brands": [
      {
        "code": "Red Rose",
        "desc": "Red Rose"
      }
    ],
    "price": {
      "basePrice": 3.69,
      "discountPrice": 3.69
    },
    "type": {
      "code": "Tea",
      "desc": "Tea"
    },
    "weight": "3.88 oz",
    "UpcCode": "",
    "tax": 0.0,
    "spiceLevel": "",
    "aiselNo": "8",
    "store": "Market Basket",
    "weightType": "3.88 oz",
    "imageName": "3531.jpg",
    "defaultImage": "3531.jpg",
    "updatedTimestamp": "Jan 23, 2021 8:02:30 PM",
    "createdTimestamp": "Jan 23, 2021 8:02:30 PM",
    "isNewlyAdded": false,
    "isActive": true,
    "isDealsEnabled": false,
    "quantity": 0
  },
  {
    "id": 14891,
    "code": "Poise Ultra Thin Incontinence Pads",
    "desc": "Poise Ultra Thin Incontinence Pads",
    "shortDesc": "Poise Ultra Thin Incontinence Pads",
    "tags": [
      "Menstrual Pads"
    ],
    "categories": [
      {
        "code": "Personal Care",
        "desc": "Personal Care"
      }
    ],
    "subCategories": [
      {
        "code": "Feminine Care",
        "desc": "Feminine Care"
      }
    ],
    "brands": [
      {
        "code": "Poise",
        "desc": "Poise"
      }
    ],
    "price": {
      "basePrice": 4.24,
      "discountPrice": 4.24
    },
    "type": {
      "code": "Menstrual Pads",
      "desc": "Menstrual Pads"
    },
    "weight": "30 count",
    "UpcCode": "",
    "tax": 1.0,
    "spiceLevel": "",
    "aiselNo": "13",
    "store": "Market Basket",
    "weightType": "30 count",
    "imageName": "17800.jpg",
    "defaultImage": "17800.jpg",
    "updatedTimestamp": "Jan 23, 2021 8:02:30 PM",
    "createdTimestamp": "Jan 23, 2021 8:02:30 PM",
    "isNewlyAdded": false,
    "isActive": true,
    "isDealsEnabled": false,
    "quantity": 0
  },
  {
    "id": 5155,
    "code": "Blue Diamond Nut Thins Artisan Nut Thins Multi Seeds",
    "desc": "Blue Diamond Nut Thins Artisan Nut Thins Multi Seeds",
    "shortDesc": "Blue Diamond Nut Thins Artisan Nut Thins Multi Seeds",
    "tags": [
      "Crackers"
    ],
    "categories": [
      {
        "code": "Chips, Cookies & Snacks",
        "desc": "Chips, Cookies & Snacks"
      }
    ],
    "subCategories": [
      {
        "code": "Cookies & Crackers",
        "desc": "Cookies & Crackers"
      }
    ],
    "brands": [
      {
        "code": "Blue Diamond",
        "desc": "Blue Diamond"
      }
    ],
    "price": {
      "basePrice": 4.69,
      "discountPrice": 4.69
    },
    "type": {
      "code": "Crackers",
      "desc": "Crackers"
    },
    "weight": "4.25 oz",
    "UpcCode": "",
    "tax": 0.0,
    "spiceLevel": "",
    "aiselNo": "6",
    "store": "Market Basket",
    "weightType": "4.25 oz",
    "imageName": "1236.jpg",
    "defaultImage": "1236.jpg",
    "updatedTimestamp": "Jan 23, 2021 8:02:30 PM",
    "createdTimestamp": "Jan 23, 2021 8:02:30 PM",
    "isNewlyAdded": false,
    "isActive": true,
    "isDealsEnabled": false,
    "quantity": 0
  },
  {
    "id": 7508,
    "code": "Market Basket Italian Style Diced Tomatoes",
    "desc": "Market Basket Italian Style Diced Tomatoes",
    "shortDesc": "Market Basket Italian Style Diced Tomatoes",
    "tags": [
      "Canned & Jarred Vegetables"
    ],
    "categories": [
      {
        "code": "Cooking Needs",
        "desc": "Cooking Needs"
      }
    ],
    "subCategories": [
      {
        "code": "Canned Food",
        "desc": "Canned Food"
      }
    ],
    "brands": [
      {
        "code": "Market Basket",
        "desc": "Market Basket"
      }
    ],
    "price": {
      "basePrice": 0.89,
      "discountPrice": 0.89
    },
    "type": {
      "code": "Canned & Jarred Vegetables",
      "desc": "Canned & Jarred Vegetables"
    },
    "weight": "14.5 oz",
    "UpcCode": "",
    "tax": 0.0,
    "spiceLevel": "",
    "aiselNo": "9",
    "store": "Market Basket",
    "weightType": "14.5 oz",
    "imageName": "Market Basket.jpg",
    "defaultImage": "Market Basket.jpg",
    "updatedTimestamp": "Jan 23, 2021 8:02:30 PM",
    "createdTimestamp": "Jan 23, 2021 8:02:30 PM",
    "isNewlyAdded": false,
    "isActive": true,
    "isDealsEnabled": false,
    "quantity": 0
  },
  {
    "id": 8618,
    "code": "Goya Salad Olives",
    "desc": "Goya Salad Olives",
    "shortDesc": "Goya Salad Olives",
    "tags": [
      "Pickled Goods & Olives"
    ],
    "categories": [
      {
        "code": "Condiments & Dressings",
        "desc": "Condiments & Dressings"
      }
    ],
    "subCategories": [
      {
        "code": "Pickled Goods & Olives",
        "desc": "Pickled Goods & Olives"
      }
    ],
    "brands": [
      {
        "code": "Goya",
        "desc": "Goya"
      }
    ],
    "price": {
      "basePrice": 2.49,
      "discountPrice": 2.49
    },
    "type": {
      "code": "Pickled Goods & Olives",
      "desc": "Pickled Goods & Olives"
    },
    "weight": "7 oz",
    "UpcCode": "",
    "tax": 0.0,
    "spiceLevel": "",
    "aiselNo": "7",
    "store": "Market Basket",
    "weightType": "7 oz",
    "imageName": "1873.jpg",
    "defaultImage": "1873.jpg",
    "updatedTimestamp": "Jan 23, 2021 8:02:30 PM",
    "createdTimestamp": "Jan 23, 2021 8:02:30 PM",
    "isNewlyAdded": false,
    "isActive": true,
    "isDealsEnabled": false,
    "quantity": 0
  },
  {
    "id": 14863,
    "code": "Olay Age Defying Beauty Bar",
    "desc": "Olay Age Defying Beauty Bar",
    "shortDesc": "Olay Age Defying Beauty Bar",
    "tags": [
      "Soap"
    ],
    "categories": [
      {
        "code": "Personal Care",
        "desc": "Personal Care"
      }
    ],
    "subCategories": [
      {
        "code": "Body Wash, Soap & Hair Care",
        "desc": "Body Wash, Soap & Hair Care"
      }
    ],
    "brands": [
      {
        "code": "Olay",
        "desc": "Olay"
      }
    ],
    "price": {
      "basePrice": 7.69,
      "discountPrice": 7.69
    },
    "type": {
      "code": "Soap",
      "desc": "Soap"
    },
    "weight": "6 count",
    "UpcCode": "",
    "tax": 1.0,
    "spiceLevel": "",
    "aiselNo": "13",
    "store": "Market Basket",
    "weightType": "6 count",
    "imageName": "6377.jpg",
    "defaultImage": "6377.jpg",
    "updatedTimestamp": "Jan 23, 2021 8:02:30 PM",
    "createdTimestamp": "Jan 23, 2021 8:02:30 PM",
    "isNewlyAdded": false,
    "isActive": true,
    "isDealsEnabled": false,
    "quantity": 0
  },
  {
    "id": 9155,
    "code": "McCain 5 Minute Fries Shoestring Cut Potatoes",
    "desc": "McCain 5 Minute Fries Shoestring Cut Potatoes",
    "shortDesc": "McCain 5 Minute Fries Shoestring Cut Potatoes",
    "tags": [
      "Frozen Appetizers & Sides"
    ],
    "categories": [
      {
        "code": "Frozen Food",
        "desc": "Frozen Food"
      }
    ],
    "subCategories": [
      {
        "code": "Frozen Dinners & Entrees",
        "desc": "Frozen Dinners & Entrees"
      }
    ],
    "brands": [
      {
        "code": "McCain",
        "desc": "McCain"
      }
    ],
    "price": {
      "basePrice": 2.49,
      "discountPrice": 2.49
    },
    "type": {
      "code": "Frozen Appetizers & Sides",
      "desc": "Frozen Appetizers & Sides"
    },
    "weight": "20 oz",
    "UpcCode": "",
    "tax": 0.0,
    "spiceLevel": "",
    "aiselNo": "18",
    "store": "Market Basket",
    "weightType": "20 oz",
    "imageName": "2580.jpg",
    "defaultImage": "2580.jpg",
    "updatedTimestamp": "Jan 23, 2021 8:02:30 PM",
    "createdTimestamp": "Jan 23, 2021 8:02:30 PM",
    "isNewlyAdded": false,
    "isActive": true,
    "isDealsEnabled": false,
    "quantity": 0
  },
  {
    "id": 6874,
    "code": "Market Basket Baking Soda",
    "desc": "Market Basket Baking Soda",
    "shortDesc": "Market Basket Baking Soda",
    "tags": [
      "Baking Ingredients"
    ],
    "categories": [
      {
        "code": "Cooking Needs",
        "desc": "Cooking Needs"
      }
    ],
    "subCategories": [
      {
        "code": "Baking & Cooking",
        "desc": "Baking & Cooking"
      }
    ],
    "brands": [
      {
        "code": "Market Basket",
        "desc": "Market Basket"
      }
    ],
    "price": {
      "basePrice": 2.49,
      "discountPrice": 2.49
    },
    "type": {
      "code": "Baking Ingredients",
      "desc": "Baking Ingredients"
    },
    "weight": "64 oz",
    "UpcCode": "",
    "tax": 0.0,
    "spiceLevel": "",
    "aiselNo": "8",
    "store": "Market Basket",
    "weightType": "64 oz",
    "imageName": "Market Basket.jpg",
    "defaultImage": "Market Basket.jpg",
    "updatedTimestamp": "Jan 23, 2021 8:02:30 PM",
    "createdTimestamp": "Jan 23, 2021 8:02:30 PM",
    "isNewlyAdded": false,
    "isActive": true,
    "isDealsEnabled": false,
    "quantity": 0
  },
  {
    "id": 4042,
    "code": "Yuca",
    "desc": "Yuca",
    "shortDesc": "Yuca",
    "tags": [
      "Yuca"
    ],
    "categories": [
      {
        "code": "Fresh Produce",
        "desc": "Fresh Produce"
      }
    ],
    "subCategories": [
      {
        "code": "Fresh Vegetables",
        "desc": "Fresh Vegetables"
      }
    ],
    "brands": [
      {
        "code": "Market Basket",
        "desc": "Market Basket"
      }
    ],
    "price": {
      "basePrice": 1.42,
      "discountPrice": 1.42
    },
    "type": {
      "code": "Yuca",
      "desc": "Yuca"
    },
    "weight": "1 lb",
    "UpcCode": "",
    "tax": 0.0,
    "spiceLevel": "",
    "aiselNo": "20",
    "store": "Market Basket",
    "weightType": "1 lb",
    "imageName": "f302.jpg",
    "defaultImage": "f302.jpg",
    "updatedTimestamp": "Jan 23, 2021 8:02:30 PM",
    "createdTimestamp": "Jan 23, 2021 8:02:30 PM",
    "isNewlyAdded": false,
    "isActive": true,
    "isDealsEnabled": false,
    "quantity": 0
  },
  {
    "id": 14872,
    "code": "TopCare Pregnancy Test Early",
    "desc": "TopCare Pregnancy Test Early",
    "shortDesc": "TopCare Pregnancy Test Early",
    "tags": [
      "Family Planning"
    ],
    "categories": [
      {
        "code": "Personal Care",
        "desc": "Personal Care"
      }
    ],
    "subCategories": [
      {
        "code": "Personal Needs",
        "desc": "Personal Needs"
      }
    ],
    "brands": [
      {
        "code": "Topcare",
        "desc": "Topcare"
      }
    ],
    "price": {
      "basePrice": 12.98,
      "discountPrice": 12.98
    },
    "type": {
      "code": "Family Planning",
      "desc": "Family Planning"
    },
    "weight": "2 count",
    "UpcCode": "",
    "tax": 1.0,
    "spiceLevel": "",
    "aiselNo": "13",
    "store": "Market Basket",
    "weightType": "2 count",
    "imageName": "6754.jpg",
    "defaultImage": "6754.jpg",
    "updatedTimestamp": "Jan 23, 2021 8:02:30 PM",
    "createdTimestamp": "Jan 23, 2021 8:02:30 PM",
    "isNewlyAdded": false,
    "isActive": true,
    "isDealsEnabled": false,
    "quantity": 0
  },
  {
    "id": 7230,
    "code": "Infinite Herbs Holiday Ham Blend",
    "desc": "Infinite Herbs Holiday Ham Blend",
    "shortDesc": "Infinite Herbs Holiday Ham Blend",
    "tags": [
      "Spices & Seasonings"
    ],
    "categories": [
      {
        "code": "Cooking Needs",
        "desc": "Cooking Needs"
      }
    ],
    "subCategories": [
      {
        "code": "Spices & Seasonings",
        "desc": "Spices & Seasonings"
      }
    ],
    "brands": [
      {
        "code": "Infinite Herbs",
        "desc": "Infinite Herbs"
      }
    ],
    "price": {
      "basePrice": 3.69,
      "discountPrice": 3.69
    },
    "type": {
      "code": "Spices & Seasonings",
      "desc": "Spices & Seasonings"
    },
    "weight": "3 oz",
    "UpcCode": "",
    "tax": 0.0,
    "spiceLevel": "",
    "aiselNo": "9",
    "store": "Market Basket",
    "weightType": "3 oz",
    "imageName": "No Image.jpg",
    "defaultImage": "No Image.jpg",
    "updatedTimestamp": "Jan 23, 2021 8:02:30 PM",
    "createdTimestamp": "Jan 23, 2021 8:02:30 PM",
    "isNewlyAdded": false,
    "isActive": true,
    "isDealsEnabled": false,
    "quantity": 0
  },
  {
    "id": 7213,
    "code": "Emeril's Italian Seasoning Blend",
    "desc": "Emeril's Italian Seasoning Blend",
    "shortDesc": "Emeril's Italian Seasoning Blend",
    "tags": [
      "Spices & Seasonings"
    ],
    "categories": [
      {
        "code": "Cooking Needs",
        "desc": "Cooking Needs"
      }
    ],
    "subCategories": [
      {
        "code": "Spices & Seasonings",
        "desc": "Spices & Seasonings"
      }
    ],
    "brands": [
      {
        "code": "Emeril's",
        "desc": "Emeril's"
      }
    ],
    "price": {
      "basePrice": 3.69,
      "discountPrice": 3.69
    },
    "type": {
      "code": "Spices & Seasonings",
      "desc": "Spices & Seasonings"
    },
    "weight": "0.77 oz",
    "UpcCode": "",
    "tax": 0.0,
    "spiceLevel": "",
    "aiselNo": "9",
    "store": "Market Basket",
    "weightType": "0.77 oz",
    "imageName": "15664.jpg",
    "defaultImage": "15664.jpg",
    "updatedTimestamp": "Jan 23, 2021 8:02:30 PM",
    "createdTimestamp": "Jan 23, 2021 8:02:30 PM",
    "isNewlyAdded": false,
    "isActive": true,
    "isDealsEnabled": false,
    "quantity": 0
  },
  {
    "id": 14629,
    "code": "Traditional Medicinals Seasonal Teas Organic Echinacea Plus, Caffeine Free Herbal Tea",
    "desc": "Traditional Medicinals Seasonal Teas Organic Echinacea Plus, Caffeine Free Herbal Tea",
    "shortDesc": "Traditional Medicinals Seasonal Teas Organic Echinacea Plus, Caffeine Free Herbal Tea",
    "tags": [
      "Tea"
    ],
    "categories": [
      {
        "code": "Breakfast & Dairy",
        "desc": "Breakfast & Dairy"
      }
    ],
    "subCategories": [
      {
        "code": "Tea & Coffee",
        "desc": "Tea & Coffee"
      }
    ],
    "brands": [
      {
        "code": "Traditional Medicinals",
        "desc": "Traditional Medicinals"
      }
    ],
    "price": {
      "basePrice": 4.89,
      "discountPrice": 4.89
    },
    "type": {
      "code": "Tea",
      "desc": "Tea"
    },
    "weight": "16 count",
    "UpcCode": "",
    "tax": 0.0,
    "spiceLevel": "",
    "aiselNo": "8",
    "store": "Market Basket",
    "weightType": "16 count",
    "imageName": "3496.jpg",
    "defaultImage": "3496.jpg",
    "updatedTimestamp": "Jan 23, 2021 8:02:30 PM",
    "createdTimestamp": "Jan 23, 2021 8:02:30 PM",
    "isNewlyAdded": false,
    "isActive": true,
    "isDealsEnabled": false,
    "quantity": 0
  },
  {
    "id": 13656,
    "code": "Castello The Original Danish Blue Cheese",
    "desc": "Castello The Original Danish Blue Cheese",
    "shortDesc": "Castello The Original Danish Blue Cheese",
    "tags": [
      "Packaged Cheese"
    ],
    "categories": [
      {
        "code": "Breakfast & Dairy",
        "desc": "Breakfast & Dairy"
      }
    ],
    "subCategories": [
      {
        "code": "Dairy & Eggs",
        "desc": "Dairy & Eggs"
      }
    ],
    "brands": [
      {
        "code": "Castello",
        "desc": "Castello"
      }
    ],
    "price": {
      "basePrice": 3.89,
      "discountPrice": 3.89
    },
    "type": {
      "code": "Packaged Cheese",
      "desc": "Packaged Cheese"
    },
    "weight": "4.4 oz",
    "UpcCode": "",
    "tax": 0.0,
    "spiceLevel": "",
    "aiselNo": "1",
    "store": "Market Basket",
    "weightType": "4.4 oz",
    "imageName": "14577.jpg",
    "defaultImage": "14577.jpg",
    "updatedTimestamp": "Jan 23, 2021 8:02:30 PM",
    "createdTimestamp": "Jan 23, 2021 8:02:30 PM",
    "isNewlyAdded": false,
    "isActive": true,
    "isDealsEnabled": false,
    "quantity": 0
  },
  {
    "id": 7543,
    "code": "Slice Beets",
    "desc": "Slice Beets",
    "shortDesc": "Slice Beets",
    "tags": [
      "Canned & Jarred Vegetables"
    ],
    "categories": [
      {
        "code": "Cooking Needs",
        "desc": "Cooking Needs"
      }
    ],
    "subCategories": [
      {
        "code": "Canned Food",
        "desc": "Canned Food"
      }
    ],
    "brands": [
      {
        "code": "Market Basket",
        "desc": "Market Basket"
      }
    ],
    "price": {
      "basePrice": 0.99,
      "discountPrice": 0.99
    },
    "type": {
      "code": "Canned & Jarred Vegetables",
      "desc": "Canned & Jarred Vegetables"
    },
    "weight": "1 ct",
    "UpcCode": "",
    "tax": 0.0,
    "spiceLevel": "",
    "aiselNo": "9",
    "store": "Market Basket",
    "weightType": "1 ct",
    "imageName": "Market Basket.jpg",
    "defaultImage": "Market Basket.jpg",
    "updatedTimestamp": "Jan 23, 2021 8:02:30 PM",
    "createdTimestamp": "Jan 23, 2021 8:02:30 PM",
    "isNewlyAdded": false,
    "isActive": true,
    "isDealsEnabled": false,
    "quantity": 0
  },
  {
    "id": 535,
    "code": "all stainlifters fresh tropical mist detergent 26 Loads Laundry Detergent",
    "desc": "all stainlifters fresh tropical mist detergent 26 Loads Laundry Detergent",
    "shortDesc": "all stainlifters fresh tropical mist detergent 26 Loads Laundry Detergent",
    "tags": [
      "Laundry Detergent"
    ],
    "categories": [
      {
        "code": "Laundry & Paper Goods",
        "desc": "Laundry & Paper Goods"
      }
    ],
    "subCategories": [
      {
        "code": "Laundry",
        "desc": "Laundry"
      }
    ],
    "brands": [
      {
        "code": "all",
        "desc": "all"
      }
    ],
    "price": {
      "basePrice": 3.74,
      "discountPrice": 3.74
    },
    "type": {
      "code": "Laundry Detergent",
      "desc": "Laundry Detergent"
    },
    "weight": "40 fl oz",
    "UpcCode": "",
    "tax": 1.0,
    "spiceLevel": "",
    "aiselNo": "15",
    "store": "Market Basket",
    "weightType": "40 fl oz",
    "imageName": "No Image.jpg",
    "defaultImage": "No Image.jpg",
    "updatedTimestamp": "Jan 23, 2021 8:02:30 PM",
    "createdTimestamp": "Jan 23, 2021 8:02:30 PM",
    "isNewlyAdded": false,
    "isActive": true,
    "isDealsEnabled": false,
    "quantity": 0
  },
  {
    "id": 14898,
    "code": "U by Kotex - Super Premium AllNighter Ultra Thin Overnight Pads with Wings, Fragrance-Free",
    "desc": "U by Kotex - Super Premium AllNighter Ultra Thin Overnight Pads with Wings, Fragrance-Free",
    "shortDesc": "U by Kotex - Super Premium AllNighter Ultra Thin Overnight Pads with Wings, Fragrance-Free",
    "tags": [
      "Menstrual Pads"
    ],
    "categories": [
      {
        "code": "Personal Care",
        "desc": "Personal Care"
      }
    ],
    "subCategories": [
      {
        "code": "Feminine Care",
        "desc": "Feminine Care"
      }
    ],
    "brands": [
      {
        "code": "U by Kotex",
        "desc": "U by Kotex"
      }
    ],
    "price": {
      "basePrice": 5.39,
      "discountPrice": 5.39
    },
    "type": {
      "code": "Menstrual Pads",
      "desc": "Menstrual Pads"
    },
    "weight": "14 count",
    "UpcCode": "",
    "tax": 1.0,
    "spiceLevel": "",
    "aiselNo": "13",
    "store": "Market Basket",
    "weightType": "14 count",
    "imageName": "18159.jpg",
    "defaultImage": "18159.jpg",
    "updatedTimestamp": "Jan 23, 2021 8:02:30 PM",
    "createdTimestamp": "Jan 23, 2021 8:02:30 PM",
    "isNewlyAdded": false,
    "isActive": true,
    "isDealsEnabled": false,
    "quantity": 0
  },
  {
    "id": 6198,
    "code": "7 Up Lemon Lime",
    "desc": "7 Up Lemon Lime",
    "shortDesc": "7 Up Lemon Lime",
    "tags": [
      "Soft Drinks"
    ],
    "categories": [
      {
        "code": "Beverages & Juices",
        "desc": "Beverages & Juices"
      }
    ],
    "subCategories": [
      {
        "code": "Soft Drinks & Seltzers",
        "desc": "Soft Drinks & Seltzers"
      }
    ],
    "brands": [
      {
        "code": "7 up",
        "desc": "7 up"
      }
    ],
    "price": {
      "basePrice": 4.99,
      "discountPrice": 4.99
    },
    "type": {
      "code": "Soft Drinks",
      "desc": "Soft Drinks"
    },
    "weight": "6 x 16.9 fl oz",
    "UpcCode": "",
    "tax": 0.0,
    "spiceLevel": "",
    "aiselNo": "17",
    "store": "Market Basket",
    "weightType": "6 x 16.9 fl oz",
    "imageName": "No Image.jpg",
    "defaultImage": "No Image.jpg",
    "updatedTimestamp": "Jan 23, 2021 8:02:30 PM",
    "createdTimestamp": "Jan 23, 2021 8:02:30 PM",
    "isNewlyAdded": false,
    "isActive": true,
    "isDealsEnabled": false,
    "quantity": 0
  },
  {
    "id": 13301,
    "code": "Land O' Lakes Land O Lakes Margarine, Sticks, Box",
    "desc": "Land O' Lakes Land O Lakes Margarine, Sticks, Box",
    "shortDesc": "Land O' Lakes Land O Lakes Margarine, Sticks, Box",
    "tags": [
      "Butter"
    ],
    "categories": [
      {
        "code": "Breakfast & Dairy",
        "desc": "Breakfast & Dairy"
      }
    ],
    "subCategories": [
      {
        "code": "Dairy & Eggs",
        "desc": "Dairy & Eggs"
      }
    ],
    "brands": [
      {
        "code": "Land O' Lakes",
        "desc": "Land O' Lakes"
      }
    ],
    "price": {
      "basePrice": 1.89,
      "discountPrice": 1.89
    },
    "type": {
      "code": "Butter",
      "desc": "Butter"
    },
    "weight": "4 x 1 lb",
    "UpcCode": "",
    "tax": 0.0,
    "spiceLevel": "",
    "aiselNo": "1",
    "store": "Market Basket",
    "weightType": "4 x 1 lb",
    "imageName": "628.jpg",
    "defaultImage": "628.jpg",
    "updatedTimestamp": "Jan 23, 2021 8:02:30 PM",
    "createdTimestamp": "Jan 23, 2021 8:02:30 PM",
    "isNewlyAdded": false,
    "isActive": true,
    "isDealsEnabled": false,
    "quantity": 0
  },
  {
    "id": 14428,
    "code": "Melitta Super Premium White Cone Coffee Filters",
    "desc": "Melitta Super Premium White Cone Coffee Filters",
    "shortDesc": "Melitta Super Premium White Cone Coffee Filters",
    "tags": [
      "Coffee"
    ],
    "categories": [
      {
        "code": "Breakfast & Dairy",
        "desc": "Breakfast & Dairy"
      }
    ],
    "subCategories": [
      {
        "code": "Tea & Coffee",
        "desc": "Tea & Coffee"
      }
    ],
    "brands": [
      {
        "code": "Melitta",
        "desc": "Melitta"
      }
    ],
    "price": {
      "basePrice": 3.69,
      "discountPrice": 3.69
    },
    "type": {
      "code": "Coffee",
      "desc": "Coffee"
    },
    "weight": "100 count",
    "UpcCode": "",
    "tax": 0.0,
    "spiceLevel": "",
    "aiselNo": "8",
    "store": "Market Basket",
    "weightType": "100 count",
    "imageName": "3392.jpg",
    "defaultImage": "3392.jpg",
    "updatedTimestamp": "Jan 23, 2021 8:02:30 PM",
    "createdTimestamp": "Jan 23, 2021 8:02:30 PM",
    "isNewlyAdded": false,
    "isActive": true,
    "isDealsEnabled": false,
    "quantity": 0
  },
  {
    "id": 7891,
    "code": "Chunk White Albacore Tuna In Water",
    "desc": "Chunk White Albacore Tuna In Water",
    "shortDesc": "Chunk White Albacore Tuna In Water",
    "tags": [
      "Canned Meat & Seafood"
    ],
    "categories": [
      {
        "code": "Cooking Needs",
        "desc": "Cooking Needs"
      }
    ],
    "subCategories": [
      {
        "code": "Canned Food",
        "desc": "Canned Food"
      }
    ],
    "brands": [
      {
        "code": "StarKist",
        "desc": "StarKist"
      }
    ],
    "price": {
      "basePrice": 1.29,
      "discountPrice": 1.29
    },
    "type": {
      "code": "Canned Meat & Seafood",
      "desc": "Canned Meat & Seafood"
    },
    "weight": "5 oz",
    "UpcCode": "",
    "tax": 0.0,
    "spiceLevel": "",
    "aiselNo": "2",
    "store": "Market Basket",
    "weightType": "5 oz",
    "imageName": "5201.jpg",
    "defaultImage": "5201.jpg",
    "updatedTimestamp": "Jan 23, 2021 8:02:30 PM",
    "createdTimestamp": "Jan 23, 2021 8:02:30 PM",
    "isNewlyAdded": false,
    "isActive": true,
    "isDealsEnabled": false,
    "quantity": 0
  },
  {
    "id": 7180,
    "code": "Alma Sesame Seeds",
    "desc": "Alma Sesame Seeds",
    "shortDesc": "Alma Sesame Seeds",
    "tags": [
      "Spices & Seasonings"
    ],
    "categories": [
      {
        "code": "Cooking Needs",
        "desc": "Cooking Needs"
      }
    ],
    "subCategories": [
      {
        "code": "Spices & Seasonings",
        "desc": "Spices & Seasonings"
      }
    ],
    "brands": [
      {
        "code": "Alma",
        "desc": "Alma"
      }
    ],
    "price": {
      "basePrice": 3.69,
      "discountPrice": 3.69
    },
    "type": {
      "code": "Spices & Seasonings",
      "desc": "Spices & Seasonings"
    },
    "weight": "3.5 oz",
    "UpcCode": "",
    "tax": 0.0,
    "spiceLevel": "",
    "aiselNo": "9",
    "store": "Market Basket",
    "weightType": "3.5 oz",
    "imageName": "15639.jpg",
    "defaultImage": "15639.jpg",
    "updatedTimestamp": "Jan 23, 2021 8:02:30 PM",
    "createdTimestamp": "Jan 23, 2021 8:02:30 PM",
    "isNewlyAdded": false,
    "isActive": true,
    "isDealsEnabled": false,
    "quantity": 0
  },
  {
    "id": 4034,
    "code": "Turmeric Root Fresh Pack (Approx: 1 lb)",
    "desc": "Turmeric Root Fresh Pack (Approx: 1 lb)",
    "shortDesc": "Turmeric Root Fresh Pack (Approx: 1 lb)",
    "tags": [
      "Tumeric"
    ],
    "categories": [
      {
        "code": "Fresh Produce",
        "desc": "Fresh Produce"
      }
    ],
    "subCategories": [
      {
        "code": "Fresh Vegetables",
        "desc": "Fresh Vegetables"
      }
    ],
    "brands": [
      {
        "code": "Market Basket",
        "desc": "Market Basket"
      }
    ],
    "price": {
      "basePrice": 16.89,
      "discountPrice": 16.89
    },
    "type": {
      "code": "Tumeric",
      "desc": "Tumeric"
    },
    "weight": "1 pack",
    "UpcCode": "",
    "tax": 0.0,
    "spiceLevel": "",
    "aiselNo": "20",
    "store": "Market Basket",
    "weightType": "1 pack",
    "imageName": "FP91.jpg",
    "defaultImage": "FP91.jpg",
    "updatedTimestamp": "Jan 23, 2021 8:02:30 PM",
    "createdTimestamp": "Jan 23, 2021 8:02:30 PM",
    "isNewlyAdded": false,
    "isActive": true,
    "isDealsEnabled": false,
    "quantity": 0
  },
  {
    "id": 6212,
    "code": "Diet Sunkist Orange Soda",
    "desc": "Diet Sunkist Orange Soda",
    "shortDesc": "Diet Sunkist Orange Soda",
    "tags": [
      "Soft Drinks"
    ],
    "categories": [
      {
        "code": "Beverages & Juices",
        "desc": "Beverages & Juices"
      }
    ],
    "subCategories": [
      {
        "code": "Soft Drinks & Seltzers",
        "desc": "Soft Drinks & Seltzers"
      }
    ],
    "brands": [
      {
        "code": "Sunkist",
        "desc": "Sunkist"
      }
    ],
    "price": {
      "basePrice": 2.11,
      "discountPrice": 2.11
    },
    "type": {
      "code": "Soft Drinks",
      "desc": "Soft Drinks"
    },
    "weight": "2 L",
    "UpcCode": "",
    "tax": 0.0,
    "spiceLevel": "",
    "aiselNo": "17",
    "store": "Market Basket",
    "weightType": "2 L",
    "imageName": "16578.jpg",
    "defaultImage": "16578.jpg",
    "updatedTimestamp": "Jan 23, 2021 8:02:30 PM",
    "createdTimestamp": "Jan 23, 2021 8:02:30 PM",
    "isNewlyAdded": false,
    "isActive": true,
    "isDealsEnabled": false,
    "quantity": 0
  },
  {
    "id": 4516,
    "code": "Market Basket Boneless Ham Half",
    "desc": "Market Basket Boneless Ham Half",
    "shortDesc": "Market Basket Boneless Ham Half",
    "tags": [
      "Ham"
    ],
    "categories": [
      {
        "code": "Meat & Seafood",
        "desc": "Meat & Seafood"
      }
    ],
    "subCategories": [
      {
        "code": "Lunch Meat",
        "desc": "Lunch Meat"
      }
    ],
    "brands": [
      {
        "code": "Market Basket",
        "desc": "Market Basket"
      }
    ],
    "price": {
      "basePrice": 11.07,
      "discountPrice": 11.07
    },
    "type": {
      "code": "Ham",
      "desc": "Ham"
    },
    "weight": "Approx: 3.00 lb at $3.69/lb",
    "UpcCode": "",
    "tax": 0.0,
    "spiceLevel": "",
    "aiselNo": "22",
    "store": "Market Basket",
    "weightType": "Approx: 3.00 lb at $3.69/lb",
    "imageName": "Market Basket.jpg",
    "defaultImage": "Market Basket.jpg",
    "updatedTimestamp": "Jan 23, 2021 8:02:30 PM",
    "createdTimestamp": "Jan 23, 2021 8:02:30 PM",
    "isNewlyAdded": false,
    "isActive": true,
    "isDealsEnabled": false,
    "quantity": 0
  },
  {
    "id": 4977,
    "code": "Tositos Lightly Salted 50% Less Sodium",
    "desc": "Tositos Lightly Salted 50% Less Sodium",
    "shortDesc": "Tositos Lightly Salted 50% Less Sodium",
    "tags": [
      "Chips & Pretzels"
    ],
    "categories": [
      {
        "code": "Chips, Cookies & Snacks",
        "desc": "Chips, Cookies & Snacks"
      }
    ],
    "subCategories": [
      {
        "code": "Chips & Fruit Snacks",
        "desc": "Chips & Fruit Snacks"
      }
    ],
    "brands": [
      {
        "code": "Tostitos",
        "desc": "Tostitos"
      }
    ],
    "price": {
      "basePrice": 5.47,
      "discountPrice": 5.47
    },
    "type": {
      "code": "Chips & Pretzels",
      "desc": "Chips & Pretzels"
    },
    "weight": "13 oz",
    "UpcCode": "",
    "tax": 0.0,
    "spiceLevel": "",
    "aiselNo": "0",
    "store": "Market Basket",
    "weightType": "13 oz",
    "imageName": "No Image.jpg",
    "defaultImage": "No Image.jpg",
    "updatedTimestamp": "Jan 23, 2021 8:02:30 PM",
    "createdTimestamp": "Jan 23, 2021 8:02:30 PM",
    "isNewlyAdded": false,
    "isActive": true,
    "isDealsEnabled": false,
    "quantity": 0
  },
  {
    "id": 8364,
    "code": "Goya Honey with Comb",
    "desc": "Goya Honey with Comb",
    "shortDesc": "Goya Honey with Comb",
    "tags": [
      "Honey"
    ],
    "categories": [
      {
        "code": "Condiments & Dressings",
        "desc": "Condiments & Dressings"
      }
    ],
    "subCategories": [
      {
        "code": "Honey, Syrup & Nectars",
        "desc": "Honey, Syrup & Nectars"
      }
    ],
    "brands": [
      {
        "code": "Goya",
        "desc": "Goya"
      }
    ],
    "price": {
      "basePrice": 9.29,
      "discountPrice": 9.29
    },
    "type": {
      "code": "Honey",
      "desc": "Honey"
    },
    "weight": "16 oz",
    "UpcCode": "",
    "tax": 0.0,
    "spiceLevel": "",
    "aiselNo": "7",
    "store": "Market Basket",
    "weightType": "16 oz",
    "imageName": "1607.jpg",
    "defaultImage": "1607.jpg",
    "updatedTimestamp": "Jan 23, 2021 8:02:30 PM",
    "createdTimestamp": "Jan 23, 2021 8:02:30 PM",
    "isNewlyAdded": false,
    "isActive": true,
    "isDealsEnabled": false,
    "quantity": 0
  },
  {
    "id": 8224,
    "code": "Lavant Tahina",
    "desc": "Lavant Tahina",
    "shortDesc": "Lavant Tahina",
    "tags": [
      "Condiments"
    ],
    "categories": [
      {
        "code": "Condiments & Dressings",
        "desc": "Condiments & Dressings"
      }
    ],
    "subCategories": [
      {
        "code": "Marinades, Ketchup & Sauces",
        "desc": "Marinades, Ketchup & Sauces"
      }
    ],
    "brands": [
      {
        "code": "Lavant",
        "desc": "Lavant"
      }
    ],
    "price": {
      "basePrice": 3.09,
      "discountPrice": 3.09
    },
    "type": {
      "code": "Condiments",
      "desc": "Condiments"
    },
    "weight": "16 oz",
    "UpcCode": "",
    "tax": 0.0,
    "spiceLevel": "",
    "aiselNo": "2",
    "store": "Market Basket",
    "weightType": "16 oz",
    "imageName": "No Image.jpg",
    "defaultImage": "No Image.jpg",
    "updatedTimestamp": "Jan 23, 2021 8:02:30 PM",
    "createdTimestamp": "Jan 23, 2021 8:02:30 PM",
    "isNewlyAdded": false,
    "isActive": true,
    "isDealsEnabled": false,
    "quantity": 0
  },
  {
    "id": 478,
    "code": "Purex Detergent Odor Release 43 Loads",
    "desc": "Purex Detergent Odor Release 43 Loads",
    "shortDesc": "Purex Detergent Odor Release 43 Loads",
    "tags": [
      "Laundry Detergent"
    ],
    "categories": [
      {
        "code": "Laundry & Paper Goods",
        "desc": "Laundry & Paper Goods"
      }
    ],
    "subCategories": [
      {
        "code": "Laundry",
        "desc": "Laundry"
      }
    ],
    "brands": [
      {
        "code": "Purex Liquid Detergents",
        "desc": "Purex Liquid Detergents"
      }
    ],
    "price": {
      "basePrice": 3.74,
      "discountPrice": 3.74
    },
    "type": {
      "code": "Laundry Detergent",
      "desc": "Laundry Detergent"
    },
    "weight": "65 fl oz",
    "UpcCode": "",
    "tax": 1.0,
    "spiceLevel": "",
    "aiselNo": "15",
    "store": "Market Basket",
    "weightType": "65 fl oz",
    "imageName": "No Image.jpg",
    "defaultImage": "No Image.jpg",
    "updatedTimestamp": "Jan 23, 2021 8:02:30 PM",
    "createdTimestamp": "Jan 23, 2021 8:02:30 PM",
    "isNewlyAdded": false,
    "isActive": true,
    "isDealsEnabled": false,
    "quantity": 0
  },
  {
    "id": 8762,
    "code": "Mrs. Renfro's Mild Salsa Peach",
    "desc": "Mrs. Renfro's Mild Salsa Peach",
    "shortDesc": "Mrs. Renfro's Mild Salsa Peach",
    "tags": [
      "Preserved Dips & Salsa"
    ],
    "categories": [
      {
        "code": "Condiments & Dressings",
        "desc": "Condiments & Dressings"
      }
    ],
    "subCategories": [
      {
        "code": "Preserved Dips & Spreads",
        "desc": "Preserved Dips & Spreads"
      }
    ],
    "brands": [
      {
        "code": "Mrs. Renfro's",
        "desc": "Mrs. Renfro's"
      }
    ],
    "price": {
      "basePrice": 3.69,
      "discountPrice": 3.69
    },
    "type": {
      "code": "Preserved Dips & Salsa",
      "desc": "Preserved Dips & Salsa"
    },
    "weight": "16 oz",
    "UpcCode": "",
    "tax": 0.0,
    "spiceLevel": "",
    "aiselNo": "1",
    "store": "Market Basket",
    "weightType": "16 oz",
    "imageName": "2004.jpg",
    "defaultImage": "2004.jpg",
    "updatedTimestamp": "Jan 23, 2021 8:02:30 PM",
    "createdTimestamp": "Jan 23, 2021 8:02:30 PM",
    "isNewlyAdded": false,
    "isActive": true,
    "isDealsEnabled": false,
    "quantity": 0
  },
  {
    "id": 15017,
    "code": "Ban Powder Fresh Antiperspirant/Deodorant",
    "desc": "Ban Powder Fresh Antiperspirant/Deodorant",
    "shortDesc": "Ban Powder Fresh Antiperspirant/Deodorant",
    "tags": [
      "Deodorants"
    ],
    "categories": [
      {
        "code": "Personal Care",
        "desc": "Personal Care"
      }
    ],
    "subCategories": [
      {
        "code": "Personal Needs",
        "desc": "Personal Needs"
      }
    ],
    "brands": [
      {
        "code": "Ban",
        "desc": "Ban"
      }
    ],
    "price": {
      "basePrice": 4.24,
      "discountPrice": 4.24
    },
    "type": {
      "code": "Deodorants",
      "desc": "Deodorants"
    },
    "weight": "1.5 oz",
    "UpcCode": "",
    "tax": 1.0,
    "spiceLevel": "",
    "aiselNo": "13",
    "store": "Market Basket",
    "weightType": "1.5 oz",
    "imageName": "6322.jpg",
    "defaultImage": "6322.jpg",
    "updatedTimestamp": "Jan 23, 2021 8:02:30 PM",
    "createdTimestamp": "Jan 23, 2021 8:02:30 PM",
    "isNewlyAdded": false,
    "isActive": true,
    "isDealsEnabled": false,
    "quantity": 0
  },
  {
    "id": 6022,
    "code": "Red Bull Sugar Free",
    "desc": "Red Bull Sugar Free",
    "shortDesc": "Red Bull Sugar Free",
    "tags": [
      "Energy & Sports Drinks"
    ],
    "categories": [
      {
        "code": "Beverages & Juices",
        "desc": "Beverages & Juices"
      }
    ],
    "subCategories": [
      {
        "code": "Energy & Sports Drinks",
        "desc": "Energy & Sports Drinks"
      }
    ],
    "brands": [
      {
        "code": "Red Bull",
        "desc": "Red Bull"
      }
    ],
    "price": {
      "basePrice": 2.49,
      "discountPrice": 2.49
    },
    "type": {
      "code": "Energy & Sports Drinks",
      "desc": "Energy & Sports Drinks"
    },
    "weight": "8.4 fl oz",
    "UpcCode": "",
    "tax": 0.0,
    "spiceLevel": "",
    "aiselNo": "17",
    "store": "Market Basket",
    "weightType": "8.4 fl oz",
    "imageName": "3735.jpg",
    "defaultImage": "3735.jpg",
    "updatedTimestamp": "Jan 23, 2021 8:02:29 PM",
    "createdTimestamp": "Jan 23, 2021 8:02:29 PM",
    "isNewlyAdded": false,
    "isActive": true,
    "isDealsEnabled": false,
    "quantity": 0
  },
  {
    "id": 8588,
    "code": "BaTampte Sauer Kraut",
    "desc": "BaTampte Sauer Kraut",
    "shortDesc": "BaTampte Sauer Kraut",
    "tags": [
      "Pickled Goods & Olives"
    ],
    "categories": [
      {
        "code": "Condiments & Dressings",
        "desc": "Condiments & Dressings"
      }
    ],
    "subCategories": [
      {
        "code": "Pickled Goods & Olives",
        "desc": "Pickled Goods & Olives"
      }
    ],
    "brands": [
      {
        "code": "BaTampte",
        "desc": "BaTampte"
      }
    ],
    "price": {
      "basePrice": 3.69,
      "discountPrice": 3.69
    },
    "type": {
      "code": "Pickled Goods & Olives",
      "desc": "Pickled Goods & Olives"
    },
    "weight": "32 oz",
    "UpcCode": "",
    "tax": 0.0,
    "spiceLevel": "",
    "aiselNo": "2",
    "store": "Market Basket",
    "weightType": "32 oz",
    "imageName": "15545.jpg",
    "defaultImage": "15545.jpg",
    "updatedTimestamp": "Jan 23, 2021 8:02:30 PM",
    "createdTimestamp": "Jan 23, 2021 8:02:30 PM",
    "isNewlyAdded": false,
    "isActive": true,
    "isDealsEnabled": false,
    "quantity": 0
  },
  {
    "id": 276,
    "code": "Oxi Clean Lemon Clean Dishwasher Detergent",
    "desc": "Oxi Clean Lemon Clean Dishwasher Detergent",
    "shortDesc": "Oxi Clean Lemon Clean Dishwasher Detergent",
    "tags": [
      "Dishwasher Detergent"
    ],
    "categories": [
      {
        "code": "Kitchen & Cleaning",
        "desc": "Kitchen & Cleaning"
      }
    ],
    "subCategories": [
      {
        "code": "Dish Detergents",
        "desc": "Dish Detergents"
      }
    ],
    "brands": [
      {
        "code": "Oxi Clean",
        "desc": "Oxi Clean"
      }
    ],
    "price": {
      "basePrice": 4.89,
      "discountPrice": 4.89
    },
    "type": {
      "code": "Dishwasher Detergent",
      "desc": "Dishwasher Detergent"
    },
    "weight": "12.7 oz",
    "UpcCode": "",
    "tax": 1.0,
    "spiceLevel": "",
    "aiselNo": "15",
    "store": "Market Basket",
    "weightType": "12.7 oz",
    "imageName": "4383.jpg",
    "defaultImage": "4383.jpg",
    "updatedTimestamp": "Jan 23, 2021 8:02:30 PM",
    "createdTimestamp": "Jan 23, 2021 8:02:30 PM",
    "isNewlyAdded": false,
    "isActive": true,
    "isDealsEnabled": false,
    "quantity": 0
  },
  {
    "id": 7525,
    "code": "Market Basket Sliced Beets",
    "desc": "Market Basket Sliced Beets",
    "shortDesc": "Market Basket Sliced Beets",
    "tags": [
      "Canned & Jarred Vegetables"
    ],
    "categories": [
      {
        "code": "Cooking Needs",
        "desc": "Cooking Needs"
      }
    ],
    "subCategories": [
      {
        "code": "Canned Food",
        "desc": "Canned Food"
      }
    ],
    "brands": [
      {
        "code": "Market Basket",
        "desc": "Market Basket"
      }
    ],
    "price": {
      "basePrice": 0.69,
      "discountPrice": 0.69
    },
    "type": {
      "code": "Canned & Jarred Vegetables",
      "desc": "Canned & Jarred Vegetables"
    },
    "weight": "8.25 oz",
    "UpcCode": "",
    "tax": 0.0,
    "spiceLevel": "",
    "aiselNo": "9",
    "store": "Market Basket",
    "weightType": "8.25 oz",
    "imageName": "Market Basket.jpg",
    "defaultImage": "Market Basket.jpg",
    "updatedTimestamp": "Jan 23, 2021 8:02:30 PM",
    "createdTimestamp": "Jan 23, 2021 8:02:30 PM",
    "isNewlyAdded": false,
    "isActive": true,
    "isDealsEnabled": false,
    "quantity": 0
  },
  {
    "id": 14496,
    "code": "Vermont Coffee Company Organic Dark Roast",
    "desc": "Vermont Coffee Company Organic Dark Roast",
    "shortDesc": "Vermont Coffee Company Organic Dark Roast",
    "tags": [
      "Coffee"
    ],
    "categories": [
      {
        "code": "Breakfast & Dairy",
        "desc": "Breakfast & Dairy"
      }
    ],
    "subCategories": [
      {
        "code": "Tea & Coffee",
        "desc": "Tea & Coffee"
      }
    ],
    "brands": [
      {
        "code": "Vermont Coffee Company",
        "desc": "Vermont Coffee Company"
      }
    ],
    "price": {
      "basePrice": 12.19,
      "discountPrice": 12.19
    },
    "type": {
      "code": "Coffee",
      "desc": "Coffee"
    },
    "weight": "16 oz",
    "UpcCode": "",
    "tax": 0.0,
    "spiceLevel": "",
    "aiselNo": "8",
    "store": "Market Basket",
    "weightType": "16 oz",
    "imageName": "16272.jpg",
    "defaultImage": "16272.jpg",
    "updatedTimestamp": "Jan 23, 2021 8:02:30 PM",
    "createdTimestamp": "Jan 23, 2021 8:02:30 PM",
    "isNewlyAdded": false,
    "isActive": true,
    "isDealsEnabled": false,
    "quantity": 0
  },
  {
    "id": 4165,
    "code": "Semi Boneless Lamb Leg",
    "desc": "Semi Boneless Lamb Leg",
    "shortDesc": "Semi Boneless Lamb Leg",
    "tags": [
      "Lamb"
    ],
    "categories": [
      {
        "code": "Meat & Seafood",
        "desc": "Meat & Seafood"
      }
    ],
    "subCategories": [
      {
        "code": "Meat & Seafood Counter",
        "desc": "Meat & Seafood Counter"
      }
    ],
    "brands": [
      {
        "code": "Market Basket",
        "desc": "Market Basket"
      }
    ],
    "price": {
      "basePrice": 7.39,
      "discountPrice": 7.39
    },
    "type": {
      "code": "Lamb",
      "desc": "Lamb"
    },
    "weight": "1 lb",
    "UpcCode": "",
    "tax": 0.0,
    "spiceLevel": "",
    "aiselNo": "22",
    "store": "Market Basket",
    "weightType": "1 lb",
    "imageName": "Market Basket.jpg",
    "defaultImage": "Market Basket.jpg",
    "updatedTimestamp": "Jan 23, 2021 8:02:30 PM",
    "createdTimestamp": "Jan 23, 2021 8:02:30 PM",
    "isNewlyAdded": false,
    "isActive": true,
    "isDealsEnabled": false,
    "quantity": 0
  },
  {
    "id": 5478,
    "code": "Kisses Special Dark Mildly Sweet Chocolate",
    "desc": "Kisses Special Dark Mildly Sweet Chocolate",
    "shortDesc": "Kisses Special Dark Mildly Sweet Chocolate",
    "tags": [
      "Candy & Chocolate"
    ],
    "categories": [
      {
        "code": "Chips, Cookies & Snacks",
        "desc": "Chips, Cookies & Snacks"
      }
    ],
    "subCategories": [
      {
        "code": "Candy & Chocolates",
        "desc": "Candy & Chocolates"
      }
    ],
    "brands": [
      {
        "code": "Kisses",
        "desc": "Kisses"
      }
    ],
    "price": {
      "basePrice": 3.69,
      "discountPrice": 3.69
    },
    "type": {
      "code": "Candy & Chocolate",
      "desc": "Candy & Chocolate"
    },
    "weight": "12 oz",
    "UpcCode": "",
    "tax": 0.0,
    "spiceLevel": "",
    "aiselNo": "3",
    "store": "Market Basket",
    "weightType": "12 oz",
    "imageName": "14957.jpg",
    "defaultImage": "14957.jpg",
    "updatedTimestamp": "Jan 23, 2021 8:02:30 PM",
    "createdTimestamp": "Jan 23, 2021 8:02:30 PM",
    "isNewlyAdded": false,
    "isActive": true,
    "isDealsEnabled": false,
    "quantity": 0
  },
  {
    "id": 7062,
    "code": "California Olive Ranch Destination Series Everyday Extra Virgin Olive Oil",
    "desc": "California Olive Ranch Destination Series Everyday Extra Virgin Olive Oil",
    "shortDesc": "California Olive Ranch Destination Series Everyday Extra Virgin Olive Oil",
    "tags": [
      "Oils & Vinegars"
    ],
    "categories": [
      {
        "code": "Cooking Needs",
        "desc": "Cooking Needs"
      }
    ],
    "subCategories": [
      {
        "code": "Oils & Vinegars",
        "desc": "Oils & Vinegars"
      }
    ],
    "brands": [
      {
        "code": "Calfornia Olive Ranch",
        "desc": "Calfornia Olive Ranch"
      }
    ],
    "price": {
      "basePrice": 9.79,
      "discountPrice": 9.79
    },
    "type": {
      "code": "Oils & Vinegars",
      "desc": "Oils & Vinegars"
    },
    "weight": "16.9 fl oz",
    "UpcCode": "",
    "tax": 0.0,
    "spiceLevel": "",
    "aiselNo": "2",
    "store": "Market Basket",
    "weightType": "16.9 fl oz",
    "imageName": "15514.jpg",
    "defaultImage": "15514.jpg",
    "updatedTimestamp": "Jan 23, 2021 8:02:30 PM",
    "createdTimestamp": "Jan 23, 2021 8:02:30 PM",
    "isNewlyAdded": false,
    "isActive": true,
    "isDealsEnabled": false,
    "quantity": 0
  },
  {
    "id": 7833,
    "code": "Chicken of the Sea Chunk Light Tuna in Water To Go Cups",
    "desc": "Chicken of the Sea Chunk Light Tuna in Water To Go Cups",
    "shortDesc": "Chicken of the Sea Chunk Light Tuna in Water To Go Cups",
    "tags": [
      "Canned Meat & Seafood"
    ],
    "categories": [
      {
        "code": "Cooking Needs",
        "desc": "Cooking Needs"
      }
    ],
    "subCategories": [
      {
        "code": "Canned Food",
        "desc": "Canned Food"
      }
    ],
    "brands": [
      {
        "code": "Chicken of the Sea",
        "desc": "Chicken of the Sea"
      }
    ],
    "price": {
      "basePrice": 2.49,
      "discountPrice": 2.49
    },
    "type": {
      "code": "Canned Meat & Seafood",
      "desc": "Canned Meat & Seafood"
    },
    "weight": "2 x 2.8 oz",
    "UpcCode": "",
    "tax": 0.0,
    "spiceLevel": "",
    "aiselNo": "2",
    "store": "Market Basket",
    "weightType": "2 x 2.8 oz",
    "imageName": "5218.jpg",
    "defaultImage": "5218.jpg",
    "updatedTimestamp": "Jan 23, 2021 8:02:30 PM",
    "createdTimestamp": "Jan 23, 2021 8:02:30 PM",
    "isNewlyAdded": false,
    "isActive": true,
    "isDealsEnabled": false,
    "quantity": 0
  },
  {
    "id": 5412,
    "code": "Nature's Bakery Fig Bar Strawberry",
    "desc": "Nature's Bakery Fig Bar Strawberry",
    "shortDesc": "Nature's Bakery Fig Bar Strawberry",
    "tags": [
      "Breakfast Bars"
    ],
    "categories": [
      {
        "code": "Breakfast & Dairy",
        "desc": "Breakfast & Dairy"
      }
    ],
    "subCategories": [
      {
        "code": "Bars & Pastries",
        "desc": "Bars & Pastries"
      }
    ],
    "brands": [
      {
        "code": "Nature's Bakery",
        "desc": "Nature's Bakery"
      }
    ],
    "price": {
      "basePrice": 9.36,
      "discountPrice": 9.36
    },
    "type": {
      "code": "Breakfast Bars",
      "desc": "Breakfast Bars"
    },
    "weight": "12 packs",
    "UpcCode": "",
    "tax": 0.0,
    "spiceLevel": "",
    "aiselNo": "6",
    "store": "Market Basket",
    "weightType": "12 packs",
    "imageName": "No Image.jpg",
    "defaultImage": "No Image.jpg",
    "updatedTimestamp": "Jan 23, 2021 8:02:30 PM",
    "createdTimestamp": "Jan 23, 2021 8:02:30 PM",
    "isNewlyAdded": false,
    "isActive": true,
    "isDealsEnabled": false,
    "quantity": 0
  },
  {
    "id": 14540,
    "code": "Bigelow Vanilla Caramel Black Tea",
    "desc": "Bigelow Vanilla Caramel Black Tea",
    "shortDesc": "Bigelow Vanilla Caramel Black Tea",
    "tags": [
      "Tea"
    ],
    "categories": [
      {
        "code": "Breakfast & Dairy",
        "desc": "Breakfast & Dairy"
      }
    ],
    "subCategories": [
      {
        "code": "Tea & Coffee",
        "desc": "Tea & Coffee"
      }
    ],
    "brands": [
      {
        "code": "Bigelow ",
        "desc": "Bigelow "
      }
    ],
    "price": {
      "basePrice": 3.69,
      "discountPrice": 3.69
    },
    "type": {
      "code": "Tea",
      "desc": "Tea"
    },
    "weight": "20 x 1.73 oz",
    "UpcCode": "",
    "tax": 0.0,
    "spiceLevel": "",
    "aiselNo": "8",
    "store": "Market Basket",
    "weightType": "20 x 1.73 oz",
    "imageName": "3430.jpg",
    "defaultImage": "3430.jpg",
    "updatedTimestamp": "Jan 23, 2021 8:02:30 PM",
    "createdTimestamp": "Jan 23, 2021 8:02:30 PM",
    "isNewlyAdded": false,
    "isActive": true,
    "isDealsEnabled": false,
    "quantity": 0
  },
  {
    "id": 8323,
    "code": "Luisa's Black Bean Taco Layered Fiesta Dip",
    "desc": "Luisa's Black Bean Taco Layered Fiesta Dip",
    "shortDesc": "Luisa's Black Bean Taco Layered Fiesta Dip",
    "tags": [
      "Fresh Dips & Tapenades"
    ],
    "categories": [
      {
        "code": "Condiments & Dressings",
        "desc": "Condiments & Dressings"
      }
    ],
    "subCategories": [
      {
        "code": "Fresh Dips & Tapenades",
        "desc": "Fresh Dips & Tapenades"
      }
    ],
    "brands": [
      {
        "code": "Luisa's",
        "desc": "Luisa's"
      }
    ],
    "price": {
      "basePrice": 3.69,
      "discountPrice": 3.69
    },
    "type": {
      "code": "Fresh Dips & Tapenades",
      "desc": "Fresh Dips & Tapenades"
    },
    "weight": "18.5 oz",
    "UpcCode": "",
    "tax": 0.0,
    "spiceLevel": "",
    "aiselNo": "1",
    "store": "Market Basket",
    "weightType": "18.5 oz",
    "imageName": "No Image.jpg",
    "defaultImage": "No Image.jpg",
    "updatedTimestamp": "Jan 23, 2021 8:02:30 PM",
    "createdTimestamp": "Jan 23, 2021 8:02:30 PM",
    "isNewlyAdded": false,
    "isActive": true,
    "isDealsEnabled": false,
    "quantity": 0
  },
  {
    "id": 7516,
    "code": "Market Basket No Salt Added Sliced Beets",
    "desc": "Market Basket No Salt Added Sliced Beets",
    "shortDesc": "Market Basket No Salt Added Sliced Beets",
    "tags": [
      "Canned & Jarred Vegetables"
    ],
    "categories": [
      {
        "code": "Cooking Needs",
        "desc": "Cooking Needs"
      }
    ],
    "subCategories": [
      {
        "code": "Canned Food",
        "desc": "Canned Food"
      }
    ],
    "brands": [
      {
        "code": "Market Basket",
        "desc": "Market Basket"
      }
    ],
    "price": {
      "basePrice": 0.69,
      "discountPrice": 0.69
    },
    "type": {
      "code": "Canned & Jarred Vegetables",
      "desc": "Canned & Jarred Vegetables"
    },
    "weight": "8.25 oz",
    "UpcCode": "",
    "tax": 0.0,
    "spiceLevel": "",
    "aiselNo": "9",
    "store": "Market Basket",
    "weightType": "8.25 oz",
    "imageName": "Market Basket.jpg",
    "defaultImage": "Market Basket.jpg",
    "updatedTimestamp": "Jan 23, 2021 8:02:30 PM",
    "createdTimestamp": "Jan 23, 2021 8:02:30 PM",
    "isNewlyAdded": false,
    "isActive": true,
    "isDealsEnabled": false,
    "quantity": 0
  },
  {
    "id": 3618,
    "code": "Packed Belgiam Endive",
    "desc": "Packed Belgiam Endive",
    "shortDesc": "Packed Belgiam Endive",
    "tags": [
      "Endive"
    ],
    "categories": [
      {
        "code": "Fresh Produce",
        "desc": "Fresh Produce"
      }
    ],
    "subCategories": [
      {
        "code": "Fresh Vegetables",
        "desc": "Fresh Vegetables"
      }
    ],
    "brands": [
      {
        "code": "Market Basket",
        "desc": "Market Basket"
      }
    ],
    "price": {
      "basePrice": 3.07,
      "discountPrice": 3.07
    },
    "type": {
      "code": "Endive",
      "desc": "Endive"
    },
    "weight": "1 count",
    "UpcCode": "",
    "tax": 0.0,
    "spiceLevel": "",
    "aiselNo": "20",
    "store": "Market Basket",
    "weightType": "1 count",
    "imageName": "f196.jpg",
    "defaultImage": "f196.jpg",
    "updatedTimestamp": "Jan 23, 2021 8:02:30 PM",
    "createdTimestamp": "Jan 23, 2021 8:02:30 PM",
    "isNewlyAdded": false,
    "isActive": true,
    "isDealsEnabled": false,
    "quantity": 0
  },
  {
    "id": 4161,
    "code": "Lamb Shoulder Chops",
    "desc": "Lamb Shoulder Chops",
    "shortDesc": "Lamb Shoulder Chops",
    "tags": [
      "Lamb"
    ],
    "categories": [
      {
        "code": "Meat & Seafood",
        "desc": "Meat & Seafood"
      }
    ],
    "subCategories": [
      {
        "code": "Meat & Seafood Counter",
        "desc": "Meat & Seafood Counter"
      }
    ],
    "brands": [
      {
        "code": "Market Basket",
        "desc": "Market Basket"
      }
    ],
    "price": {
      "basePrice": 10.49,
      "discountPrice": 10.49
    },
    "type": {
      "code": "Lamb",
      "desc": "Lamb"
    },
    "weight": "1 lb",
    "UpcCode": "",
    "tax": 0.0,
    "spiceLevel": "",
    "aiselNo": "22",
    "store": "Market Basket",
    "weightType": "1 lb",
    "imageName": "16666.jpg",
    "defaultImage": "16666.jpg",
    "updatedTimestamp": "Jan 23, 2021 8:02:30 PM",
    "createdTimestamp": "Jan 23, 2021 8:02:30 PM",
    "isNewlyAdded": false,
    "isActive": true,
    "isDealsEnabled": false,
    "quantity": 0
  },
  {
    "id": 5831,
    "code": "Thats It Fruit Bar, Apple + Pear",
    "desc": "Thats It Fruit Bar, Apple + Pear",
    "shortDesc": "Thats It Fruit Bar, Apple + Pear",
    "tags": [
      "Protien Bars"
    ],
    "categories": [
      {
        "code": "Breakfast & Dairy",
        "desc": "Breakfast & Dairy"
      }
    ],
    "subCategories": [
      {
        "code": "Bars & Pastries",
        "desc": "Bars & Pastries"
      }
    ],
    "brands": [
      {
        "code": "Thats It",
        "desc": "Thats It"
      }
    ],
    "price": {
      "basePrice": 1.59,
      "discountPrice": 1.59
    },
    "type": {
      "code": "Protien Bars",
      "desc": "Protien Bars"
    },
    "weight": "1.2 oz",
    "UpcCode": "",
    "tax": 0.0,
    "spiceLevel": "",
    "aiselNo": "3",
    "store": "Market Basket",
    "weightType": "1.2 oz",
    "imageName": "15240.jpg",
    "defaultImage": "15240.jpg",
    "updatedTimestamp": "Jan 23, 2021 8:02:30 PM",
    "createdTimestamp": "Jan 23, 2021 8:02:30 PM",
    "isNewlyAdded": false,
    "isActive": true,
    "isDealsEnabled": false,
    "quantity": 0
  },
  {
    "id": 14874,
    "code": "Vagisil Anti-Itch Creme",
    "desc": "Vagisil Anti-Itch Creme",
    "shortDesc": "Vagisil Anti-Itch Creme",
    "tags": [
      "Anti-Itch care"
    ],
    "categories": [
      {
        "code": "Personal Care",
        "desc": "Personal Care"
      }
    ],
    "subCategories": [
      {
        "code": "Feminine Care",
        "desc": "Feminine Care"
      }
    ],
    "brands": [
      {
        "code": "Vagisil",
        "desc": "Vagisil"
      }
    ],
    "price": {
      "basePrice": 5.62,
      "discountPrice": 5.62
    },
    "type": {
      "code": "Anti-Itch care",
      "desc": "Anti-Itch care"
    },
    "weight": "1 oz",
    "UpcCode": "",
    "tax": 1.0,
    "spiceLevel": "",
    "aiselNo": "13",
    "store": "Market Basket",
    "weightType": "1 oz",
    "imageName": "17807.jpg",
    "defaultImage": "17807.jpg",
    "updatedTimestamp": "Jan 23, 2021 8:02:30 PM",
    "createdTimestamp": "Jan 23, 2021 8:02:30 PM",
    "isNewlyAdded": false,
    "isActive": true,
    "isDealsEnabled": false,
    "quantity": 0
  },
  {
    "id": 5997,
    "code": "Monster Energy Ultra Sunrise 4 Pack",
    "desc": "Monster Energy Ultra Sunrise 4 Pack",
    "shortDesc": "Monster Energy Ultra Sunrise 4 Pack",
    "tags": [
      "Energy & Sports Drinks"
    ],
    "categories": [
      {
        "code": "Beverages & Juices",
        "desc": "Beverages & Juices"
      }
    ],
    "subCategories": [
      {
        "code": "Energy & Sports Drinks",
        "desc": "Energy & Sports Drinks"
      }
    ],
    "brands": [
      {
        "code": "Monster",
        "desc": "Monster"
      }
    ],
    "price": {
      "basePrice": 8.74,
      "discountPrice": 8.74
    },
    "type": {
      "code": "Energy & Sports Drinks",
      "desc": "Energy & Sports Drinks"
    },
    "weight": "4 x 16 fl oz",
    "UpcCode": "",
    "tax": 0.0,
    "spiceLevel": "",
    "aiselNo": "17",
    "store": "Market Basket",
    "weightType": "4 x 16 fl oz",
    "imageName": "No Image.jpg",
    "defaultImage": "No Image.jpg",
    "updatedTimestamp": "Jan 23, 2021 8:02:29 PM",
    "createdTimestamp": "Jan 23, 2021 8:02:29 PM",
    "isNewlyAdded": false,
    "isActive": true,
    "isDealsEnabled": false,
    "quantity": 0
  },
  {
    "id": 4554,
    "code": "San Daniele Capocollo",
    "desc": "San Daniele Capocollo",
    "shortDesc": "San Daniele Capocollo",
    "tags": [
      "Other Meat"
    ],
    "categories": [
      {
        "code": "Meat & Seafood",
        "desc": "Meat & Seafood"
      }
    ],
    "subCategories": [
      {
        "code": "Lunch Meat",
        "desc": "Lunch Meat"
      }
    ],
    "brands": [
      {
        "code": "San Daniele",
        "desc": "San Daniele"
      }
    ],
    "price": {
      "basePrice": 3.69,
      "discountPrice": 3.69
    },
    "type": {
      "code": "Other Meat",
      "desc": "Other Meat"
    },
    "weight": "3 oz",
    "UpcCode": "",
    "tax": 0.0,
    "spiceLevel": "",
    "aiselNo": "22",
    "store": "Market Basket",
    "weightType": "3 oz",
    "imageName": "No Image.jpg",
    "defaultImage": "No Image.jpg",
    "updatedTimestamp": "Jan 23, 2021 8:02:30 PM",
    "createdTimestamp": "Jan 23, 2021 8:02:30 PM",
    "isNewlyAdded": false,
    "isActive": true,
    "isDealsEnabled": false,
    "quantity": 0
  },
  {
    "id": 4154,
    "code": "Market Basket Rosemary Ham",
    "desc": "Market Basket Rosemary Ham",
    "shortDesc": "Market Basket Rosemary Ham",
    "tags": [
      "Ham"
    ],
    "categories": [
      {
        "code": "Meat & Seafood",
        "desc": "Meat & Seafood"
      }
    ],
    "subCategories": [
      {
        "code": "Meat & Seafood Counter",
        "desc": "Meat & Seafood Counter"
      }
    ],
    "brands": [
      {
        "code": "Market Basket",
        "desc": "Market Basket"
      }
    ],
    "price": {
      "basePrice": 6.09,
      "discountPrice": 6.09
    },
    "type": {
      "code": "Ham",
      "desc": "Ham"
    },
    "weight": "1 lb",
    "UpcCode": "",
    "tax": 0.0,
    "spiceLevel": "",
    "aiselNo": "22",
    "store": "Market Basket",
    "weightType": "1 lb",
    "imageName": "Market Basket.jpg",
    "defaultImage": "Market Basket.jpg",
    "updatedTimestamp": "Jan 23, 2021 8:02:30 PM",
    "createdTimestamp": "Jan 23, 2021 8:02:30 PM",
    "isNewlyAdded": false,
    "isActive": true,
    "isDealsEnabled": false,
    "quantity": 0
  },
  {
    "id": 14523,
    "code": "Bigelow Cozy Chamomile Herbal Tea",
    "desc": "Bigelow Cozy Chamomile Herbal Tea",
    "shortDesc": "Bigelow Cozy Chamomile Herbal Tea",
    "tags": [
      "Tea"
    ],
    "categories": [
      {
        "code": "Breakfast & Dairy",
        "desc": "Breakfast & Dairy"
      }
    ],
    "subCategories": [
      {
        "code": "Tea & Coffee",
        "desc": "Tea & Coffee"
      }
    ],
    "brands": [
      {
        "code": "Bigelow ",
        "desc": "Bigelow "
      }
    ],
    "price": {
      "basePrice": 3.09,
      "discountPrice": 3.09
    },
    "type": {
      "code": "Tea",
      "desc": "Tea"
    },
    "weight": "20 x 0.04 oz",
    "UpcCode": "",
    "tax": 0.0,
    "spiceLevel": "",
    "aiselNo": "8",
    "store": "Market Basket",
    "weightType": "20 x 0.04 oz",
    "imageName": "3413.jpg",
    "defaultImage": "3413.jpg",
    "updatedTimestamp": "Jan 23, 2021 8:02:30 PM",
    "createdTimestamp": "Jan 23, 2021 8:02:30 PM",
    "isNewlyAdded": false,
    "isActive": true,
    "isDealsEnabled": false,
    "quantity": 0
  },
  {
    "id": 493,
    "code": "Tide Simply + OXI Refreshing Breeze 20 Loads Laundry Detergent",
    "desc": "Tide Simply + OXI Refreshing Breeze 20 Loads Laundry Detergent",
    "shortDesc": "Tide Simply + OXI Refreshing Breeze 20 Loads Laundry Detergent",
    "tags": [
      "Laundry Detergent"
    ],
    "categories": [
      {
        "code": "Laundry & Paper Goods",
        "desc": "Laundry & Paper Goods"
      }
    ],
    "subCategories": [
      {
        "code": "Laundry",
        "desc": "Laundry"
      }
    ],
    "brands": [
      {
        "code": "Tide",
        "desc": "Tide"
      }
    ],
    "price": {
      "basePrice": 4.36,
      "discountPrice": 4.36
    },
    "type": {
      "code": "Laundry Detergent",
      "desc": "Laundry Detergent"
    },
    "weight": "31 fl oz",
    "UpcCode": "",
    "tax": 1.0,
    "spiceLevel": "",
    "aiselNo": "15",
    "store": "Market Basket",
    "weightType": "31 fl oz",
    "imageName": "No Image.jpg",
    "defaultImage": "No Image.jpg",
    "updatedTimestamp": "Jan 23, 2021 8:02:30 PM",
    "createdTimestamp": "Jan 23, 2021 8:02:30 PM",
    "isNewlyAdded": false,
    "isActive": true,
    "isDealsEnabled": false,
    "quantity": 0
  },
  {
    "id": 7840,
    "code": "Chicken of the Sea Whole Oysters",
    "desc": "Chicken of the Sea Whole Oysters",
    "shortDesc": "Chicken of the Sea Whole Oysters",
    "tags": [
      "Canned Meat & Seafood"
    ],
    "categories": [
      {
        "code": "Cooking Needs",
        "desc": "Cooking Needs"
      }
    ],
    "subCategories": [
      {
        "code": "Canned Food",
        "desc": "Canned Food"
      }
    ],
    "brands": [
      {
        "code": "Chicken of the Sea",
        "desc": "Chicken of the Sea"
      }
    ],
    "price": {
      "basePrice": 3.09,
      "discountPrice": 3.09
    },
    "type": {
      "code": "Canned Meat & Seafood",
      "desc": "Canned Meat & Seafood"
    },
    "weight": "8 oz",
    "UpcCode": "",
    "tax": 0.0,
    "spiceLevel": "",
    "aiselNo": "2",
    "store": "Market Basket",
    "weightType": "8 oz",
    "imageName": "5217.jpg",
    "defaultImage": "5217.jpg",
    "updatedTimestamp": "Jan 23, 2021 8:02:30 PM",
    "createdTimestamp": "Jan 23, 2021 8:02:30 PM",
    "isNewlyAdded": false,
    "isActive": true,
    "isDealsEnabled": false,
    "quantity": 0
  },
  {
    "id": 5842,
    "code": "Zone Perfect Nutrition Bar Chocolate Peanut Butter",
    "desc": "Zone Perfect Nutrition Bar Chocolate Peanut Butter",
    "shortDesc": "Zone Perfect Nutrition Bar Chocolate Peanut Butter",
    "tags": [
      "Protien Bars"
    ],
    "categories": [
      {
        "code": "Breakfast & Dairy",
        "desc": "Breakfast & Dairy"
      }
    ],
    "subCategories": [
      {
        "code": "Bars & Pastries",
        "desc": "Bars & Pastries"
      }
    ],
    "brands": [
      {
        "code": "Zone Perfect",
        "desc": "Zone Perfect"
      }
    ],
    "price": {
      "basePrice": 1.56,
      "discountPrice": 1.56
    },
    "type": {
      "code": "Protien Bars",
      "desc": "Protien Bars"
    },
    "weight": "1.76 oz",
    "UpcCode": "",
    "tax": 0.0,
    "spiceLevel": "",
    "aiselNo": "3",
    "store": "Market Basket",
    "weightType": "1.76 oz",
    "imageName": "1324.jpg",
    "defaultImage": "1324.jpg",
    "updatedTimestamp": "Jan 23, 2021 8:02:30 PM",
    "createdTimestamp": "Jan 23, 2021 8:02:30 PM",
    "isNewlyAdded": false,
    "isActive": true,
    "isDealsEnabled": false,
    "quantity": 0
  },
  {
    "id": 3463,
    "code": "Sour Oranges",
    "desc": "Sour Oranges",
    "shortDesc": "Sour Oranges",
    "tags": [
      "Orange"
    ],
    "categories": [
      {
        "code": "Fresh Produce",
        "desc": "Fresh Produce"
      }
    ],
    "subCategories": [
      {
        "code": "Fresh Fruits",
        "desc": "Fresh Fruits"
      }
    ],
    "brands": [
      {
        "code": "Market Basket",
        "desc": "Market Basket"
      }
    ],
    "price": {
      "basePrice": 2.74,
      "discountPrice": 2.74
    },
    "type": {
      "code": "Orange",
      "desc": "Orange"
    },
    "weight": "1 lb",
    "UpcCode": "",
    "tax": 0.0,
    "spiceLevel": "",
    "aiselNo": "20",
    "store": "Market Basket",
    "weightType": "1 lb",
    "imageName": "f46.jpg",
    "defaultImage": "f46.jpg",
    "updatedTimestamp": "Jan 23, 2021 8:02:30 PM",
    "createdTimestamp": "Jan 23, 2021 8:02:30 PM",
    "isNewlyAdded": false,
    "isActive": true,
    "isDealsEnabled": false,
    "quantity": 0
  },
  {
    "id": 14776,
    "code": "Pantene Pro-V Volume Body Boosting Mousse to Boost Fine, Flat Hair for Maximum Fullness",
    "desc": "Pantene Pro-V Volume Body Boosting Mousse to Boost Fine, Flat Hair for Maximum Fullness",
    "shortDesc": "Pantene Pro-V Volume Body Boosting Mousse to Boost Fine, Flat Hair for Maximum Fullness",
    "tags": [
      "Hair Care"
    ],
    "categories": [
      {
        "code": "Personal Care",
        "desc": "Personal Care"
      }
    ],
    "subCategories": [
      {
        "code": "Body Wash, Soap & Hair Care",
        "desc": "Body Wash, Soap & Hair Care"
      }
    ],
    "brands": [
      {
        "code": "Pantene",
        "desc": "Pantene"
      }
    ],
    "price": {
      "basePrice": 6.31,
      "discountPrice": 6.31
    },
    "type": {
      "code": "Hair Care",
      "desc": "Hair Care"
    },
    "weight": "6.6 oz",
    "UpcCode": "",
    "tax": 1.0,
    "spiceLevel": "",
    "aiselNo": "13",
    "store": "Market Basket",
    "weightType": "6.6 oz",
    "imageName": "6578.jpg",
    "defaultImage": "6578.jpg",
    "updatedTimestamp": "Jan 23, 2021 8:02:30 PM",
    "createdTimestamp": "Jan 23, 2021 8:02:30 PM",
    "isNewlyAdded": false,
    "isActive": true,
    "isDealsEnabled": false,
    "quantity": 0
  },
  {
    "id": 5950,
    "code": "Mr & Mrs T Strawberry Daiquiri-Margarita Mix",
    "desc": "Mr & Mrs T Strawberry Daiquiri-Margarita Mix",
    "shortDesc": "Mr & Mrs T Strawberry Daiquiri-Margarita Mix",
    "tags": [
      "Cocoa & Drink Mixes"
    ],
    "categories": [
      {
        "code": "Beverages & Juices",
        "desc": "Beverages & Juices"
      }
    ],
    "subCategories": [
      {
        "code": "Cocoa & Drink Mixes",
        "desc": "Cocoa & Drink Mixes"
      }
    ],
    "brands": [
      {
        "code": "Mr & Mrs T",
        "desc": "Mr & Mrs T"
      }
    ],
    "price": {
      "basePrice": 4.99,
      "discountPrice": 4.99
    },
    "type": {
      "code": "Cocoa & Drink Mixes",
      "desc": "Cocoa & Drink Mixes"
    },
    "weight": "1 L",
    "UpcCode": "",
    "tax": 0.0,
    "spiceLevel": "",
    "aiselNo": "17",
    "store": "Market Basket",
    "weightType": "1 L",
    "imageName": "No Image.jpg",
    "defaultImage": "No Image.jpg",
    "updatedTimestamp": "Jan 23, 2021 8:02:29 PM",
    "createdTimestamp": "Jan 23, 2021 8:02:29 PM",
    "isNewlyAdded": false,
    "isActive": true,
    "isDealsEnabled": false,
    "quantity": 0
  },
  {
    "id": 9911,
    "code": "Franklin Farms Original Veggie Burger",
    "desc": "Franklin Farms Original Veggie Burger",
    "shortDesc": "Franklin Farms Original Veggie Burger",
    "tags": [
      "Frozen Vegan & Vegetarian"
    ],
    "categories": [
      {
        "code": "Frozen Food",
        "desc": "Frozen Food"
      }
    ],
    "subCategories": [
      {
        "code": "Frozen Dinners & Entrees",
        "desc": "Frozen Dinners & Entrees"
      }
    ],
    "brands": [
      {
        "code": "Franklin Farms",
        "desc": "Franklin Farms"
      }
    ],
    "price": {
      "basePrice": 4.79,
      "discountPrice": 4.79
    },
    "type": {
      "code": "Frozen Vegan & Vegetarian",
      "desc": "Frozen Vegan & Vegetarian"
    },
    "weight": "4 x 10 oz",
    "UpcCode": "",
    "tax": 0.0,
    "spiceLevel": "",
    "aiselNo": "1",
    "store": "Market Basket",
    "weightType": "4 x 10 oz",
    "imageName": "16061.jpg",
    "defaultImage": "16061.jpg",
    "updatedTimestamp": "Jan 23, 2021 8:02:30 PM",
    "createdTimestamp": "Jan 23, 2021 8:02:30 PM",
    "isNewlyAdded": false,
    "isActive": true,
    "isDealsEnabled": false,
    "quantity": 0
  },
  {
    "id": 6142,
    "code": "Market Basket Diet Soda",
    "desc": "Market Basket Diet Soda",
    "shortDesc": "Market Basket Diet Soda",
    "tags": [
      "Soft Drinks"
    ],
    "categories": [
      {
        "code": "Beverages & Juices",
        "desc": "Beverages & Juices"
      }
    ],
    "subCategories": [
      {
        "code": "Soft Drinks & Seltzers",
        "desc": "Soft Drinks & Seltzers"
      }
    ],
    "brands": [
      {
        "code": "Market Basket",
        "desc": "Market Basket"
      }
    ],
    "price": {
      "basePrice": 0.63,
      "discountPrice": 0.63
    },
    "type": {
      "code": "Soft Drinks",
      "desc": "Soft Drinks"
    },
    "weight": "20 fl oz",
    "UpcCode": "",
    "tax": 0.0,
    "spiceLevel": "",
    "aiselNo": "17",
    "store": "Market Basket",
    "weightType": "20 fl oz",
    "imageName": "Market Basket.jpg",
    "defaultImage": "Market Basket.jpg",
    "updatedTimestamp": "Jan 23, 2021 8:02:30 PM",
    "createdTimestamp": "Jan 23, 2021 8:02:30 PM",
    "isNewlyAdded": false,
    "isActive": true,
    "isDealsEnabled": false,
    "quantity": 0
  },
  {
    "id": 4300,
    "code": "Market Basket USDA Choice Leg Halves",
    "desc": "Market Basket USDA Choice Leg Halves",
    "shortDesc": "Market Basket USDA Choice Leg Halves",
    "tags": [
      "Other Meat"
    ],
    "categories": [
      {
        "code": "Meat & Seafood",
        "desc": "Meat & Seafood"
      }
    ],
    "subCategories": [
      {
        "code": "Meat & Seafood Counter",
        "desc": "Meat & Seafood Counter"
      }
    ],
    "brands": [
      {
        "code": "Market Basket",
        "desc": "Market Basket"
      }
    ],
    "price": {
      "basePrice": 7.99,
      "discountPrice": 7.99
    },
    "type": {
      "code": "Other Meat",
      "desc": "Other Meat"
    },
    "weight": "Approx: 1.00 lb at $7.99/lb",
    "UpcCode": "",
    "tax": 0.0,
    "spiceLevel": "",
    "aiselNo": "22",
    "store": "Market Basket",
    "weightType": "Approx: 1.00 lb at $7.99/lb",
    "imageName": "Market Basket.jpg",
    "defaultImage": "Market Basket.jpg",
    "updatedTimestamp": "Jan 23, 2021 8:02:30 PM",
    "createdTimestamp": "Jan 23, 2021 8:02:30 PM",
    "isNewlyAdded": false,
    "isActive": true,
    "isDealsEnabled": false,
    "quantity": 0
  },
  {
    "id": 8739,
    "code": "Heluva Good! Prepared Horseradish",
    "desc": "Heluva Good! Prepared Horseradish",
    "shortDesc": "Heluva Good! Prepared Horseradish",
    "tags": [
      "Preserved Dips & Salsa"
    ],
    "categories": [
      {
        "code": "Condiments & Dressings",
        "desc": "Condiments & Dressings"
      }
    ],
    "subCategories": [
      {
        "code": "Preserved Dips & Spreads",
        "desc": "Preserved Dips & Spreads"
      }
    ],
    "brands": [
      {
        "code": "Heluva Good!",
        "desc": "Heluva Good!"
      }
    ],
    "price": {
      "basePrice": 1.59,
      "discountPrice": 1.59
    },
    "type": {
      "code": "Preserved Dips & Salsa",
      "desc": "Preserved Dips & Salsa"
    },
    "weight": "5 oz",
    "UpcCode": "",
    "tax": 0.0,
    "spiceLevel": "",
    "aiselNo": "1",
    "store": "Market Basket",
    "weightType": "5 oz",
    "imageName": "15592.jpg",
    "defaultImage": "15592.jpg",
    "updatedTimestamp": "Jan 23, 2021 8:02:30 PM",
    "createdTimestamp": "Jan 23, 2021 8:02:30 PM",
    "isNewlyAdded": false,
    "isActive": true,
    "isDealsEnabled": false,
    "quantity": 0
  },
  {
    "id": 10402,
    "code": "Goya Baby Lima Beans",
    "desc": "Goya Baby Lima Beans",
    "shortDesc": "Goya Baby Lima Beans",
    "tags": [
      "Canned Food"
    ],
    "categories": [
      {
        "code": "Cooking Needs",
        "desc": "Cooking Needs"
      }
    ],
    "subCategories": [
      {
        "code": "Canned Food",
        "desc": "Canned Food"
      }
    ],
    "brands": [
      {
        "code": "Goya",
        "desc": "Goya"
      }
    ],
    "price": {
      "basePrice": 2.09,
      "discountPrice": 2.09
    },
    "type": {
      "code": "Canned Food",
      "desc": "Canned Food"
    },
    "weight": "16 oz",
    "UpcCode": "",
    "tax": 0.0,
    "spiceLevel": "",
    "aiselNo": "7",
    "store": "Market Basket",
    "weightType": "16 oz",
    "imageName": "5822.jpg",
    "defaultImage": "5822.jpg",
    "updatedTimestamp": "Jan 23, 2021 8:02:30 PM",
    "createdTimestamp": "Jan 23, 2021 8:02:30 PM",
    "isNewlyAdded": false,
    "isActive": true,
    "isDealsEnabled": false,
    "quantity": 0
  },
  {
    "id": 4623,
    "code": "Spam 25% Less Sodium Canned Meat",
    "desc": "Spam 25% Less Sodium Canned Meat",
    "shortDesc": "Spam 25% Less Sodium Canned Meat",
    "tags": [
      "Other Meat"
    ],
    "categories": [
      {
        "code": "Meat & Seafood",
        "desc": "Meat & Seafood"
      }
    ],
    "subCategories": [
      {
        "code": "Canned Meat & Seafood",
        "desc": "Canned Meat & Seafood"
      }
    ],
    "brands": [
      {
        "code": "Spam",
        "desc": "Spam"
      }
    ],
    "price": {
      "basePrice": 3.09,
      "discountPrice": 3.09
    },
    "type": {
      "code": "Other Meat",
      "desc": "Other Meat"
    },
    "weight": "12 oz",
    "UpcCode": "",
    "tax": 0.0,
    "spiceLevel": "",
    "aiselNo": "2",
    "store": "Market Basket",
    "weightType": "12 oz",
    "imageName": "17148.jpg",
    "defaultImage": "17148.jpg",
    "updatedTimestamp": "Jan 23, 2021 8:02:30 PM",
    "createdTimestamp": "Jan 23, 2021 8:02:30 PM",
    "isNewlyAdded": false,
    "isActive": true,
    "isDealsEnabled": false,
    "quantity": 0
  },
  {
    "id": 14595,
    "code": "Salada Decaffeinated Green Tea",
    "desc": "Salada Decaffeinated Green Tea",
    "shortDesc": "Salada Decaffeinated Green Tea",
    "tags": [
      "Tea"
    ],
    "categories": [
      {
        "code": "Breakfast & Dairy",
        "desc": "Breakfast & Dairy"
      }
    ],
    "subCategories": [
      {
        "code": "Tea & Coffee",
        "desc": "Tea & Coffee"
      }
    ],
    "brands": [
      {
        "code": "Salada",
        "desc": "Salada"
      }
    ],
    "price": {
      "basePrice": 3.69,
      "discountPrice": 3.69
    },
    "type": {
      "code": "Tea",
      "desc": "Tea"
    },
    "weight": "40 count",
    "UpcCode": "",
    "tax": 0.0,
    "spiceLevel": "",
    "aiselNo": "8",
    "store": "Market Basket",
    "weightType": "40 count",
    "imageName": "16328.jpg",
    "defaultImage": "16328.jpg",
    "updatedTimestamp": "Jan 23, 2021 8:02:30 PM",
    "createdTimestamp": "Jan 23, 2021 8:02:30 PM",
    "isNewlyAdded": false,
    "isActive": true,
    "isDealsEnabled": false,
    "quantity": 0
  },
  {
    "id": 6138,
    "code": "Market Basket Club Soda",
    "desc": "Market Basket Club Soda",
    "shortDesc": "Market Basket Club Soda",
    "tags": [
      "Soft Drinks"
    ],
    "categories": [
      {
        "code": "Beverages & Juices",
        "desc": "Beverages & Juices"
      }
    ],
    "subCategories": [
      {
        "code": "Soft Drinks & Seltzers",
        "desc": "Soft Drinks & Seltzers"
      }
    ],
    "brands": [
      {
        "code": "Market Basket",
        "desc": "Market Basket"
      }
    ],
    "price": {
      "basePrice": 0.63,
      "discountPrice": 0.63
    },
    "type": {
      "code": "Soft Drinks",
      "desc": "Soft Drinks"
    },
    "weight": "20 fl oz",
    "UpcCode": "",
    "tax": 0.0,
    "spiceLevel": "",
    "aiselNo": "17",
    "store": "Market Basket",
    "weightType": "20 fl oz",
    "imageName": "Market Basket.jpg",
    "defaultImage": "Market Basket.jpg",
    "updatedTimestamp": "Jan 23, 2021 8:02:30 PM",
    "createdTimestamp": "Jan 23, 2021 8:02:30 PM",
    "isNewlyAdded": false,
    "isActive": true,
    "isDealsEnabled": false,
    "quantity": 0
  },
  {
    "id": 7396,
    "code": "Bruce's Yams Whole Sweet Potatoes In Syrup",
    "desc": "Bruce's Yams Whole Sweet Potatoes In Syrup",
    "shortDesc": "Bruce's Yams Whole Sweet Potatoes In Syrup",
    "tags": [
      "Canned & Jarred Vegetables"
    ],
    "categories": [
      {
        "code": "Cooking Needs",
        "desc": "Cooking Needs"
      }
    ],
    "subCategories": [
      {
        "code": "Canned Food",
        "desc": "Canned Food"
      }
    ],
    "brands": [
      {
        "code": "Bruce's",
        "desc": "Bruce's"
      }
    ],
    "price": {
      "basePrice": 1.89,
      "discountPrice": 1.89
    },
    "type": {
      "code": "Canned & Jarred Vegetables",
      "desc": "Canned & Jarred Vegetables"
    },
    "weight": "16 oz",
    "UpcCode": "",
    "tax": 0.0,
    "spiceLevel": "",
    "aiselNo": "9",
    "store": "Market Basket",
    "weightType": "16 oz",
    "imageName": "17108.jpg",
    "defaultImage": "17108.jpg",
    "updatedTimestamp": "Jan 23, 2021 8:02:30 PM",
    "createdTimestamp": "Jan 23, 2021 8:02:30 PM",
    "isNewlyAdded": false,
    "isActive": true,
    "isDealsEnabled": false,
    "quantity": 0
  },
  {
    "id": 4637,
    "code": "Bumble Bee Premium Chunk White Albacore in Water",
    "desc": "Bumble Bee Premium Chunk White Albacore in Water",
    "shortDesc": "Bumble Bee Premium Chunk White Albacore in Water",
    "tags": [
      "Other Seafood"
    ],
    "categories": [
      {
        "code": "Meat & Seafood",
        "desc": "Meat & Seafood"
      }
    ],
    "subCategories": [
      {
        "code": "Canned Meat & Seafood",
        "desc": "Canned Meat & Seafood"
      }
    ],
    "brands": [
      {
        "code": "Bumble Bee",
        "desc": "Bumble Bee"
      }
    ],
    "price": {
      "basePrice": 1.59,
      "discountPrice": 1.59
    },
    "type": {
      "code": "Other Seafood",
      "desc": "Other Seafood"
    },
    "weight": "5 oz",
    "UpcCode": "",
    "tax": 0.0,
    "spiceLevel": "",
    "aiselNo": "2",
    "store": "Market Basket",
    "weightType": "5 oz",
    "imageName": "5195.jpg",
    "defaultImage": "5195.jpg",
    "updatedTimestamp": "Jan 23, 2021 8:02:30 PM",
    "createdTimestamp": "Jan 23, 2021 8:02:30 PM",
    "isNewlyAdded": false,
    "isActive": true,
    "isDealsEnabled": false,
    "quantity": 0
  },
  {
    "id": 8064,
    "code": "Maruchan Instant Lunch with Shrimp Ramen Noodle Soup",
    "desc": "Maruchan Instant Lunch with Shrimp Ramen Noodle Soup",
    "shortDesc": "Maruchan Instant Lunch with Shrimp Ramen Noodle Soup",
    "tags": [
      "Soup, Broth & Bouillon"
    ],
    "categories": [
      {
        "code": "Cooking Needs",
        "desc": "Cooking Needs"
      }
    ],
    "subCategories": [
      {
        "code": "Canned Food",
        "desc": "Canned Food"
      }
    ],
    "brands": [
      {
        "code": "Maruchan",
        "desc": "Maruchan"
      }
    ],
    "price": {
      "basePrice": 0.49,
      "discountPrice": 0.49
    },
    "type": {
      "code": "Soup, Broth & Bouillon",
      "desc": "Soup, Broth & Bouillon"
    },
    "weight": "2.25 oz",
    "UpcCode": "",
    "tax": 0.0,
    "spiceLevel": "",
    "aiselNo": "2",
    "store": "Market Basket",
    "weightType": "2.25 oz",
    "imageName": "5327.jpg",
    "defaultImage": "5327.jpg",
    "updatedTimestamp": "Jan 23, 2021 8:02:30 PM",
    "createdTimestamp": "Jan 23, 2021 8:02:30 PM",
    "isNewlyAdded": false,
    "isActive": true,
    "isDealsEnabled": false,
    "quantity": 0
  },
  {
    "id": 289,
    "code": "Hefty Ez Foil 8 in. x 8 in. x 1.62 in. Cake Pans",
    "desc": "Hefty Ez Foil 8 in. x 8 in. x 1.62 in. Cake Pans",
    "shortDesc": "Hefty Ez Foil 8 in. x 8 in. x 1.62 in. Cake Pans",
    "tags": [
      "Cake Pans"
    ],
    "categories": [
      {
        "code": "Kitchen & Cleaning",
        "desc": "Kitchen & Cleaning"
      }
    ],
    "subCategories": [
      {
        "code": "Food Storage & Kitchen Supplies",
        "desc": "Food Storage & Kitchen Supplies"
      }
    ],
    "brands": [
      {
        "code": "Hefty",
        "desc": "Hefty"
      }
    ],
    "price": {
      "basePrice": 2.49,
      "discountPrice": 2.49
    },
    "type": {
      "code": "Cake Pans",
      "desc": "Cake Pans"
    },
    "weight": "3 count",
    "UpcCode": "",
    "tax": 1.0,
    "spiceLevel": "",
    "aiselNo": "12",
    "store": "Market Basket",
    "weightType": "3 count",
    "imageName": "4462.jpg",
    "defaultImage": "4462.jpg",
    "updatedTimestamp": "Jan 23, 2021 8:02:30 PM",
    "createdTimestamp": "Jan 23, 2021 8:02:30 PM",
    "isNewlyAdded": false,
    "isActive": true,
    "isDealsEnabled": false,
    "quantity": 0
  },
  {
    "id": 14410,
    "code": "Market Basket French Vanilla Whole Bean Coffee",
    "desc": "Market Basket French Vanilla Whole Bean Coffee",
    "shortDesc": "Market Basket French Vanilla Whole Bean Coffee",
    "tags": [
      "Coffee"
    ],
    "categories": [
      {
        "code": "Breakfast & Dairy",
        "desc": "Breakfast & Dairy"
      }
    ],
    "subCategories": [
      {
        "code": "Tea & Coffee",
        "desc": "Tea & Coffee"
      }
    ],
    "brands": [
      {
        "code": "Market Basket",
        "desc": "Market Basket"
      }
    ],
    "price": {
      "basePrice": 7.39,
      "discountPrice": 7.39
    },
    "type": {
      "code": "Coffee",
      "desc": "Coffee"
    },
    "weight": "22 oz",
    "UpcCode": "",
    "tax": 0.0,
    "spiceLevel": "",
    "aiselNo": "8",
    "store": "Market Basket",
    "weightType": "22 oz",
    "imageName": "Market Basket.jpg",
    "defaultImage": "Market Basket.jpg",
    "updatedTimestamp": "Jan 23, 2021 8:02:30 PM",
    "createdTimestamp": "Jan 23, 2021 8:02:30 PM",
    "isNewlyAdded": false,
    "isActive": true,
    "isDealsEnabled": false,
    "quantity": 0
  },
  {
    "id": 4354,
    "code": "Market Basket Sole Fillets",
    "desc": "Market Basket Sole Fillets",
    "shortDesc": "Market Basket Sole Fillets",
    "tags": [
      "Sole"
    ],
    "categories": [
      {
        "code": "Meat & Seafood",
        "desc": "Meat & Seafood"
      }
    ],
    "subCategories": [
      {
        "code": "Meat & Seafood Counter",
        "desc": "Meat & Seafood Counter"
      }
    ],
    "brands": [
      {
        "code": "Market Basket",
        "desc": "Market Basket"
      }
    ],
    "price": {
      "basePrice": 13.69,
      "discountPrice": 13.69
    },
    "type": {
      "code": "Sole",
      "desc": "Sole"
    },
    "weight": "Approx: 1.02 lb at $13.4/lb",
    "UpcCode": "",
    "tax": 0.0,
    "spiceLevel": "",
    "aiselNo": "22",
    "store": "Market Basket",
    "weightType": "Approx: 1.02 lb at $13.4/lb",
    "imageName": "Market Basket.jpg",
    "defaultImage": "Market Basket.jpg",
    "updatedTimestamp": "Jan 23, 2021 8:02:30 PM",
    "createdTimestamp": "Jan 23, 2021 8:02:30 PM",
    "isNewlyAdded": false,
    "isActive": true,
    "isDealsEnabled": false,
    "quantity": 0
  },
  {
    "id": 14416,
    "code": "Maxwell House Decaf Original Roast Ground Coffee",
    "desc": "Maxwell House Decaf Original Roast Ground Coffee",
    "shortDesc": "Maxwell House Decaf Original Roast Ground Coffee",
    "tags": [
      "Coffee"
    ],
    "categories": [
      {
        "code": "Breakfast & Dairy",
        "desc": "Breakfast & Dairy"
      }
    ],
    "subCategories": [
      {
        "code": "Tea & Coffee",
        "desc": "Tea & Coffee"
      }
    ],
    "brands": [
      {
        "code": "Maxwell House",
        "desc": "Maxwell House"
      }
    ],
    "price": {
      "basePrice": 3.69,
      "discountPrice": 3.69
    },
    "type": {
      "code": "Coffee",
      "desc": "Coffee"
    },
    "weight": "11 oz",
    "UpcCode": "",
    "tax": 0.0,
    "spiceLevel": "",
    "aiselNo": "8",
    "store": "Market Basket",
    "weightType": "11 oz",
    "imageName": "3389.jpg",
    "defaultImage": "3389.jpg",
    "updatedTimestamp": "Jan 23, 2021 8:02:30 PM",
    "createdTimestamp": "Jan 23, 2021 8:02:30 PM",
    "isNewlyAdded": false,
    "isActive": true,
    "isDealsEnabled": false,
    "quantity": 0
  },
  {
    "id": 5922,
    "code": "Forto Coffee Shot Organic Chocolate Latte",
    "desc": "Forto Coffee Shot Organic Chocolate Latte",
    "shortDesc": "Forto Coffee Shot Organic Chocolate Latte",
    "tags": [
      "Single To-Go Coffee"
    ],
    "categories": [
      {
        "code": "Beverages & Juices",
        "desc": "Beverages & Juices"
      }
    ],
    "subCategories": [
      {
        "code": "Tea, Coffee, Milk & Coconut Water",
        "desc": "Tea, Coffee, Milk & Coconut Water"
      }
    ],
    "brands": [
      {
        "code": "Forto",
        "desc": "Forto"
      }
    ],
    "price": {
      "basePrice": 1.88,
      "discountPrice": 1.88
    },
    "type": {
      "code": "Single To-Go Coffee",
      "desc": "Single To-Go Coffee"
    },
    "weight": "2 fl oz",
    "UpcCode": "",
    "tax": 0.0,
    "spiceLevel": "",
    "aiselNo": "17",
    "store": "Market Basket",
    "weightType": "2 fl oz",
    "imageName": "No Image.jpg",
    "defaultImage": "No Image.jpg",
    "updatedTimestamp": "Jan 23, 2021 8:02:30 PM",
    "createdTimestamp": "Jan 23, 2021 8:02:30 PM",
    "isNewlyAdded": false,
    "isActive": true,
    "isDealsEnabled": false,
    "quantity": 0
  },
  {
    "id": 15132,
    "code": "Jergens Extra Moisturizing Cherry-Almond Hand Wash",
    "desc": "Jergens Extra Moisturizing Cherry-Almond Hand Wash",
    "shortDesc": "Jergens Extra Moisturizing Cherry-Almond Hand Wash",
    "tags": [
      "Hand Wash"
    ],
    "categories": [
      {
        "code": "Personal Care",
        "desc": "Personal Care"
      }
    ],
    "subCategories": [
      {
        "code": "Personal Needs",
        "desc": "Personal Needs"
      }
    ],
    "brands": [
      {
        "code": "Jergens",
        "desc": "Jergens"
      }
    ],
    "price": {
      "basePrice": 1.71,
      "discountPrice": 1.71
    },
    "type": {
      "code": "Hand Wash",
      "desc": "Hand Wash"
    },
    "weight": "7.5 fl oz",
    "UpcCode": "",
    "tax": 1.0,
    "spiceLevel": "",
    "aiselNo": "13",
    "store": "Market Basket",
    "weightType": "7.5 fl oz",
    "imageName": "17714.jpg",
    "defaultImage": "17714.jpg",
    "updatedTimestamp": "Jan 23, 2021 8:02:30 PM",
    "createdTimestamp": "Jan 23, 2021 8:02:30 PM",
    "isNewlyAdded": false,
    "isActive": true,
    "isDealsEnabled": false,
    "quantity": 0
  },
  {
    "id": 3767,
    "code": "Infinite Herbs Tarragon",
    "desc": "Infinite Herbs Tarragon",
    "shortDesc": "Infinite Herbs Tarragon",
    "tags": [
      "Tarragon"
    ],
    "categories": [
      {
        "code": "Fresh Produce",
        "desc": "Fresh Produce"
      }
    ],
    "subCategories": [
      {
        "code": "Fresh Herbs",
        "desc": "Fresh Herbs"
      }
    ],
    "brands": [
      {
        "code": "Infinite Herbs",
        "desc": "Infinite Herbs"
      }
    ],
    "price": {
      "basePrice": 2.86,
      "discountPrice": 2.86
    },
    "type": {
      "code": "Tarragon",
      "desc": "Tarragon"
    },
    "weight": "1 oz",
    "UpcCode": "",
    "tax": 0.0,
    "spiceLevel": "",
    "aiselNo": "20",
    "store": "Market Basket",
    "weightType": "1 oz",
    "imageName": "89.jpg",
    "defaultImage": "89.jpg",
    "updatedTimestamp": "Jan 23, 2021 8:02:30 PM",
    "createdTimestamp": "Jan 23, 2021 8:02:30 PM",
    "isNewlyAdded": false,
    "isActive": true,
    "isDealsEnabled": false,
    "quantity": 0
  },
  {
    "id": 7279,
    "code": "McCormick GourmetÃ¢âÂ¢ All Natural Ground Savory",
    "desc": "McCormick GourmetÃ¢âÂ¢ All Natural Ground Savory",
    "shortDesc": "McCormick GourmetÃ¢âÂ¢ All Natural Ground Savory",
    "tags": [
      "Spices & Seasonings"
    ],
    "categories": [
      {
        "code": "Cooking Needs",
        "desc": "Cooking Needs"
      }
    ],
    "subCategories": [
      {
        "code": "Spices & Seasonings",
        "desc": "Spices & Seasonings"
      }
    ],
    "brands": [
      {
        "code": "McCormick",
        "desc": "McCormick"
      }
    ],
    "price": {
      "basePrice": 4.89,
      "discountPrice": 4.89
    },
    "type": {
      "code": "Spices & Seasonings",
      "desc": "Spices & Seasonings"
    },
    "weight": "3 x 1.37 oz",
    "UpcCode": "",
    "tax": 0.0,
    "spiceLevel": "",
    "aiselNo": "9",
    "store": "Market Basket",
    "weightType": "3 x 1.37 oz",
    "imageName": "2203.jpg",
    "defaultImage": "2203.jpg",
    "updatedTimestamp": "Jan 23, 2021 8:02:30 PM",
    "createdTimestamp": "Jan 23, 2021 8:02:30 PM",
    "isNewlyAdded": false,
    "isActive": true,
    "isDealsEnabled": false,
    "quantity": 0
  },
  {
    "id": 4058,
    "code": "Beef Boneless Eye Round Roast",
    "desc": "Beef Boneless Eye Round Roast",
    "shortDesc": "Beef Boneless Eye Round Roast",
    "tags": [
      "Beef"
    ],
    "categories": [
      {
        "code": "Meat & Seafood",
        "desc": "Meat & Seafood"
      }
    ],
    "subCategories": [
      {
        "code": "Meat & Seafood Counter",
        "desc": "Meat & Seafood Counter"
      }
    ],
    "brands": [
      {
        "code": "Market Basket",
        "desc": "Market Basket"
      }
    ],
    "price": {
      "basePrice": 15.58,
      "discountPrice": 15.58
    },
    "type": {
      "code": "Beef",
      "desc": "Beef"
    },
    "weight": "Approx: 2.69 lb at $5.79/lb",
    "UpcCode": "",
    "tax": 0.0,
    "spiceLevel": "",
    "aiselNo": "22",
    "store": "Market Basket",
    "weightType": "Approx: 2.69 lb at $5.79/lb",
    "imageName": "Market Basket.jpg",
    "defaultImage": "Market Basket.jpg",
    "updatedTimestamp": "Jan 23, 2021 8:02:30 PM",
    "createdTimestamp": "Jan 23, 2021 8:02:30 PM",
    "isNewlyAdded": false,
    "isActive": true,
    "isDealsEnabled": false,
    "quantity": 0
  },
  {
    "id": 6541,
    "code": "Market Basket Mediterranean Pitted Apricots",
    "desc": "Market Basket Mediterranean Pitted Apricots",
    "shortDesc": "Market Basket Mediterranean Pitted Apricots",
    "tags": [
      "Nuts, Seeds & Dried Fruit"
    ],
    "categories": [
      {
        "code": "Chips, Cookies & Snacks",
        "desc": "Chips, Cookies & Snacks"
      }
    ],
    "subCategories": [
      {
        "code": "Nuts, Seeds & Dried Fruit",
        "desc": "Nuts, Seeds & Dried Fruit"
      }
    ],
    "brands": [
      {
        "code": "Market Basket",
        "desc": "Market Basket"
      }
    ],
    "price": {
      "basePrice": 3.74,
      "discountPrice": 3.74
    },
    "type": {
      "code": "Nuts, Seeds & Dried Fruit",
      "desc": "Nuts, Seeds & Dried Fruit"
    },
    "weight": "6 oz",
    "UpcCode": "",
    "tax": 0.0,
    "spiceLevel": "",
    "aiselNo": "6",
    "store": "Market Basket",
    "weightType": "6 oz",
    "imageName": "Market Basket.jpg",
    "defaultImage": "Market Basket.jpg",
    "updatedTimestamp": "Jan 23, 2021 8:02:30 PM",
    "createdTimestamp": "Jan 23, 2021 8:02:30 PM",
    "isNewlyAdded": false,
    "isActive": true,
    "isDealsEnabled": false,
    "quantity": 0
  },
  {
    "id": 247,
    "code": "Palmolive Ultra Soft Touch with Vitamin E Concentrated Dish Liquid",
    "desc": "Palmolive Ultra Soft Touch with Vitamin E Concentrated Dish Liquid",
    "shortDesc": "Palmolive Ultra Soft Touch with Vitamin E Concentrated Dish Liquid",
    "tags": [
      "Dish Liquid"
    ],
    "categories": [
      {
        "code": "Kitchen & Cleaning",
        "desc": "Kitchen & Cleaning"
      }
    ],
    "subCategories": [
      {
        "code": "Dish Detergents",
        "desc": "Dish Detergents"
      }
    ],
    "brands": [
      {
        "code": "Palmolive",
        "desc": "Palmolive"
      }
    ],
    "price": {
      "basePrice": 3.69,
      "discountPrice": 3.69
    },
    "type": {
      "code": "Dish Liquid",
      "desc": "Dish Liquid"
    },
    "weight": "25 fl oz",
    "UpcCode": "",
    "tax": 1.0,
    "spiceLevel": "",
    "aiselNo": "15",
    "store": "Market Basket",
    "weightType": "25 fl oz",
    "imageName": "4355.jpg",
    "defaultImage": "4355.jpg",
    "updatedTimestamp": "Jan 23, 2021 8:02:30 PM",
    "createdTimestamp": "Jan 23, 2021 8:02:30 PM",
    "isNewlyAdded": false,
    "isActive": true,
    "isDealsEnabled": false,
    "quantity": 0
  },
  {
    "id": 15164,
    "code": "Colgate Maximum Strength Sensitive Enamel Protect Toothpaste",
    "desc": "Colgate Maximum Strength Sensitive Enamel Protect Toothpaste",
    "shortDesc": "Colgate Maximum Strength Sensitive Enamel Protect Toothpaste",
    "tags": [
      "Oral Hygiene"
    ],
    "categories": [
      {
        "code": "Personal Care",
        "desc": "Personal Care"
      }
    ],
    "subCategories": [
      {
        "code": "Personal Needs",
        "desc": "Personal Needs"
      }
    ],
    "brands": [
      {
        "code": "Colgate",
        "desc": "Colgate"
      }
    ],
    "price": {
      "basePrice": 5.62,
      "discountPrice": 5.62
    },
    "type": {
      "code": "Oral Hygiene",
      "desc": "Oral Hygiene"
    },
    "weight": "6 oz",
    "UpcCode": "",
    "tax": 1.0,
    "spiceLevel": "",
    "aiselNo": "13",
    "store": "Market Basket",
    "weightType": "6 oz",
    "imageName": "6400.jpg",
    "defaultImage": "6400.jpg",
    "updatedTimestamp": "Jan 23, 2021 8:02:30 PM",
    "createdTimestamp": "Jan 23, 2021 8:02:30 PM",
    "isNewlyAdded": false,
    "isActive": true,
    "isDealsEnabled": false,
    "quantity": 0
  },
  {
    "id": 325,
    "code": "Market Basket Food Storage Twist Tie Bags",
    "desc": "Market Basket Food Storage Twist Tie Bags",
    "shortDesc": "Market Basket Food Storage Twist Tie Bags",
    "tags": [
      "Storage Bags"
    ],
    "categories": [
      {
        "code": "Kitchen & Cleaning",
        "desc": "Kitchen & Cleaning"
      }
    ],
    "subCategories": [
      {
        "code": "Food Storage & Kitchen Supplies",
        "desc": "Food Storage & Kitchen Supplies"
      }
    ],
    "brands": [
      {
        "code": "Market Basket",
        "desc": "Market Basket"
      }
    ],
    "price": {
      "basePrice": 2.19,
      "discountPrice": 2.19
    },
    "type": {
      "code": "Storage Bags",
      "desc": "Storage Bags"
    },
    "weight": "75 count",
    "UpcCode": "",
    "tax": 1.0,
    "spiceLevel": "",
    "aiselNo": "12",
    "store": "Market Basket",
    "weightType": "75 count",
    "imageName": "Market Basket.jpg",
    "defaultImage": "Market Basket.jpg",
    "updatedTimestamp": "Jan 23, 2021 8:02:30 PM",
    "createdTimestamp": "Jan 23, 2021 8:02:30 PM",
    "isNewlyAdded": false,
    "isActive": true,
    "isDealsEnabled": false,
    "quantity": 0
  },
  {
    "id": 6004,
    "code": "Monster Ultra Energy Drinks",
    "desc": "Monster Ultra Energy Drinks",
    "shortDesc": "Monster Ultra Energy Drinks",
    "tags": [
      "Energy & Sports Drinks"
    ],
    "categories": [
      {
        "code": "Beverages & Juices",
        "desc": "Beverages & Juices"
      }
    ],
    "subCategories": [
      {
        "code": "Energy & Sports Drinks",
        "desc": "Energy & Sports Drinks"
      }
    ],
    "brands": [
      {
        "code": "Monster",
        "desc": "Monster"
      }
    ],
    "price": {
      "basePrice": 2.49,
      "discountPrice": 2.49
    },
    "type": {
      "code": "Energy & Sports Drinks",
      "desc": "Energy & Sports Drinks"
    },
    "weight": "16 fl oz",
    "UpcCode": "",
    "tax": 0.0,
    "spiceLevel": "",
    "aiselNo": "17",
    "store": "Market Basket",
    "weightType": "16 fl oz",
    "imageName": "3781.jpg",
    "defaultImage": "3781.jpg",
    "updatedTimestamp": "Jan 23, 2021 8:02:29 PM",
    "createdTimestamp": "Jan 23, 2021 8:02:29 PM",
    "isNewlyAdded": false,
    "isActive": true,
    "isDealsEnabled": false,
    "quantity": 0
  },
  {
    "id": 6629,
    "code": "Newmen's Own PINK Virgin Lemonade Beverage",
    "desc": "Newmen's Own PINK Virgin Lemonade Beverage",
    "shortDesc": "Newmen's Own PINK Virgin Lemonade Beverage",
    "tags": [
      "Refrigerated Drinks"
    ],
    "categories": [
      {
        "code": "Beverages & Juices",
        "desc": "Beverages & Juices"
      }
    ],
    "subCategories": [
      {
        "code": "Juices & Refrigerated Drinks",
        "desc": "Juices & Refrigerated Drinks"
      }
    ],
    "brands": [
      {
        "code": "Newman's Own",
        "desc": "Newman's Own"
      }
    ],
    "price": {
      "basePrice": 2.86,
      "discountPrice": 2.86
    },
    "type": {
      "code": "Refrigerated Drinks",
      "desc": "Refrigerated Drinks"
    },
    "weight": "59 fl oz",
    "UpcCode": "",
    "tax": 0.0,
    "spiceLevel": "",
    "aiselNo": "1",
    "store": "Market Basket",
    "weightType": "59 fl oz",
    "imageName": "X640.jpg",
    "defaultImage": "X640.jpg",
    "updatedTimestamp": "Jan 23, 2021 8:02:29 PM",
    "createdTimestamp": "Jan 23, 2021 8:02:29 PM",
    "isNewlyAdded": false,
    "isActive": true,
    "isDealsEnabled": false,
    "quantity": 0
  },
  {
    "id": 9781,
    "code": "Birds Eye Steamfresh Singles Super Sweet Corn",
    "desc": "Birds Eye Steamfresh Singles Super Sweet Corn",
    "shortDesc": "Birds Eye Steamfresh Singles Super Sweet Corn",
    "tags": [
      "Frozen Produce"
    ],
    "categories": [
      {
        "code": "Frozen Food",
        "desc": "Frozen Food"
      }
    ],
    "subCategories": [
      {
        "code": "Frozen Produce",
        "desc": "Frozen Produce"
      }
    ],
    "brands": [
      {
        "code": "Birds Eye",
        "desc": "Birds Eye"
      }
    ],
    "price": {
      "basePrice": 2.99,
      "discountPrice": 2.99
    },
    "type": {
      "code": "Frozen Produce",
      "desc": "Frozen Produce"
    },
    "weight": "3.25 oz",
    "UpcCode": "",
    "tax": 0.0,
    "spiceLevel": "",
    "aiselNo": "19",
    "store": "Market Basket",
    "weightType": "3.25 oz",
    "imageName": "2436.jpg",
    "defaultImage": "2436.jpg",
    "updatedTimestamp": "Jan 23, 2021 8:02:30 PM",
    "createdTimestamp": "Jan 23, 2021 8:02:30 PM",
    "isNewlyAdded": false,
    "isActive": true,
    "isDealsEnabled": false,
    "quantity": 0
  },
  {
    "id": 15153,
    "code": "Arm & Hammer Kid's Spinbrush Marvel Spiderman Homecoming",
    "desc": "Arm & Hammer Kid's Spinbrush Marvel Spiderman Homecoming",
    "shortDesc": "Arm & Hammer Kid's Spinbrush Marvel Spiderman Homecoming",
    "tags": [
      "Oral Hygiene"
    ],
    "categories": [
      {
        "code": "Personal Care",
        "desc": "Personal Care"
      }
    ],
    "subCategories": [
      {
        "code": "Personal Needs",
        "desc": "Personal Needs"
      }
    ],
    "brands": [
      {
        "code": "Arm & Hammer",
        "desc": "Arm & Hammer"
      }
    ],
    "price": {
      "basePrice": 9.19,
      "discountPrice": 9.19
    },
    "type": {
      "code": "Oral Hygiene",
      "desc": "Oral Hygiene"
    },
    "weight": "1 count",
    "UpcCode": "",
    "tax": 1.0,
    "spiceLevel": "",
    "aiselNo": "13",
    "store": "Market Basket",
    "weightType": "1 count",
    "imageName": "6434.jpg",
    "defaultImage": "6434.jpg",
    "updatedTimestamp": "Jan 23, 2021 8:02:30 PM",
    "createdTimestamp": "Jan 23, 2021 8:02:30 PM",
    "isNewlyAdded": false,
    "isActive": true,
    "isDealsEnabled": false,
    "quantity": 0
  },
  {
    "id": 522,
    "code": "Arm & Hammer Clean& Simple Laundry Detergent Crisp Clean",
    "desc": "Arm & Hammer Clean& Simple Laundry Detergent Crisp Clean",
    "shortDesc": "Arm & Hammer Clean& Simple Laundry Detergent Crisp Clean",
    "tags": [
      "Laundry Detergent"
    ],
    "categories": [
      {
        "code": "Laundry & Paper Goods",
        "desc": "Laundry & Paper Goods"
      }
    ],
    "subCategories": [
      {
        "code": "Laundry",
        "desc": "Laundry"
      }
    ],
    "brands": [
      {
        "code": "Arm & Hammer",
        "desc": "Arm & Hammer"
      }
    ],
    "price": {
      "basePrice": 4.99,
      "discountPrice": 4.99
    },
    "type": {
      "code": "Laundry Detergent",
      "desc": "Laundry Detergent"
    },
    "weight": "43.75 fl oz",
    "UpcCode": "",
    "tax": 1.0,
    "spiceLevel": "",
    "aiselNo": "15",
    "store": "Market Basket",
    "weightType": "43.75 fl oz",
    "imageName": "No Image.jpg",
    "defaultImage": "No Image.jpg",
    "updatedTimestamp": "Jan 23, 2021 8:02:30 PM",
    "createdTimestamp": "Jan 23, 2021 8:02:30 PM",
    "isNewlyAdded": false,
    "isActive": true,
    "isDealsEnabled": false,
    "quantity": 0
  },
  {
    "id": 14964,
    "code": "Market Basket Flexible Fabric 2\"x 4\" Bandages",
    "desc": "Market Basket Flexible Fabric 2\"x 4\" Bandages",
    "shortDesc": "Market Basket Flexible Fabric 2\"x 4\" Bandages",
    "tags": [
      "First Aid"
    ],
    "categories": [
      {
        "code": "Personal Care",
        "desc": "Personal Care"
      }
    ],
    "subCategories": [
      {
        "code": "First Aid & Healthcare",
        "desc": "First Aid & Healthcare"
      }
    ],
    "brands": [
      {
        "code": "Market Basket",
        "desc": "Market Basket"
      }
    ],
    "price": {
      "basePrice": 1.94,
      "discountPrice": 1.94
    },
    "type": {
      "code": "First Aid",
      "desc": "First Aid"
    },
    "weight": "10 count",
    "UpcCode": "",
    "tax": 1.0,
    "spiceLevel": "",
    "aiselNo": "13",
    "store": "Market Basket",
    "weightType": "10 count",
    "imageName": "Market Basket.jpg",
    "defaultImage": "Market Basket.jpg",
    "updatedTimestamp": "Jan 23, 2021 8:02:30 PM",
    "createdTimestamp": "Jan 23, 2021 8:02:30 PM",
    "isNewlyAdded": false,
    "isActive": true,
    "isDealsEnabled": false,
    "quantity": 0
  },
  {
    "id": 12829,
    "code": "Market Basket Coffee Cake Muffin",
    "desc": "Market Basket Coffee Cake Muffin",
    "shortDesc": "Market Basket Coffee Cake Muffin",
    "tags": [
      "Muffin"
    ],
    "categories": [
      {
        "code": "Breakfast & Dairy",
        "desc": "Breakfast & Dairy"
      }
    ],
    "subCategories": [
      {
        "code": "Breads & Rolls",
        "desc": "Breads & Rolls"
      }
    ],
    "brands": [
      {
        "code": "Market Basket",
        "desc": "Market Basket"
      }
    ],
    "price": {
      "basePrice": 3.49,
      "discountPrice": 3.49
    },
    "type": {
      "code": "Muffin",
      "desc": "Muffin"
    },
    "weight": "20 oz",
    "UpcCode": "",
    "tax": 0.0,
    "spiceLevel": "",
    "aiselNo": "0",
    "store": "Market Basket",
    "weightType": "20 oz",
    "imageName": "Market Basket.jpg",
    "defaultImage": "Market Basket.jpg",
    "updatedTimestamp": "Jan 23, 2021 8:02:30 PM",
    "createdTimestamp": "Jan 23, 2021 8:02:30 PM",
    "isNewlyAdded": false,
    "isActive": true,
    "isDealsEnabled": false,
    "quantity": 0
  },
  {
    "id": 14950,
    "code": "Ace Bandage, Elastic, with Clips, 3 Inch",
    "desc": "Ace Bandage, Elastic, with Clips, 3 Inch",
    "shortDesc": "Ace Bandage, Elastic, with Clips, 3 Inch",
    "tags": [
      "First Aid"
    ],
    "categories": [
      {
        "code": "Personal Care",
        "desc": "Personal Care"
      }
    ],
    "subCategories": [
      {
        "code": "First Aid & Healthcare",
        "desc": "First Aid & Healthcare"
      }
    ],
    "brands": [
      {
        "code": "Ace",
        "desc": "Ace"
      }
    ],
    "price": {
      "basePrice": 5.62,
      "discountPrice": 5.62
    },
    "type": {
      "code": "First Aid",
      "desc": "First Aid"
    },
    "weight": "1 count",
    "UpcCode": "",
    "tax": 1.0,
    "spiceLevel": "",
    "aiselNo": "13",
    "store": "Market Basket",
    "weightType": "1 count",
    "imageName": "6539.jpg",
    "defaultImage": "6539.jpg",
    "updatedTimestamp": "Jan 23, 2021 8:02:30 PM",
    "createdTimestamp": "Jan 23, 2021 8:02:30 PM",
    "isNewlyAdded": false,
    "isActive": true,
    "isDealsEnabled": false,
    "quantity": 0
  },
  {
    "id": 8363,
    "code": "Goya Honey",
    "desc": "Goya Honey",
    "shortDesc": "Goya Honey",
    "tags": [
      "Honey"
    ],
    "categories": [
      {
        "code": "Condiments & Dressings",
        "desc": "Condiments & Dressings"
      }
    ],
    "subCategories": [
      {
        "code": "Honey, Syrup & Nectars",
        "desc": "Honey, Syrup & Nectars"
      }
    ],
    "brands": [
      {
        "code": "Goya",
        "desc": "Goya"
      }
    ],
    "price": {
      "basePrice": 7.99,
      "discountPrice": 7.99
    },
    "type": {
      "code": "Honey",
      "desc": "Honey"
    },
    "weight": "16 oz",
    "UpcCode": "",
    "tax": 0.0,
    "spiceLevel": "",
    "aiselNo": "7",
    "store": "Market Basket",
    "weightType": "16 oz",
    "imageName": "1608.jpg",
    "defaultImage": "1608.jpg",
    "updatedTimestamp": "Jan 23, 2021 8:02:30 PM",
    "createdTimestamp": "Jan 23, 2021 8:02:30 PM",
    "isNewlyAdded": false,
    "isActive": true,
    "isDealsEnabled": false,
    "quantity": 0
  },
  {
    "id": 8571,
    "code": "Pure Wesson Vegetable Oil",
    "desc": "Pure Wesson Vegetable Oil",
    "shortDesc": "Pure Wesson Vegetable Oil",
    "tags": [
      "Oils & Vinegars"
    ],
    "categories": [
      {
        "code": "Cooking Needs",
        "desc": "Cooking Needs"
      }
    ],
    "subCategories": [
      {
        "code": "Oils & Vinegars",
        "desc": "Oils & Vinegars"
      }
    ],
    "brands": [
      {
        "code": "Pure Wesson",
        "desc": "Pure Wesson"
      }
    ],
    "price": {
      "basePrice": 10.99,
      "discountPrice": 10.99
    },
    "type": {
      "code": "Oils & Vinegars",
      "desc": "Oils & Vinegars"
    },
    "weight": "128 fl oz",
    "UpcCode": "",
    "tax": 0.0,
    "spiceLevel": "",
    "aiselNo": "2",
    "store": "Market Basket",
    "weightType": "128 fl oz",
    "imageName": "1823.jpg",
    "defaultImage": "1823.jpg",
    "updatedTimestamp": "Jan 23, 2021 8:02:30 PM",
    "createdTimestamp": "Jan 23, 2021 8:02:30 PM",
    "isNewlyAdded": false,
    "isActive": true,
    "isDealsEnabled": false,
    "quantity": 0
  },
  {
    "id": 242,
    "code": "Palmolive Antibacterial Dish Liquid",
    "desc": "Palmolive Antibacterial Dish Liquid",
    "shortDesc": "Palmolive Antibacterial Dish Liquid",
    "tags": [
      "Dish Liquid"
    ],
    "categories": [
      {
        "code": "Kitchen & Cleaning",
        "desc": "Kitchen & Cleaning"
      }
    ],
    "subCategories": [
      {
        "code": "Dish Detergents",
        "desc": "Dish Detergents"
      }
    ],
    "brands": [
      {
        "code": "Palmolive",
        "desc": "Palmolive"
      }
    ],
    "price": {
      "basePrice": 2.69,
      "discountPrice": 2.69
    },
    "type": {
      "code": "Dish Liquid",
      "desc": "Dish Liquid"
    },
    "weight": "20 fl oz",
    "UpcCode": "",
    "tax": 1.0,
    "spiceLevel": "",
    "aiselNo": "15",
    "store": "Market Basket",
    "weightType": "20 fl oz",
    "imageName": "4357.jpg",
    "defaultImage": "4357.jpg",
    "updatedTimestamp": "Jan 23, 2021 8:02:30 PM",
    "createdTimestamp": "Jan 23, 2021 8:02:30 PM",
    "isNewlyAdded": false,
    "isActive": true,
    "isDealsEnabled": false,
    "quantity": 0
  },
  {
    "id": 9141,
    "code": "Market Basket 16 20 Per Pound Shell On Extra Jumbo Shrimp",
    "desc": "Market Basket 16 20 Per Pound Shell On Extra Jumbo Shrimp",
    "shortDesc": "Market Basket 16 20 Per Pound Shell On Extra Jumbo Shrimp",
    "tags": [
      "Frozen Appetizers & Sides"
    ],
    "categories": [
      {
        "code": "Frozen Food",
        "desc": "Frozen Food"
      }
    ],
    "subCategories": [
      {
        "code": "Frozen Dinners & Entrees",
        "desc": "Frozen Dinners & Entrees"
      }
    ],
    "brands": [
      {
        "code": "Market Basket",
        "desc": "Market Basket"
      }
    ],
    "price": {
      "basePrice": 12.19,
      "discountPrice": 12.19
    },
    "type": {
      "code": "Frozen Appetizers & Sides",
      "desc": "Frozen Appetizers & Sides"
    },
    "weight": "16 oz",
    "UpcCode": "",
    "tax": 0.0,
    "spiceLevel": "",
    "aiselNo": "18",
    "store": "Market Basket",
    "weightType": "16 oz",
    "imageName": "Market Basket.jpg",
    "defaultImage": "Market Basket.jpg",
    "updatedTimestamp": "Jan 23, 2021 8:02:30 PM",
    "createdTimestamp": "Jan 23, 2021 8:02:30 PM",
    "isNewlyAdded": false,
    "isActive": true,
    "isDealsEnabled": false,
    "quantity": 0
  },
  {
    "id": 14469,
    "code": "Peet's Coffee Sumatra Dark Roast",
    "desc": "Peet's Coffee Sumatra Dark Roast",
    "shortDesc": "Peet's Coffee Sumatra Dark Roast",
    "tags": [
      "Coffee"
    ],
    "categories": [
      {
        "code": "Breakfast & Dairy",
        "desc": "Breakfast & Dairy"
      }
    ],
    "subCategories": [
      {
        "code": "Tea & Coffee",
        "desc": "Tea & Coffee"
      }
    ],
    "brands": [
      {
        "code": "Peet's Coffee",
        "desc": "Peet's Coffee"
      }
    ],
    "price": {
      "basePrice": 10.99,
      "discountPrice": 10.99
    },
    "type": {
      "code": "Coffee",
      "desc": "Coffee"
    },
    "weight": "12 oz",
    "UpcCode": "",
    "tax": 0.0,
    "spiceLevel": "",
    "aiselNo": "8",
    "store": "Market Basket",
    "weightType": "12 oz",
    "imageName": "3333.jpg",
    "defaultImage": "3333.jpg",
    "updatedTimestamp": "Jan 23, 2021 8:02:30 PM",
    "createdTimestamp": "Jan 23, 2021 8:02:30 PM",
    "isNewlyAdded": false,
    "isActive": true,
    "isDealsEnabled": false,
    "quantity": 0
  },
  {
    "id": 14437,
    "code": "Nescafe Taster's Choice House Blend Medium Light Roast Instant Coffee",
    "desc": "Nescafe Taster's Choice House Blend Medium Light Roast Instant Coffee",
    "shortDesc": "Nescafe Taster's Choice House Blend Medium Light Roast Instant Coffee",
    "tags": [
      "Coffee"
    ],
    "categories": [
      {
        "code": "Breakfast & Dairy",
        "desc": "Breakfast & Dairy"
      }
    ],
    "subCategories": [
      {
        "code": "Tea & Coffee",
        "desc": "Tea & Coffee"
      }
    ],
    "brands": [
      {
        "code": "Nescafe",
        "desc": "Nescafe"
      }
    ],
    "price": {
      "basePrice": 10.39,
      "discountPrice": 10.39
    },
    "type": {
      "code": "Coffee",
      "desc": "Coffee"
    },
    "weight": "7 oz",
    "UpcCode": "",
    "tax": 0.0,
    "spiceLevel": "",
    "aiselNo": "8",
    "store": "Market Basket",
    "weightType": "7 oz",
    "imageName": "3399.jpg",
    "defaultImage": "3399.jpg",
    "updatedTimestamp": "Jan 23, 2021 8:02:30 PM",
    "createdTimestamp": "Jan 23, 2021 8:02:30 PM",
    "isNewlyAdded": false,
    "isActive": true,
    "isDealsEnabled": false,
    "quantity": 0
  },
  {
    "id": 9056,
    "code": "Smucker's Sugar Free Apricot Preserves Sweetened with Splenda",
    "desc": "Smucker's Sugar Free Apricot Preserves Sweetened with Splenda",
    "shortDesc": "Smucker's Sugar Free Apricot Preserves Sweetened with Splenda",
    "tags": [
      "Spreads"
    ],
    "categories": [
      {
        "code": "Condiments & Dressings",
        "desc": "Condiments & Dressings"
      }
    ],
    "subCategories": [
      {
        "code": "Preserved Dips & Spreads",
        "desc": "Preserved Dips & Spreads"
      }
    ],
    "brands": [
      {
        "code": "Smucker's",
        "desc": "Smucker's"
      }
    ],
    "price": {
      "basePrice": 2.99,
      "discountPrice": 2.99
    },
    "type": {
      "code": "Spreads",
      "desc": "Spreads"
    },
    "weight": "12.75 oz",
    "UpcCode": "",
    "tax": 0.0,
    "spiceLevel": "",
    "aiselNo": "3",
    "store": "Market Basket",
    "weightType": "12.75 oz",
    "imageName": "1621.jpg",
    "defaultImage": "1621.jpg",
    "updatedTimestamp": "Jan 23, 2021 8:02:30 PM",
    "createdTimestamp": "Jan 23, 2021 8:02:30 PM",
    "isNewlyAdded": false,
    "isActive": true,
    "isDealsEnabled": false,
    "quantity": 0
  },
  {
    "id": 8300,
    "code": "Heluva Good! ! Bacon Horseradish Sour Cream Dip",
    "desc": "Heluva Good! ! Bacon Horseradish Sour Cream Dip",
    "shortDesc": "Heluva Good! ! Bacon Horseradish Sour Cream Dip",
    "tags": [
      "Fresh Dips & Tapenades"
    ],
    "categories": [
      {
        "code": "Condiments & Dressings",
        "desc": "Condiments & Dressings"
      }
    ],
    "subCategories": [
      {
        "code": "Fresh Dips & Tapenades",
        "desc": "Fresh Dips & Tapenades"
      }
    ],
    "brands": [
      {
        "code": "Heluva Good!",
        "desc": "Heluva Good!"
      }
    ],
    "price": {
      "basePrice": 2.09,
      "discountPrice": 2.09
    },
    "type": {
      "code": "Fresh Dips & Tapenades",
      "desc": "Fresh Dips & Tapenades"
    },
    "weight": "12 oz",
    "UpcCode": "",
    "tax": 0.0,
    "spiceLevel": "",
    "aiselNo": "1",
    "store": "Market Basket",
    "weightType": "12 oz",
    "imageName": "5534.jpg",
    "defaultImage": "5534.jpg",
    "updatedTimestamp": "Jan 23, 2021 8:02:30 PM",
    "createdTimestamp": "Jan 23, 2021 8:02:30 PM",
    "isNewlyAdded": false,
    "isActive": true,
    "isDealsEnabled": false,
    "quantity": 0
  },
  {
    "id": 9326,
    "code": "Van's Natural Foods Waffles, Gluten Free, Blueberry",
    "desc": "Van's Natural Foods Waffles, Gluten Free, Blueberry",
    "shortDesc": "Van's Natural Foods Waffles, Gluten Free, Blueberry",
    "tags": [
      "Frozen Breakfast"
    ],
    "categories": [
      {
        "code": "Frozen Food",
        "desc": "Frozen Food"
      }
    ],
    "subCategories": [
      {
        "code": "Frozen Breakfast",
        "desc": "Frozen Breakfast"
      }
    ],
    "brands": [
      {
        "code": "Van's Natural Foods",
        "desc": "Van's Natural Foods"
      }
    ],
    "price": {
      "basePrice": 3.09,
      "discountPrice": 3.09
    },
    "type": {
      "code": "Frozen Breakfast",
      "desc": "Frozen Breakfast"
    },
    "weight": "6 count",
    "UpcCode": "",
    "tax": 0.0,
    "spiceLevel": "",
    "aiselNo": "19",
    "store": "Market Basket",
    "weightType": "6 count",
    "imageName": "15787.jpg",
    "defaultImage": "15787.jpg",
    "updatedTimestamp": "Jan 23, 2021 8:02:30 PM",
    "createdTimestamp": "Jan 23, 2021 8:02:30 PM",
    "isNewlyAdded": false,
    "isActive": true,
    "isDealsEnabled": false,
    "quantity": 0
  },
  {
    "id": 13933,
    "code": "Cabot Swiss",
    "desc": "Cabot Swiss",
    "shortDesc": "Cabot Swiss",
    "tags": [
      "Specialty Cheeses"
    ],
    "categories": [
      {
        "code": "Breakfast & Dairy",
        "desc": "Breakfast & Dairy"
      }
    ],
    "subCategories": [
      {
        "code": "Dairy & Eggs",
        "desc": "Dairy & Eggs"
      }
    ],
    "brands": [
      {
        "code": "Cabot",
        "desc": "Cabot"
      }
    ],
    "price": {
      "basePrice": 3.69,
      "discountPrice": 3.69
    },
    "type": {
      "code": "Specialty Cheeses",
      "desc": "Specialty Cheeses"
    },
    "weight": "8 oz",
    "UpcCode": "",
    "tax": 0.0,
    "spiceLevel": "",
    "aiselNo": "1",
    "store": "Market Basket",
    "weightType": "8 oz",
    "imageName": "Market Basket.jpg",
    "defaultImage": "Market Basket.jpg",
    "updatedTimestamp": "Jan 23, 2021 8:02:30 PM",
    "createdTimestamp": "Jan 23, 2021 8:02:30 PM",
    "isNewlyAdded": false,
    "isActive": true,
    "isDealsEnabled": false,
    "quantity": 0
  },
  {
    "id": 6928,
    "code": "Toll House Semi Sweet Morsels",
    "desc": "Toll House Semi Sweet Morsels",
    "shortDesc": "Toll House Semi Sweet Morsels",
    "tags": [
      "Baking Ingredients"
    ],
    "categories": [
      {
        "code": "Cooking Needs",
        "desc": "Cooking Needs"
      }
    ],
    "subCategories": [
      {
        "code": "Baking & Cooking",
        "desc": "Baking & Cooking"
      }
    ],
    "brands": [
      {
        "code": "Toll House",
        "desc": "Toll House"
      }
    ],
    "price": {
      "basePrice": 7.09,
      "discountPrice": 7.09
    },
    "type": {
      "code": "Baking Ingredients",
      "desc": "Baking Ingredients"
    },
    "weight": "24 oz",
    "UpcCode": "",
    "tax": 0.0,
    "spiceLevel": "",
    "aiselNo": "8",
    "store": "Market Basket",
    "weightType": "24 oz",
    "imageName": "2360.jpg",
    "defaultImage": "2360.jpg",
    "updatedTimestamp": "Jan 23, 2021 8:02:30 PM",
    "createdTimestamp": "Jan 23, 2021 8:02:30 PM",
    "isNewlyAdded": false,
    "isActive": true,
    "isDealsEnabled": false,
    "quantity": 0
  },
  {
    "id": 6035,
    "code": "Rockstar Regular Energy Drink",
    "desc": "Rockstar Regular Energy Drink",
    "shortDesc": "Rockstar Regular Energy Drink",
    "tags": [
      "Energy & Sports Drinks"
    ],
    "categories": [
      {
        "code": "Beverages & Juices",
        "desc": "Beverages & Juices"
      }
    ],
    "subCategories": [
      {
        "code": "Energy & Sports Drinks",
        "desc": "Energy & Sports Drinks"
      }
    ],
    "brands": [
      {
        "code": "Rockstar",
        "desc": "Rockstar"
      }
    ],
    "price": {
      "basePrice": 2.24,
      "discountPrice": 2.24
    },
    "type": {
      "code": "Energy & Sports Drinks",
      "desc": "Energy & Sports Drinks"
    },
    "weight": "16 fl oz",
    "UpcCode": "",
    "tax": 0.0,
    "spiceLevel": "",
    "aiselNo": "17",
    "store": "Market Basket",
    "weightType": "16 fl oz",
    "imageName": "3788.jpg",
    "defaultImage": "3788.jpg",
    "updatedTimestamp": "Jan 23, 2021 8:02:29 PM",
    "createdTimestamp": "Jan 23, 2021 8:02:29 PM",
    "isNewlyAdded": false,
    "isActive": true,
    "isDealsEnabled": false,
    "quantity": 0
  },
  {
    "id": 14939,
    "code": "Pepto-Bismol Original Flavor",
    "desc": "Pepto-Bismol Original Flavor",
    "shortDesc": "Pepto-Bismol Original Flavor",
    "tags": [
      "Digestion"
    ],
    "categories": [
      {
        "code": "Personal Care",
        "desc": "Personal Care"
      }
    ],
    "subCategories": [
      {
        "code": "First Aid & Healthcare",
        "desc": "First Aid & Healthcare"
      }
    ],
    "brands": [
      {
        "code": "Pepto Bismol",
        "desc": "Pepto Bismol"
      }
    ],
    "price": {
      "basePrice": 7.0,
      "discountPrice": 7.0
    },
    "type": {
      "code": "Digestion",
      "desc": "Digestion"
    },
    "weight": "8 fl oz",
    "UpcCode": "",
    "tax": 1.0,
    "spiceLevel": "",
    "aiselNo": "13",
    "store": "Market Basket",
    "weightType": "8 fl oz",
    "imageName": "6649.jpg",
    "defaultImage": "6649.jpg",
    "updatedTimestamp": "Jan 23, 2021 8:02:30 PM",
    "createdTimestamp": "Jan 23, 2021 8:02:30 PM",
    "isNewlyAdded": false,
    "isActive": true,
    "isDealsEnabled": false,
    "quantity": 0
  },
  {
    "id": 6410,
    "code": "Spindrift Sparkling Water Cucumber",
    "desc": "Spindrift Sparkling Water Cucumber",
    "shortDesc": "Spindrift Sparkling Water Cucumber",
    "tags": [
      "Sparkling Water"
    ],
    "categories": [
      {
        "code": "Beverages & Juices",
        "desc": "Beverages & Juices"
      }
    ],
    "subCategories": [
      {
        "code": "Water",
        "desc": "Water"
      }
    ],
    "brands": [
      {
        "code": "Spindrift",
        "desc": "Spindrift"
      }
    ],
    "price": {
      "basePrice": 6.24,
      "discountPrice": 6.24
    },
    "type": {
      "code": "Sparkling Water",
      "desc": "Sparkling Water"
    },
    "weight": "8 x 12 fl oz",
    "UpcCode": "",
    "tax": 0.0,
    "spiceLevel": "",
    "aiselNo": "11",
    "store": "Market Basket",
    "weightType": "8 x 12 fl oz",
    "imageName": "No Image.jpg",
    "defaultImage": "No Image.jpg",
    "updatedTimestamp": "Jan 23, 2021 8:02:30 PM",
    "createdTimestamp": "Jan 23, 2021 8:02:30 PM",
    "isNewlyAdded": false,
    "isActive": true,
    "isDealsEnabled": false,
    "quantity": 0
  },
  {
    "id": 6280,
    "code": "Glaceau Smart Water Pineapple Kiwi",
    "desc": "Glaceau Smart Water Pineapple Kiwi",
    "shortDesc": "Glaceau Smart Water Pineapple Kiwi",
    "tags": [
      "Water"
    ],
    "categories": [
      {
        "code": "Beverages & Juices",
        "desc": "Beverages & Juices"
      }
    ],
    "subCategories": [
      {
        "code": "Water",
        "desc": "Water"
      }
    ],
    "brands": [
      {
        "code": "Glaceau",
        "desc": "Glaceau"
      }
    ],
    "price": {
      "basePrice": 1.24,
      "discountPrice": 1.24
    },
    "type": {
      "code": "Water",
      "desc": "Water"
    },
    "weight": "33.8 fl oz",
    "UpcCode": "",
    "tax": 0.0,
    "spiceLevel": "",
    "aiselNo": "11",
    "store": "Market Basket",
    "weightType": "33.8 fl oz",
    "imageName": "No Image.jpg",
    "defaultImage": "No Image.jpg",
    "updatedTimestamp": "Jan 23, 2021 8:02:30 PM",
    "createdTimestamp": "Jan 23, 2021 8:02:30 PM",
    "isNewlyAdded": false,
    "isActive": true,
    "isDealsEnabled": false,
    "quantity": 0
  },
  {
    "id": 14993,
    "code": "Market Basket 81 mg Adult Low Strength Aspirin Coated Tablets",
    "desc": "Market Basket 81 mg Adult Low Strength Aspirin Coated Tablets",
    "shortDesc": "Market Basket 81 mg Adult Low Strength Aspirin Coated Tablets",
    "tags": [
      "Muscles, Joints & Pain Relief"
    ],
    "categories": [
      {
        "code": "Personal Care",
        "desc": "Personal Care"
      }
    ],
    "subCategories": [
      {
        "code": "First Aid & Healthcare",
        "desc": "First Aid & Healthcare"
      }
    ],
    "brands": [
      {
        "code": "Market Basket",
        "desc": "Market Basket"
      }
    ],
    "price": {
      "basePrice": 4.24,
      "discountPrice": 4.24
    },
    "type": {
      "code": "Muscles, Joints & Pain Relief",
      "desc": "Muscles, Joints & Pain Relief"
    },
    "weight": "300 count",
    "UpcCode": "",
    "tax": 1.0,
    "spiceLevel": "",
    "aiselNo": "13",
    "store": "Market Basket",
    "weightType": "300 count",
    "imageName": "Market Basket.jpg",
    "defaultImage": "Market Basket.jpg",
    "updatedTimestamp": "Jan 23, 2021 8:02:30 PM",
    "createdTimestamp": "Jan 23, 2021 8:02:30 PM",
    "isNewlyAdded": false,
    "isActive": true,
    "isDealsEnabled": false,
    "quantity": 0
  },
  {
    "id": 15003,
    "code": "TopCare Infants' Ibuprofen 50 Mg Pain Reliever / Fever Reducer (nsaid) Oral Suspension, Berry",
    "desc": "TopCare Infants' Ibuprofen 50 Mg Pain Reliever / Fever Reducer (nsaid) Oral Suspension, Berry",
    "shortDesc": "TopCare Infants' Ibuprofen 50 Mg Pain Reliever / Fever Reducer (nsaid) Oral Suspension, Berry",
    "tags": [
      "Muscles, Joints & Pain Relief"
    ],
    "categories": [
      {
        "code": "Personal Care",
        "desc": "Personal Care"
      }
    ],
    "subCategories": [
      {
        "code": "First Aid & Healthcare",
        "desc": "First Aid & Healthcare"
      }
    ],
    "brands": [
      {
        "code": "Topcare",
        "desc": "Topcare"
      }
    ],
    "price": {
      "basePrice": 8.5,
      "discountPrice": 8.5
    },
    "type": {
      "code": "Muscles, Joints & Pain Relief",
      "desc": "Muscles, Joints & Pain Relief"
    },
    "weight": "0.5 fl oz",
    "UpcCode": "",
    "tax": 1.0,
    "spiceLevel": "",
    "aiselNo": "13",
    "store": "Market Basket",
    "weightType": "0.5 fl oz",
    "imageName": "6637.jpg",
    "defaultImage": "6637.jpg",
    "updatedTimestamp": "Jan 23, 2021 8:02:30 PM",
    "createdTimestamp": "Jan 23, 2021 8:02:30 PM",
    "isNewlyAdded": false,
    "isActive": true,
    "isDealsEnabled": false,
    "quantity": 0
  },
  {
    "id": 5461,
    "code": "Hershey's Miniatures Valentines Assortment",
    "desc": "Hershey's Miniatures Valentines Assortment",
    "shortDesc": "Hershey's Miniatures Valentines Assortment",
    "tags": [
      "Candy & Chocolate"
    ],
    "categories": [
      {
        "code": "Chips, Cookies & Snacks",
        "desc": "Chips, Cookies & Snacks"
      }
    ],
    "subCategories": [
      {
        "code": "Candy & Chocolates",
        "desc": "Candy & Chocolates"
      }
    ],
    "brands": [
      {
        "code": "Hershey's",
        "desc": "Hershey's"
      }
    ],
    "price": {
      "basePrice": 3.69,
      "discountPrice": 3.69
    },
    "type": {
      "code": "Candy & Chocolate",
      "desc": "Candy & Chocolate"
    },
    "weight": "11 oz",
    "UpcCode": "",
    "tax": 0.0,
    "spiceLevel": "",
    "aiselNo": "3",
    "store": "Market Basket",
    "weightType": "11 oz",
    "imageName": "998.jpg",
    "defaultImage": "998.jpg",
    "updatedTimestamp": "Jan 23, 2021 8:02:30 PM",
    "createdTimestamp": "Jan 23, 2021 8:02:30 PM",
    "isNewlyAdded": false,
    "isActive": true,
    "isDealsEnabled": false,
    "quantity": 0
  },
  {
    "id": 13968,
    "code": "Market Basket Swiss Cheese",
    "desc": "Market Basket Swiss Cheese",
    "shortDesc": "Market Basket Swiss Cheese",
    "tags": [
      "Specialty Cheeses"
    ],
    "categories": [
      {
        "code": "Breakfast & Dairy",
        "desc": "Breakfast & Dairy"
      }
    ],
    "subCategories": [
      {
        "code": "Dairy & Eggs",
        "desc": "Dairy & Eggs"
      }
    ],
    "brands": [
      {
        "code": "Market Basket",
        "desc": "Market Basket"
      }
    ],
    "price": {
      "basePrice": 6.09,
      "discountPrice": 6.09
    },
    "type": {
      "code": "Specialty Cheeses",
      "desc": "Specialty Cheeses"
    },
    "weight": "0.93 lb",
    "UpcCode": "",
    "tax": 0.0,
    "spiceLevel": "",
    "aiselNo": "1",
    "store": "Market Basket",
    "weightType": "0.93 lb",
    "imageName": "Market Basket.jpg",
    "defaultImage": "Market Basket.jpg",
    "updatedTimestamp": "Jan 23, 2021 8:02:30 PM",
    "createdTimestamp": "Jan 23, 2021 8:02:30 PM",
    "isNewlyAdded": false,
    "isActive": true,
    "isDealsEnabled": false,
    "quantity": 0
  },
  {
    "id": 4340,
    "code": "Norwegian Salmon",
    "desc": "Norwegian Salmon",
    "shortDesc": "Norwegian Salmon",
    "tags": [
      "Salmon"
    ],
    "categories": [
      {
        "code": "Meat & Seafood",
        "desc": "Meat & Seafood"
      }
    ],
    "subCategories": [
      {
        "code": "Meat & Seafood Counter",
        "desc": "Meat & Seafood Counter"
      }
    ],
    "brands": [
      {
        "code": "Norwegian",
        "desc": "Norwegian"
      }
    ],
    "price": {
      "basePrice": 9.19,
      "discountPrice": 9.19
    },
    "type": {
      "code": "Salmon",
      "desc": "Salmon"
    },
    "weight": "1 lb",
    "UpcCode": "",
    "tax": 0.0,
    "spiceLevel": "",
    "aiselNo": "22",
    "store": "Market Basket",
    "weightType": "1 lb",
    "imageName": "No Image.jpg",
    "defaultImage": "No Image.jpg",
    "updatedTimestamp": "Jan 23, 2021 8:02:30 PM",
    "createdTimestamp": "Jan 23, 2021 8:02:30 PM",
    "isNewlyAdded": false,
    "isActive": true,
    "isDealsEnabled": false,
    "quantity": 0
  },
  {
    "id": 475,
    "code": "Seventh Generation Laundry Detergent fresh Lavender scent",
    "desc": "Seventh Generation Laundry Detergent fresh Lavender scent",
    "shortDesc": "Seventh Generation Laundry Detergent fresh Lavender scent",
    "tags": [
      "Laundry Detergent"
    ],
    "categories": [
      {
        "code": "Laundry & Paper Goods",
        "desc": "Laundry & Paper Goods"
      }
    ],
    "subCategories": [
      {
        "code": "Laundry",
        "desc": "Laundry"
      }
    ],
    "brands": [
      {
        "code": "Seventh Generation",
        "desc": "Seventh Generation"
      }
    ],
    "price": {
      "basePrice": 9.99,
      "discountPrice": 9.99
    },
    "type": {
      "code": "Laundry Detergent",
      "desc": "Laundry Detergent"
    },
    "weight": "50 fl oz",
    "UpcCode": "",
    "tax": 1.0,
    "spiceLevel": "",
    "aiselNo": "15",
    "store": "Market Basket",
    "weightType": "50 fl oz",
    "imageName": "No Image.jpg",
    "defaultImage": "No Image.jpg",
    "updatedTimestamp": "Jan 23, 2021 8:02:30 PM",
    "createdTimestamp": "Jan 23, 2021 8:02:30 PM",
    "isNewlyAdded": false,
    "isActive": true,
    "isDealsEnabled": false,
    "quantity": 0
  },
  {
    "id": 5344,
    "code": "belVita Vanilla Oat",
    "desc": "belVita Vanilla Oat",
    "shortDesc": "belVita Vanilla Oat",
    "tags": [
      "Cookies & Cakes"
    ],
    "categories": [
      {
        "code": "Chips, Cookies & Snacks",
        "desc": "Chips, Cookies & Snacks"
      }
    ],
    "subCategories": [
      {
        "code": "Cookies & Crackers",
        "desc": "Cookies & Crackers"
      }
    ],
    "brands": [
      {
        "code": "belVita",
        "desc": "belVita"
      }
    ],
    "price": {
      "basePrice": 4.69,
      "discountPrice": 4.69
    },
    "type": {
      "code": "Cookies & Cakes",
      "desc": "Cookies & Cakes"
    },
    "weight": "8.8 oz",
    "UpcCode": "",
    "tax": 0.0,
    "spiceLevel": "",
    "aiselNo": "6",
    "store": "Market Basket",
    "weightType": "8.8 oz",
    "imageName": "No Image.jpg",
    "defaultImage": "No Image.jpg",
    "updatedTimestamp": "Jan 23, 2021 8:02:30 PM",
    "createdTimestamp": "Jan 23, 2021 8:02:30 PM",
    "isNewlyAdded": false,
    "isActive": true,
    "isDealsEnabled": false,
    "quantity": 0
  },
  {
    "id": 14785,
    "code": "Scunci U Got This Hair Bands",
    "desc": "Scunci U Got This Hair Bands",
    "shortDesc": "Scunci U Got This Hair Bands",
    "tags": [
      "Hair Care"
    ],
    "categories": [
      {
        "code": "Personal Care",
        "desc": "Personal Care"
      }
    ],
    "subCategories": [
      {
        "code": "Body Wash, Soap & Hair Care",
        "desc": "Body Wash, Soap & Hair Care"
      }
    ],
    "brands": [
      {
        "code": "Scunci",
        "desc": "Scunci"
      }
    ],
    "price": {
      "basePrice": 3.21,
      "discountPrice": 3.21
    },
    "type": {
      "code": "Hair Care",
      "desc": "Hair Care"
    },
    "weight": "28 count",
    "UpcCode": "",
    "tax": 1.0,
    "spiceLevel": "",
    "aiselNo": "13",
    "store": "Market Basket",
    "weightType": "28 count",
    "imageName": "6615.jpg",
    "defaultImage": "6615.jpg",
    "updatedTimestamp": "Jan 23, 2021 8:02:30 PM",
    "createdTimestamp": "Jan 23, 2021 8:02:30 PM",
    "isNewlyAdded": false,
    "isActive": true,
    "isDealsEnabled": false,
    "quantity": 0
  },
  {
    "id": 8010,
    "code": "Herb Ox Beef Flavor Bouillon Cubes",
    "desc": "Herb Ox Beef Flavor Bouillon Cubes",
    "shortDesc": "Herb Ox Beef Flavor Bouillon Cubes",
    "tags": [
      "Soup, Broth & Bouillon"
    ],
    "categories": [
      {
        "code": "Cooking Needs",
        "desc": "Cooking Needs"
      }
    ],
    "subCategories": [
      {
        "code": "Canned Food",
        "desc": "Canned Food"
      }
    ],
    "brands": [
      {
        "code": "Herb-Ox",
        "desc": "Herb-Ox"
      }
    ],
    "price": {
      "basePrice": 2.49,
      "discountPrice": 2.49
    },
    "type": {
      "code": "Soup, Broth & Bouillon",
      "desc": "Soup, Broth & Bouillon"
    },
    "weight": "25 x 3 oz",
    "UpcCode": "",
    "tax": 0.0,
    "spiceLevel": "",
    "aiselNo": "2",
    "store": "Market Basket",
    "weightType": "25 x 3 oz",
    "imageName": "17266.jpg",
    "defaultImage": "17266.jpg",
    "updatedTimestamp": "Jan 23, 2021 8:02:30 PM",
    "createdTimestamp": "Jan 23, 2021 8:02:30 PM",
    "isNewlyAdded": false,
    "isActive": true,
    "isDealsEnabled": false,
    "quantity": 0
  },
  {
    "id": 4561,
    "code": "Carando Pepperoni",
    "desc": "Carando Pepperoni",
    "shortDesc": "Carando Pepperoni",
    "tags": [
      "Pepperoni"
    ],
    "categories": [
      {
        "code": "Meat & Seafood",
        "desc": "Meat & Seafood"
      }
    ],
    "subCategories": [
      {
        "code": "Lunch Meat",
        "desc": "Lunch Meat"
      }
    ],
    "brands": [
      {
        "code": "Carando",
        "desc": "Carando"
      }
    ],
    "price": {
      "basePrice": 6.09,
      "discountPrice": 6.09
    },
    "type": {
      "code": "Pepperoni",
      "desc": "Pepperoni"
    },
    "weight": "16 oz",
    "UpcCode": "",
    "tax": 0.0,
    "spiceLevel": "",
    "aiselNo": "22",
    "store": "Market Basket",
    "weightType": "16 oz",
    "imageName": "No Image.jpg",
    "defaultImage": "No Image.jpg",
    "updatedTimestamp": "Jan 23, 2021 8:02:30 PM",
    "createdTimestamp": "Jan 23, 2021 8:02:30 PM",
    "isNewlyAdded": false,
    "isActive": true,
    "isDealsEnabled": false,
    "quantity": 0
  },
  {
    "id": 7793,
    "code": "Market Basket Light Red Kidney Beans",
    "desc": "Market Basket Light Red Kidney Beans",
    "shortDesc": "Market Basket Light Red Kidney Beans",
    "tags": [
      "Canned Meals & Beans"
    ],
    "categories": [
      {
        "code": "Cooking Needs",
        "desc": "Cooking Needs"
      }
    ],
    "subCategories": [
      {
        "code": "Canned Food",
        "desc": "Canned Food"
      }
    ],
    "brands": [
      {
        "code": "Market Basket",
        "desc": "Market Basket"
      }
    ],
    "price": {
      "basePrice": 1.49,
      "discountPrice": 1.49
    },
    "type": {
      "code": "Canned Meals & Beans",
      "desc": "Canned Meals & Beans"
    },
    "weight": "29 oz",
    "UpcCode": "",
    "tax": 0.0,
    "spiceLevel": "",
    "aiselNo": "2",
    "store": "Market Basket",
    "weightType": "29 oz",
    "imageName": "Market Basket.jpg",
    "defaultImage": "Market Basket.jpg",
    "updatedTimestamp": "Jan 23, 2021 8:02:30 PM",
    "createdTimestamp": "Jan 23, 2021 8:02:30 PM",
    "isNewlyAdded": false,
    "isActive": true,
    "isDealsEnabled": false,
    "quantity": 0
  },
  {
    "id": 3737,
    "code": "Infinite Herbs Fresh Basil",
    "desc": "Infinite Herbs Fresh Basil",
    "shortDesc": "Infinite Herbs Fresh Basil",
    "tags": [
      "Basil"
    ],
    "categories": [
      {
        "code": "Fresh Produce",
        "desc": "Fresh Produce"
      }
    ],
    "subCategories": [
      {
        "code": "Fresh Herbs",
        "desc": "Fresh Herbs"
      }
    ],
    "brands": [
      {
        "code": "Infinite Herbs",
        "desc": "Infinite Herbs"
      }
    ],
    "price": {
      "basePrice": 4.24,
      "discountPrice": 4.24
    },
    "type": {
      "code": "Basil",
      "desc": "Basil"
    },
    "weight": "1 oz",
    "UpcCode": "",
    "tax": 0.0,
    "spiceLevel": "",
    "aiselNo": "20",
    "store": "Market Basket",
    "weightType": "1 oz",
    "imageName": "91.jpg",
    "defaultImage": "91.jpg",
    "updatedTimestamp": "Jan 23, 2021 8:02:30 PM",
    "createdTimestamp": "Jan 23, 2021 8:02:30 PM",
    "isNewlyAdded": false,
    "isActive": true,
    "isDealsEnabled": false,
    "quantity": 0
  },
  {
    "id": 7753,
    "code": "Goya Pinto Beans",
    "desc": "Goya Pinto Beans",
    "shortDesc": "Goya Pinto Beans",
    "tags": [
      "Canned Meals & Beans"
    ],
    "categories": [
      {
        "code": "Cooking Needs",
        "desc": "Cooking Needs"
      }
    ],
    "subCategories": [
      {
        "code": "Canned Food",
        "desc": "Canned Food"
      }
    ],
    "brands": [
      {
        "code": "Goya",
        "desc": "Goya"
      }
    ],
    "price": {
      "basePrice": 0.99,
      "discountPrice": 0.99
    },
    "type": {
      "code": "Canned Meals & Beans",
      "desc": "Canned Meals & Beans"
    },
    "weight": "15.5 oz",
    "UpcCode": "",
    "tax": 0.0,
    "spiceLevel": "",
    "aiselNo": "7",
    "store": "Market Basket",
    "weightType": "15.5 oz",
    "imageName": "5100.jpg",
    "defaultImage": "5100.jpg",
    "updatedTimestamp": "Jan 23, 2021 8:02:30 PM",
    "createdTimestamp": "Jan 23, 2021 8:02:30 PM",
    "isNewlyAdded": false,
    "isActive": true,
    "isDealsEnabled": false,
    "quantity": 0
  },
  {
    "id": 264,
    "code": "Finish Gelpacs All in 1 Orange Scent Automatic Dishwasher Detergent",
    "desc": "Finish Gelpacs All in 1 Orange Scent Automatic Dishwasher Detergent",
    "shortDesc": "Finish Gelpacs All in 1 Orange Scent Automatic Dishwasher Detergent",
    "tags": [
      "Dishwasher Detergent"
    ],
    "categories": [
      {
        "code": "Kitchen & Cleaning",
        "desc": "Kitchen & Cleaning"
      }
    ],
    "subCategories": [
      {
        "code": "Dish Detergents",
        "desc": "Dish Detergents"
      }
    ],
    "brands": [
      {
        "code": "Finish",
        "desc": "Finish"
      }
    ],
    "price": {
      "basePrice": 4.89,
      "discountPrice": 4.89
    },
    "type": {
      "code": "Dishwasher Detergent",
      "desc": "Dishwasher Detergent"
    },
    "weight": "14.3 oz",
    "UpcCode": "",
    "tax": 1.0,
    "spiceLevel": "",
    "aiselNo": "15",
    "store": "Market Basket",
    "weightType": "14.3 oz",
    "imageName": "4349.jpg",
    "defaultImage": "4349.jpg",
    "updatedTimestamp": "Jan 23, 2021 8:02:30 PM",
    "createdTimestamp": "Jan 23, 2021 8:02:30 PM",
    "isNewlyAdded": false,
    "isActive": true,
    "isDealsEnabled": false,
    "quantity": 0
  },
  {
    "id": 4600,
    "code": "Market Basket Oven Roasted Turkey Breast",
    "desc": "Market Basket Oven Roasted Turkey Breast",
    "shortDesc": "Market Basket Oven Roasted Turkey Breast",
    "tags": [
      "Turkey"
    ],
    "categories": [
      {
        "code": "Meat & Seafood",
        "desc": "Meat & Seafood"
      }
    ],
    "subCategories": [
      {
        "code": "Lunch Meat",
        "desc": "Lunch Meat"
      }
    ],
    "brands": [
      {
        "code": "Market Basket",
        "desc": "Market Basket"
      }
    ],
    "price": {
      "basePrice": 8.59,
      "discountPrice": 8.59
    },
    "type": {
      "code": "Turkey",
      "desc": "Turkey"
    },
    "weight": "1 lb",
    "UpcCode": "",
    "tax": 0.0,
    "spiceLevel": "",
    "aiselNo": "22",
    "store": "Market Basket",
    "weightType": "1 lb",
    "imageName": "Market Basket.jpg",
    "defaultImage": "Market Basket.jpg",
    "updatedTimestamp": "Jan 23, 2021 8:02:30 PM",
    "createdTimestamp": "Jan 23, 2021 8:02:30 PM",
    "isNewlyAdded": false,
    "isActive": true,
    "isDealsEnabled": false,
    "quantity": 0
  },
  {
    "id": 14715,
    "code": "Gold Bond Ultimate Skin Therapy Cream Softening Shea Butter",
    "desc": "Gold Bond Ultimate Skin Therapy Cream Softening Shea Butter",
    "shortDesc": "Gold Bond Ultimate Skin Therapy Cream Softening Shea Butter",
    "tags": [
      "Cream"
    ],
    "categories": [
      {
        "code": "Personal Care",
        "desc": "Personal Care"
      }
    ],
    "subCategories": [
      {
        "code": "Body Wash, Soap & Hair Care",
        "desc": "Body Wash, Soap & Hair Care"
      }
    ],
    "brands": [
      {
        "code": "Gold Bond",
        "desc": "Gold Bond"
      }
    ],
    "price": {
      "basePrice": 8.96,
      "discountPrice": 8.96
    },
    "type": {
      "code": "Cream",
      "desc": "Cream"
    },
    "weight": "5.5 oz",
    "UpcCode": "",
    "tax": 1.0,
    "spiceLevel": "",
    "aiselNo": "13",
    "store": "Market Basket",
    "weightType": "5.5 oz",
    "imageName": "17762.jpg",
    "defaultImage": "17762.jpg",
    "updatedTimestamp": "Jan 23, 2021 8:02:30 PM",
    "createdTimestamp": "Jan 23, 2021 8:02:30 PM",
    "isNewlyAdded": false,
    "isActive": true,
    "isDealsEnabled": false,
    "quantity": 0
  },
  {
    "id": 527,
    "code": "Arm & Hammer detergent plus Softener Orchard Blosson",
    "desc": "Arm & Hammer detergent plus Softener Orchard Blosson",
    "shortDesc": "Arm & Hammer detergent plus Softener Orchard Blosson",
    "tags": [
      "Laundry Detergent"
    ],
    "categories": [
      {
        "code": "Laundry & Paper Goods",
        "desc": "Laundry & Paper Goods"
      }
    ],
    "subCategories": [
      {
        "code": "Laundry",
        "desc": "Laundry"
      }
    ],
    "brands": [
      {
        "code": "Arm & Hammer",
        "desc": "Arm & Hammer"
      }
    ],
    "price": {
      "basePrice": 4.99,
      "discountPrice": 4.99
    },
    "type": {
      "code": "Laundry Detergent",
      "desc": "Laundry Detergent"
    },
    "weight": "50 fl oz",
    "UpcCode": "",
    "tax": 1.0,
    "spiceLevel": "",
    "aiselNo": "15",
    "store": "Market Basket",
    "weightType": "50 fl oz",
    "imageName": "No Image.jpg",
    "defaultImage": "No Image.jpg",
    "updatedTimestamp": "Jan 23, 2021 8:02:30 PM",
    "createdTimestamp": "Jan 23, 2021 8:02:30 PM",
    "isNewlyAdded": false,
    "isActive": true,
    "isDealsEnabled": false,
    "quantity": 0
  },
  {
    "id": 4794,
    "code": "Market Basket Salmon",
    "desc": "Market Basket Salmon",
    "shortDesc": "Market Basket Salmon",
    "tags": [
      "Frozen Fish (All)"
    ],
    "categories": [
      {
        "code": "Meat & Seafood",
        "desc": "Meat & Seafood"
      }
    ],
    "subCategories": [
      {
        "code": "Frozen Meat & Seafood",
        "desc": "Frozen Meat & Seafood"
      }
    ],
    "brands": [
      {
        "code": "Market Basket",
        "desc": "Market Basket"
      }
    ],
    "price": {
      "basePrice": 14.69,
      "discountPrice": 14.69
    },
    "type": {
      "code": "Frozen Fish (All)",
      "desc": "Frozen Fish (All)"
    },
    "weight": "33 oz",
    "UpcCode": "",
    "tax": 0.0,
    "spiceLevel": "",
    "aiselNo": "18",
    "store": "Market Basket",
    "weightType": "33 oz",
    "imageName": "Market Basket.jpg",
    "defaultImage": "Market Basket.jpg",
    "updatedTimestamp": "Jan 23, 2021 8:02:30 PM",
    "createdTimestamp": "Jan 23, 2021 8:02:30 PM",
    "isNewlyAdded": false,
    "isActive": true,
    "isDealsEnabled": false,
    "quantity": 0
  },
  {
    "id": 9671,
    "code": "Abondanza Italian Style Cheese Pizza",
    "desc": "Abondanza Italian Style Cheese Pizza",
    "shortDesc": "Abondanza Italian Style Cheese Pizza",
    "tags": [
      "Frozen Pizza"
    ],
    "categories": [
      {
        "code": "Frozen Food",
        "desc": "Frozen Food"
      }
    ],
    "subCategories": [
      {
        "code": "Frozen Pizza",
        "desc": "Frozen Pizza"
      }
    ],
    "brands": [
      {
        "code": "Abondanza",
        "desc": "Abondanza"
      }
    ],
    "price": {
      "basePrice": 9.79,
      "discountPrice": 9.79
    },
    "type": {
      "code": "Frozen Pizza",
      "desc": "Frozen Pizza"
    },
    "weight": "1 count",
    "UpcCode": "",
    "tax": 0.0,
    "spiceLevel": "",
    "aiselNo": "19",
    "store": "Market Basket",
    "weightType": "1 count",
    "imageName": "Market Basket.jpg",
    "defaultImage": "Market Basket.jpg",
    "updatedTimestamp": "Jan 23, 2021 8:02:30 PM",
    "createdTimestamp": "Jan 23, 2021 8:02:30 PM",
    "isNewlyAdded": false,
    "isActive": true,
    "isDealsEnabled": false,
    "quantity": 0
  },
  {
    "id": 7161,
    "code": "Pure Wesson Best Blend Oil",
    "desc": "Pure Wesson Best Blend Oil",
    "shortDesc": "Pure Wesson Best Blend Oil",
    "tags": [
      "Oils & Vinegars"
    ],
    "categories": [
      {
        "code": "Cooking Needs",
        "desc": "Cooking Needs"
      }
    ],
    "subCategories": [
      {
        "code": "Oils & Vinegars",
        "desc": "Oils & Vinegars"
      }
    ],
    "brands": [
      {
        "code": "Pure Wesson",
        "desc": "Pure Wesson"
      }
    ],
    "price": {
      "basePrice": 4.29,
      "discountPrice": 4.29
    },
    "type": {
      "code": "Oils & Vinegars",
      "desc": "Oils & Vinegars"
    },
    "weight": "48 fl oz",
    "UpcCode": "",
    "tax": 0.0,
    "spiceLevel": "",
    "aiselNo": "2",
    "store": "Market Basket",
    "weightType": "48 fl oz",
    "imageName": "1826.jpg",
    "defaultImage": "1826.jpg",
    "updatedTimestamp": "Jan 23, 2021 8:02:30 PM",
    "createdTimestamp": "Jan 23, 2021 8:02:30 PM",
    "isNewlyAdded": false,
    "isActive": true,
    "isDealsEnabled": false,
    "quantity": 0
  },
  {
    "id": 142,
    "code": "Butler Gum Plastic Angled Broom",
    "desc": "Butler Gum Plastic Angled Broom",
    "shortDesc": "Butler Gum Plastic Angled Broom",
    "tags": [
      "Other Cleaning Products"
    ],
    "categories": [
      {
        "code": "Kitchen & Cleaning",
        "desc": "Kitchen & Cleaning"
      }
    ],
    "subCategories": [
      {
        "code": "Cleaning Products",
        "desc": "Cleaning Products"
      }
    ],
    "brands": [
      {
        "code": "Butler Gum",
        "desc": "Butler Gum"
      }
    ],
    "price": {
      "basePrice": 8.59,
      "discountPrice": 8.59
    },
    "type": {
      "code": "Other Cleaning Products",
      "desc": "Other Cleaning Products"
    },
    "weight": "1 count",
    "UpcCode": "",
    "tax": 1.0,
    "spiceLevel": "",
    "aiselNo": "15",
    "store": "Market Basket",
    "weightType": "1 count",
    "imageName": "No Image.jpg",
    "defaultImage": "No Image.jpg",
    "updatedTimestamp": "Jan 23, 2021 8:02:30 PM",
    "createdTimestamp": "Jan 23, 2021 8:02:30 PM",
    "isNewlyAdded": false,
    "isActive": true,
    "isDealsEnabled": false,
    "quantity": 0
  },
  {
    "id": 502,
    "code": "Tide Plus Febreeze freshness botanical rain 69 Loads",
    "desc": "Tide Plus Febreeze freshness botanical rain 69 Loads",
    "shortDesc": "Tide Plus Febreeze freshness botanical rain 69 Loads",
    "tags": [
      "Laundry Detergent"
    ],
    "categories": [
      {
        "code": "Laundry & Paper Goods",
        "desc": "Laundry & Paper Goods"
      }
    ],
    "subCategories": [
      {
        "code": "Laundry",
        "desc": "Laundry"
      }
    ],
    "brands": [
      {
        "code": "Tide",
        "desc": "Tide"
      }
    ],
    "price": {
      "basePrice": 14.99,
      "discountPrice": 14.99
    },
    "type": {
      "code": "Laundry Detergent",
      "desc": "Laundry Detergent"
    },
    "weight": "92 fl oz",
    "UpcCode": "",
    "tax": 1.0,
    "spiceLevel": "",
    "aiselNo": "15",
    "store": "Market Basket",
    "weightType": "92 fl oz",
    "imageName": "No Image.jpg",
    "defaultImage": "No Image.jpg",
    "updatedTimestamp": "Jan 23, 2021 8:02:30 PM",
    "createdTimestamp": "Jan 23, 2021 8:02:30 PM",
    "isNewlyAdded": false,
    "isActive": true,
    "isDealsEnabled": false,
    "quantity": 0
  },
  {
    "id": 9853,
    "code": "Market Basket Cut Leaf Spinach",
    "desc": "Market Basket Cut Leaf Spinach",
    "shortDesc": "Market Basket Cut Leaf Spinach",
    "tags": [
      "Frozen Produce"
    ],
    "categories": [
      {
        "code": "Frozen Food",
        "desc": "Frozen Food"
      }
    ],
    "subCategories": [
      {
        "code": "Frozen Produce",
        "desc": "Frozen Produce"
      }
    ],
    "brands": [
      {
        "code": "Market Basket",
        "desc": "Market Basket"
      }
    ],
    "price": {
      "basePrice": 1.29,
      "discountPrice": 1.29
    },
    "type": {
      "code": "Frozen Produce",
      "desc": "Frozen Produce"
    },
    "weight": "16 oz",
    "UpcCode": "",
    "tax": 0.0,
    "spiceLevel": "",
    "aiselNo": "19",
    "store": "Market Basket",
    "weightType": "16 oz",
    "imageName": "Market Basket.jpg",
    "defaultImage": "Market Basket.jpg",
    "updatedTimestamp": "Jan 23, 2021 8:02:30 PM",
    "createdTimestamp": "Jan 23, 2021 8:02:30 PM",
    "isNewlyAdded": false,
    "isActive": true,
    "isDealsEnabled": false,
    "quantity": 0
  },
  {
    "id": 5331,
    "code": "Nature's Bakery Fig Bar Raspberry",
    "desc": "Nature's Bakery Fig Bar Raspberry",
    "shortDesc": "Nature's Bakery Fig Bar Raspberry",
    "tags": [
      "Breakfast Bars"
    ],
    "categories": [
      {
        "code": "Breakfast & Dairy",
        "desc": "Breakfast & Dairy"
      }
    ],
    "subCategories": [
      {
        "code": "Bars & Pastries",
        "desc": "Bars & Pastries"
      }
    ],
    "brands": [
      {
        "code": "Nature's Bakery",
        "desc": "Nature's Bakery"
      }
    ],
    "price": {
      "basePrice": 4.69,
      "discountPrice": 4.69
    },
    "type": {
      "code": "Breakfast Bars",
      "desc": "Breakfast Bars"
    },
    "weight": "6 x 2 oz",
    "UpcCode": "",
    "tax": 0.0,
    "spiceLevel": "",
    "aiselNo": "6",
    "store": "Market Basket",
    "weightType": "6 x 2 oz",
    "imageName": "No Image.jpg",
    "defaultImage": "No Image.jpg",
    "updatedTimestamp": "Jan 23, 2021 8:02:30 PM",
    "createdTimestamp": "Jan 23, 2021 8:02:30 PM",
    "isNewlyAdded": false,
    "isActive": true,
    "isDealsEnabled": false,
    "quantity": 0
  },
  {
    "id": 458,
    "code": "Sun Triple Clean clean&fresh 32 medium loads laundry detergent",
    "desc": "Sun Triple Clean clean&fresh 32 medium loads laundry detergent",
    "shortDesc": "Sun Triple Clean clean&fresh 32 medium loads laundry detergent",
    "tags": [
      "Laundry Detergent"
    ],
    "categories": [
      {
        "code": "Laundry & Paper Goods",
        "desc": "Laundry & Paper Goods"
      }
    ],
    "subCategories": [
      {
        "code": "Laundry",
        "desc": "Laundry"
      }
    ],
    "brands": [
      {
        "code": "Sun",
        "desc": "Sun"
      }
    ],
    "price": {
      "basePrice": 2.49,
      "discountPrice": 2.49
    },
    "type": {
      "code": "Laundry Detergent",
      "desc": "Laundry Detergent"
    },
    "weight": "45.4 fl oz",
    "UpcCode": "",
    "tax": 1.0,
    "spiceLevel": "",
    "aiselNo": "15",
    "store": "Market Basket",
    "weightType": "45.4 fl oz",
    "imageName": "No Image.jpg",
    "defaultImage": "No Image.jpg",
    "updatedTimestamp": "Jan 23, 2021 8:02:30 PM",
    "createdTimestamp": "Jan 23, 2021 8:02:30 PM",
    "isNewlyAdded": false,
    "isActive": true,
    "isDealsEnabled": false,
    "quantity": 0
  },
  {
    "id": 5055,
    "code": "Keebler 12 Pack Paw Patrol Graham Snacks Cinnamon",
    "desc": "Keebler 12 Pack Paw Patrol Graham Snacks Cinnamon",
    "shortDesc": "Keebler 12 Pack Paw Patrol Graham Snacks Cinnamon",
    "tags": [
      "Cookies & Cakes"
    ],
    "categories": [
      {
        "code": "Chips, Cookies & Snacks",
        "desc": "Chips, Cookies & Snacks"
      }
    ],
    "subCategories": [
      {
        "code": "Cookies & Crackers",
        "desc": "Cookies & Crackers"
      }
    ],
    "brands": [
      {
        "code": "Keebler",
        "desc": "Keebler"
      }
    ],
    "price": {
      "basePrice": 6.23,
      "discountPrice": 6.23
    },
    "type": {
      "code": "Cookies & Cakes",
      "desc": "Cookies & Cakes"
    },
    "weight": "12.7 oz",
    "UpcCode": "",
    "tax": 0.0,
    "spiceLevel": "",
    "aiselNo": "6",
    "store": "Market Basket",
    "weightType": "12.7 oz",
    "imageName": "No Image.jpg",
    "defaultImage": "No Image.jpg",
    "updatedTimestamp": "Jan 23, 2021 8:02:30 PM",
    "createdTimestamp": "Jan 23, 2021 8:02:30 PM",
    "isNewlyAdded": false,
    "isActive": true,
    "isDealsEnabled": false,
    "quantity": 0
  },
  {
    "id": 3782,
    "code": "Organic Cara Cara Orange",
    "desc": "Organic Cara Cara Orange",
    "shortDesc": "Organic Cara Cara Orange",
    "tags": [
      "Orange"
    ],
    "categories": [
      {
        "code": "Fresh Produce",
        "desc": "Fresh Produce"
      }
    ],
    "subCategories": [
      {
        "code": "Fresh Organic Fruits",
        "desc": "Fresh Organic Fruits"
      }
    ],
    "brands": [
      {
        "code": "Market Basket",
        "desc": "Market Basket"
      }
    ],
    "price": {
      "basePrice": 4.93,
      "discountPrice": 4.93
    },
    "type": {
      "code": "Orange",
      "desc": "Orange"
    },
    "weight": "1 count",
    "UpcCode": "",
    "tax": 0.0,
    "spiceLevel": "",
    "aiselNo": "20",
    "store": "Market Basket",
    "weightType": "1 count",
    "imageName": "14289.jpg",
    "defaultImage": "14289.jpg",
    "updatedTimestamp": "Jan 23, 2021 8:02:30 PM",
    "createdTimestamp": "Jan 23, 2021 8:02:30 PM",
    "isNewlyAdded": false,
    "isActive": true,
    "isDealsEnabled": false,
    "quantity": 0
  },
  {
    "id": 15231,
    "code": "Market Basket Smartgrip Contour Toothbrush Medium",
    "desc": "Market Basket Smartgrip Contour Toothbrush Medium",
    "shortDesc": "Market Basket Smartgrip Contour Toothbrush Medium",
    "tags": [
      "Oral Hygiene"
    ],
    "categories": [
      {
        "code": "Personal Care",
        "desc": "Personal Care"
      }
    ],
    "subCategories": [
      {
        "code": "Personal Needs",
        "desc": "Personal Needs"
      }
    ],
    "brands": [
      {
        "code": "Market Basket",
        "desc": "Market Basket"
      }
    ],
    "price": {
      "basePrice": 1.83,
      "discountPrice": 1.83
    },
    "type": {
      "code": "Oral Hygiene",
      "desc": "Oral Hygiene"
    },
    "weight": "1 count",
    "UpcCode": "",
    "tax": 1.0,
    "spiceLevel": "",
    "aiselNo": "13",
    "store": "Market Basket",
    "weightType": "1 count",
    "imageName": "Market Basket.jpg",
    "defaultImage": "Market Basket.jpg",
    "updatedTimestamp": "Jan 23, 2021 8:02:30 PM",
    "createdTimestamp": "Jan 23, 2021 8:02:30 PM",
    "isNewlyAdded": false,
    "isActive": true,
    "isDealsEnabled": false,
    "quantity": 0
  },
  {
    "id": 5011,
    "code": "Utz Popcorn Cheese",
    "desc": "Utz Popcorn Cheese",
    "shortDesc": "Utz Popcorn Cheese",
    "tags": [
      "Ready Popcorn"
    ],
    "categories": [
      {
        "code": "Chips, Cookies & Snacks",
        "desc": "Chips, Cookies & Snacks"
      }
    ],
    "subCategories": [
      {
        "code": "Chips & Fruit Snacks",
        "desc": "Chips & Fruit Snacks"
      }
    ],
    "brands": [
      {
        "code": "Utz",
        "desc": "Utz"
      }
    ],
    "price": {
      "basePrice": 3.91,
      "discountPrice": 3.91
    },
    "type": {
      "code": "Ready Popcorn",
      "desc": "Ready Popcorn"
    },
    "weight": "6.5 oz",
    "UpcCode": "",
    "tax": 0.0,
    "spiceLevel": "",
    "aiselNo": "0",
    "store": "Market Basket",
    "weightType": "6.5 oz",
    "imageName": "No Image.jpg",
    "defaultImage": "No Image.jpg",
    "updatedTimestamp": "Jan 23, 2021 8:02:30 PM",
    "createdTimestamp": "Jan 23, 2021 8:02:30 PM",
    "isNewlyAdded": false,
    "isActive": true,
    "isDealsEnabled": false,
    "quantity": 0
  },
  {
    "id": 15061,
    "code": "Suave Roll-on Deodorant Powder",
    "desc": "Suave Roll-on Deodorant Powder",
    "shortDesc": "Suave Roll-on Deodorant Powder",
    "tags": [
      "Deodorants"
    ],
    "categories": [
      {
        "code": "Personal Care",
        "desc": "Personal Care"
      }
    ],
    "subCategories": [
      {
        "code": "Personal Needs",
        "desc": "Personal Needs"
      }
    ],
    "brands": [
      {
        "code": "Suave",
        "desc": "Suave"
      }
    ],
    "price": {
      "basePrice": 3.55,
      "discountPrice": 3.55
    },
    "type": {
      "code": "Deodorants",
      "desc": "Deodorants"
    },
    "weight": "2.7 oz",
    "UpcCode": "",
    "tax": 1.0,
    "spiceLevel": "",
    "aiselNo": "13",
    "store": "Market Basket",
    "weightType": "2.7 oz",
    "imageName": "6316.jpg",
    "defaultImage": "6316.jpg",
    "updatedTimestamp": "Jan 23, 2021 8:02:30 PM",
    "createdTimestamp": "Jan 23, 2021 8:02:30 PM",
    "isNewlyAdded": false,
    "isActive": true,
    "isDealsEnabled": false,
    "quantity": 0
  },
  {
    "id": 15108,
    "code": "Noxzema Cleanser Original Deep Cleansing",
    "desc": "Noxzema Cleanser Original Deep Cleansing",
    "shortDesc": "Noxzema Cleanser Original Deep Cleansing",
    "tags": [
      "Facial Care"
    ],
    "categories": [
      {
        "code": "Personal Care",
        "desc": "Personal Care"
      }
    ],
    "subCategories": [
      {
        "code": "Personal Needs",
        "desc": "Personal Needs"
      }
    ],
    "brands": [
      {
        "code": "Noxzema",
        "desc": "Noxzema"
      }
    ],
    "price": {
      "basePrice": 6.31,
      "discountPrice": 6.31
    },
    "type": {
      "code": "Facial Care",
      "desc": "Facial Care"
    },
    "weight": "8 oz",
    "UpcCode": "",
    "tax": 1.0,
    "spiceLevel": "",
    "aiselNo": "13",
    "store": "Market Basket",
    "weightType": "8 oz",
    "imageName": "6276.jpg",
    "defaultImage": "6276.jpg",
    "updatedTimestamp": "Jan 23, 2021 8:02:30 PM",
    "createdTimestamp": "Jan 23, 2021 8:02:30 PM",
    "isNewlyAdded": false,
    "isActive": true,
    "isDealsEnabled": false,
    "quantity": 0
  },
  {
    "id": 14999,
    "code": "Market Basket Ibuprofen Coated Tablets 200 mg",
    "desc": "Market Basket Ibuprofen Coated Tablets 200 mg",
    "shortDesc": "Market Basket Ibuprofen Coated Tablets 200 mg",
    "tags": [
      "Muscles, Joints & Pain Relief"
    ],
    "categories": [
      {
        "code": "Personal Care",
        "desc": "Personal Care"
      }
    ],
    "subCategories": [
      {
        "code": "First Aid & Healthcare",
        "desc": "First Aid & Healthcare"
      }
    ],
    "brands": [
      {
        "code": "Market Basket",
        "desc": "Market Basket"
      }
    ],
    "price": {
      "basePrice": 4.24,
      "discountPrice": 4.24
    },
    "type": {
      "code": "Muscles, Joints & Pain Relief",
      "desc": "Muscles, Joints & Pain Relief"
    },
    "weight": "50 count",
    "UpcCode": "",
    "tax": 1.0,
    "spiceLevel": "",
    "aiselNo": "13",
    "store": "Market Basket",
    "weightType": "50 count",
    "imageName": "Market Basket.jpg",
    "defaultImage": "Market Basket.jpg",
    "updatedTimestamp": "Jan 23, 2021 8:02:30 PM",
    "createdTimestamp": "Jan 23, 2021 8:02:30 PM",
    "isNewlyAdded": false,
    "isActive": true,
    "isDealsEnabled": false,
    "quantity": 0
  },
  {
    "id": 3933,
    "code": "Scotch Bonnet Peppers",
    "desc": "Scotch Bonnet Peppers",
    "shortDesc": "Scotch Bonnet Peppers",
    "tags": [
      "Pepper"
    ],
    "categories": [
      {
        "code": "Fresh Produce",
        "desc": "Fresh Produce"
      }
    ],
    "subCategories": [
      {
        "code": "Fresh Vegetables",
        "desc": "Fresh Vegetables"
      }
    ],
    "brands": [
      {
        "code": "Market Basket",
        "desc": "Market Basket"
      }
    ],
    "price": {
      "basePrice": 6.99,
      "discountPrice": 6.99
    },
    "type": {
      "code": "Pepper",
      "desc": "Pepper"
    },
    "weight": "0.5 lb",
    "UpcCode": "",
    "tax": 0.0,
    "spiceLevel": "",
    "aiselNo": "20",
    "store": "Market Basket",
    "weightType": "0.5 lb",
    "imageName": "FP84.jpg",
    "defaultImage": "FP84.jpg",
    "updatedTimestamp": "Jan 23, 2021 8:02:30 PM",
    "createdTimestamp": "Jan 23, 2021 8:02:30 PM",
    "isNewlyAdded": false,
    "isActive": true,
    "isDealsEnabled": false,
    "quantity": 0
  },
  {
    "id": 3837,
    "code": "Auerpak Organic Shallots",
    "desc": "Auerpak Organic Shallots",
    "shortDesc": "Auerpak Organic Shallots",
    "tags": [
      "Shallots"
    ],
    "categories": [
      {
        "code": "Fresh Produce",
        "desc": "Fresh Produce"
      }
    ],
    "subCategories": [
      {
        "code": "Fresh Organic Vegetables",
        "desc": "Fresh Organic Vegetables"
      }
    ],
    "brands": [
      {
        "code": "Auerpak",
        "desc": "Auerpak"
      }
    ],
    "price": {
      "basePrice": 2.86,
      "discountPrice": 2.86
    },
    "type": {
      "code": "Shallots",
      "desc": "Shallots"
    },
    "weight": "3 oz",
    "UpcCode": "",
    "tax": 0.0,
    "spiceLevel": "",
    "aiselNo": "20",
    "store": "Market Basket",
    "weightType": "3 oz",
    "imageName": "32.jpg",
    "defaultImage": "32.jpg",
    "updatedTimestamp": "Jan 23, 2021 8:02:30 PM",
    "createdTimestamp": "Jan 23, 2021 8:02:30 PM",
    "isNewlyAdded": false,
    "isActive": true,
    "isDealsEnabled": false,
    "quantity": 0
  },
  {
    "id": 10040,
    "code": "Friendly's Premium Ice Cream Classic Chocolate",
    "desc": "Friendly's Premium Ice Cream Classic Chocolate",
    "shortDesc": "Friendly's Premium Ice Cream Classic Chocolate",
    "tags": [
      "Ice Cream & Ice"
    ],
    "categories": [
      {
        "code": "Frozen Food",
        "desc": "Frozen Food"
      }
    ],
    "subCategories": [
      {
        "code": "Ice Cream & Ice",
        "desc": "Ice Cream & Ice"
      }
    ],
    "brands": [
      {
        "code": "Friendly's",
        "desc": "Friendly's"
      }
    ],
    "price": {
      "basePrice": 3.69,
      "discountPrice": 3.69
    },
    "type": {
      "code": "Ice Cream & Ice",
      "desc": "Ice Cream & Ice"
    },
    "weight": "1.5 quart",
    "UpcCode": "",
    "tax": 0.0,
    "spiceLevel": "",
    "aiselNo": "21",
    "store": "Market Basket",
    "weightType": "1.5 quart",
    "imageName": "3058.jpg",
    "defaultImage": "3058.jpg",
    "updatedTimestamp": "Jan 23, 2021 8:02:30 PM",
    "createdTimestamp": "Jan 23, 2021 8:02:30 PM",
    "isNewlyAdded": false,
    "isActive": true,
    "isDealsEnabled": false,
    "quantity": 0
  },
  {
    "id": 3734,
    "code": "Edible Gardens Basil, Bag",
    "desc": "Edible Gardens Basil, Bag",
    "shortDesc": "Edible Gardens Basil, Bag",
    "tags": [
      "Basil"
    ],
    "categories": [
      {
        "code": "Fresh Produce",
        "desc": "Fresh Produce"
      }
    ],
    "subCategories": [
      {
        "code": "Fresh Herbs",
        "desc": "Fresh Herbs"
      }
    ],
    "brands": [
      {
        "code": "Edible Gardens",
        "desc": "Edible Gardens"
      }
    ],
    "price": {
      "basePrice": 8.5,
      "discountPrice": 8.5
    },
    "type": {
      "code": "Basil",
      "desc": "Basil"
    },
    "weight": "1 bag(s)",
    "UpcCode": "",
    "tax": 0.0,
    "spiceLevel": "",
    "aiselNo": "20",
    "store": "Market Basket",
    "weightType": "1 bag(s)",
    "imageName": "14555.jpg",
    "defaultImage": "14555.jpg",
    "updatedTimestamp": "Jan 23, 2021 8:02:30 PM",
    "createdTimestamp": "Jan 23, 2021 8:02:30 PM",
    "isNewlyAdded": false,
    "isActive": true,
    "isDealsEnabled": false,
    "quantity": 0
  },
  {
    "id": 3978,
    "code": "Jicama",
    "desc": "Jicama",
    "shortDesc": "Jicama",
    "tags": [
      "Speciality Produce"
    ],
    "categories": [
      {
        "code": "Fresh Produce",
        "desc": "Fresh Produce"
      }
    ],
    "subCategories": [
      {
        "code": "Fresh Vegetables",
        "desc": "Fresh Vegetables"
      }
    ],
    "brands": [
      {
        "code": "Market Basket",
        "desc": "Market Basket"
      }
    ],
    "price": {
      "basePrice": 8.21,
      "discountPrice": 8.21
    },
    "type": {
      "code": "Speciality Produce",
      "desc": "Speciality Produce"
    },
    "weight": "1 pack",
    "UpcCode": "",
    "tax": 0.0,
    "spiceLevel": "",
    "aiselNo": "20",
    "store": "Market Basket",
    "weightType": "1 pack",
    "imageName": "14450.jpg",
    "defaultImage": "14450.jpg",
    "updatedTimestamp": "Jan 23, 2021 8:02:30 PM",
    "createdTimestamp": "Jan 23, 2021 8:02:30 PM",
    "isNewlyAdded": false,
    "isActive": true,
    "isDealsEnabled": false,
    "quantity": 0
  },
  {
    "id": 5015,
    "code": "Utz Caramel Popcorn With Peanuts",
    "desc": "Utz Caramel Popcorn With Peanuts",
    "shortDesc": "Utz Caramel Popcorn With Peanuts",
    "tags": [
      "Ready Popcorn"
    ],
    "categories": [
      {
        "code": "Chips, Cookies & Snacks",
        "desc": "Chips, Cookies & Snacks"
      }
    ],
    "subCategories": [
      {
        "code": "Chips & Fruit Snacks",
        "desc": "Chips & Fruit Snacks"
      }
    ],
    "brands": [
      {
        "code": "Utz",
        "desc": "Utz"
      }
    ],
    "price": {
      "basePrice": 3.91,
      "discountPrice": 3.91
    },
    "type": {
      "code": "Ready Popcorn",
      "desc": "Ready Popcorn"
    },
    "weight": "7 oz",
    "UpcCode": "",
    "tax": 0.0,
    "spiceLevel": "",
    "aiselNo": "0",
    "store": "Market Basket",
    "weightType": "7 oz",
    "imageName": "No Image.jpg",
    "defaultImage": "No Image.jpg",
    "updatedTimestamp": "Jan 23, 2021 8:02:30 PM",
    "createdTimestamp": "Jan 23, 2021 8:02:30 PM",
    "isNewlyAdded": false,
    "isActive": true,
    "isDealsEnabled": false,
    "quantity": 0
  },
  {
    "id": 8055,
    "code": "Market Basket Organic Chicken Bone Cooking Broth",
    "desc": "Market Basket Organic Chicken Bone Cooking Broth",
    "shortDesc": "Market Basket Organic Chicken Bone Cooking Broth",
    "tags": [
      "Soup, Broth & Bouillon"
    ],
    "categories": [
      {
        "code": "Cooking Needs",
        "desc": "Cooking Needs"
      }
    ],
    "subCategories": [
      {
        "code": "Canned Food",
        "desc": "Canned Food"
      }
    ],
    "brands": [
      {
        "code": "Market Basket",
        "desc": "Market Basket"
      }
    ],
    "price": {
      "basePrice": 4.89,
      "discountPrice": 4.89
    },
    "type": {
      "code": "Soup, Broth & Bouillon",
      "desc": "Soup, Broth & Bouillon"
    },
    "weight": "1 ct",
    "UpcCode": "",
    "tax": 0.0,
    "spiceLevel": "",
    "aiselNo": "2",
    "store": "Market Basket",
    "weightType": "1 ct",
    "imageName": "Market Basket.jpg",
    "defaultImage": "Market Basket.jpg",
    "updatedTimestamp": "Jan 23, 2021 8:02:30 PM",
    "createdTimestamp": "Jan 23, 2021 8:02:30 PM",
    "isNewlyAdded": false,
    "isActive": true,
    "isDealsEnabled": false,
    "quantity": 0
  },
  {
    "id": 296,
    "code": "OXO Corkscrew",
    "desc": "OXO Corkscrew",
    "shortDesc": "OXO Corkscrew",
    "tags": [
      "Corkscrew"
    ],
    "categories": [
      {
        "code": "Kitchen & Cleaning",
        "desc": "Kitchen & Cleaning"
      }
    ],
    "subCategories": [
      {
        "code": "Food Storage & Kitchen Supplies",
        "desc": "Food Storage & Kitchen Supplies"
      }
    ],
    "brands": [
      {
        "code": "OXO",
        "desc": "OXO"
      }
    ],
    "price": {
      "basePrice": 9.79,
      "discountPrice": 9.79
    },
    "type": {
      "code": "Corkscrew",
      "desc": "Corkscrew"
    },
    "weight": "1 count",
    "UpcCode": "",
    "tax": 1.0,
    "spiceLevel": "",
    "aiselNo": "12",
    "store": "Market Basket",
    "weightType": "1 count",
    "imageName": "16865.jpg",
    "defaultImage": "16865.jpg",
    "updatedTimestamp": "Jan 23, 2021 8:02:30 PM",
    "createdTimestamp": "Jan 23, 2021 8:02:30 PM",
    "isNewlyAdded": false,
    "isActive": true,
    "isDealsEnabled": false,
    "quantity": 0
  },
  {
    "id": 7736,
    "code": "Eden Organic Black Beans No Salt Added",
    "desc": "Eden Organic Black Beans No Salt Added",
    "shortDesc": "Eden Organic Black Beans No Salt Added",
    "tags": [
      "Canned Meals & Beans"
    ],
    "categories": [
      {
        "code": "Cooking Needs",
        "desc": "Cooking Needs"
      }
    ],
    "subCategories": [
      {
        "code": "Canned Food",
        "desc": "Canned Food"
      }
    ],
    "brands": [
      {
        "code": "Eden",
        "desc": "Eden"
      }
    ],
    "price": {
      "basePrice": 3.09,
      "discountPrice": 3.09
    },
    "type": {
      "code": "Canned Meals & Beans",
      "desc": "Canned Meals & Beans"
    },
    "weight": "15 oz",
    "UpcCode": "",
    "tax": 0.0,
    "spiceLevel": "",
    "aiselNo": "2",
    "store": "Market Basket",
    "weightType": "15 oz",
    "imageName": "17137.jpg",
    "defaultImage": "17137.jpg",
    "updatedTimestamp": "Jan 23, 2021 8:02:30 PM",
    "createdTimestamp": "Jan 23, 2021 8:02:30 PM",
    "isNewlyAdded": false,
    "isActive": true,
    "isDealsEnabled": false,
    "quantity": 0
  },
  {
    "id": 5408,
    "code": "Blue Diamond Nut Thins Artisan Nut Thins Flax Seeds",
    "desc": "Blue Diamond Nut Thins Artisan Nut Thins Flax Seeds",
    "shortDesc": "Blue Diamond Nut Thins Artisan Nut Thins Flax Seeds",
    "tags": [
      "Crackers"
    ],
    "categories": [
      {
        "code": "Chips, Cookies & Snacks",
        "desc": "Chips, Cookies & Snacks"
      }
    ],
    "subCategories": [
      {
        "code": "Cookies & Crackers",
        "desc": "Cookies & Crackers"
      }
    ],
    "brands": [
      {
        "code": "Blue Diamond",
        "desc": "Blue Diamond"
      }
    ],
    "price": {
      "basePrice": 4.69,
      "discountPrice": 4.69
    },
    "type": {
      "code": "Crackers",
      "desc": "Crackers"
    },
    "weight": "4.25 oz",
    "UpcCode": "",
    "tax": 0.0,
    "spiceLevel": "",
    "aiselNo": "6",
    "store": "Market Basket",
    "weightType": "4.25 oz",
    "imageName": "No Image.jpg",
    "defaultImage": "No Image.jpg",
    "updatedTimestamp": "Jan 23, 2021 8:02:30 PM",
    "createdTimestamp": "Jan 23, 2021 8:02:30 PM",
    "isNewlyAdded": false,
    "isActive": true,
    "isDealsEnabled": false,
    "quantity": 0
  },
  {
    "id": 8725,
    "code": "Drews Salsa, Thick & Chunky, Medium, Organic, Jar",
    "desc": "Drews Salsa, Thick & Chunky, Medium, Organic, Jar",
    "shortDesc": "Drews Salsa, Thick & Chunky, Medium, Organic, Jar",
    "tags": [
      "Preserved Dips & Salsa"
    ],
    "categories": [
      {
        "code": "Condiments & Dressings",
        "desc": "Condiments & Dressings"
      }
    ],
    "subCategories": [
      {
        "code": "Preserved Dips & Spreads",
        "desc": "Preserved Dips & Spreads"
      }
    ],
    "brands": [
      {
        "code": "Drew's",
        "desc": "Drew's"
      }
    ],
    "price": {
      "basePrice": 4.29,
      "discountPrice": 4.29
    },
    "type": {
      "code": "Preserved Dips & Salsa",
      "desc": "Preserved Dips & Salsa"
    },
    "weight": "12 oz",
    "UpcCode": "",
    "tax": 0.0,
    "spiceLevel": "",
    "aiselNo": "1",
    "store": "Market Basket",
    "weightType": "12 oz",
    "imageName": "15607.jpg",
    "defaultImage": "15607.jpg",
    "updatedTimestamp": "Jan 23, 2021 8:02:30 PM",
    "createdTimestamp": "Jan 23, 2021 8:02:30 PM",
    "isNewlyAdded": false,
    "isActive": true,
    "isDealsEnabled": false,
    "quantity": 0
  },
  {
    "id": 9176,
    "code": "Ore Ida Onion Ringers",
    "desc": "Ore Ida Onion Ringers",
    "shortDesc": "Ore Ida Onion Ringers",
    "tags": [
      "Frozen Appetizers & Sides"
    ],
    "categories": [
      {
        "code": "Frozen Food",
        "desc": "Frozen Food"
      }
    ],
    "subCategories": [
      {
        "code": "Frozen Dinners & Entrees",
        "desc": "Frozen Dinners & Entrees"
      }
    ],
    "brands": [
      {
        "code": "Ore-Ida",
        "desc": "Ore-Ida"
      }
    ],
    "price": {
      "basePrice": 3.59,
      "discountPrice": 3.59
    },
    "type": {
      "code": "Frozen Appetizers & Sides",
      "desc": "Frozen Appetizers & Sides"
    },
    "weight": "20 oz",
    "UpcCode": "",
    "tax": 0.0,
    "spiceLevel": "",
    "aiselNo": "18",
    "store": "Market Basket",
    "weightType": "20 oz",
    "imageName": "2574.jpg",
    "defaultImage": "2574.jpg",
    "updatedTimestamp": "Jan 23, 2021 8:02:30 PM",
    "createdTimestamp": "Jan 23, 2021 8:02:30 PM",
    "isNewlyAdded": false,
    "isActive": true,
    "isDealsEnabled": false,
    "quantity": 0
  },
  {
    "id": 14638,
    "code": "Twinings of London Decaffeinated Green Tea Bags",
    "desc": "Twinings of London Decaffeinated Green Tea Bags",
    "shortDesc": "Twinings of London Decaffeinated Green Tea Bags",
    "tags": [
      "Tea"
    ],
    "categories": [
      {
        "code": "Breakfast & Dairy",
        "desc": "Breakfast & Dairy"
      }
    ],
    "subCategories": [
      {
        "code": "Tea & Coffee",
        "desc": "Tea & Coffee"
      }
    ],
    "brands": [
      {
        "code": "Twinings",
        "desc": "Twinings"
      }
    ],
    "price": {
      "basePrice": 3.69,
      "discountPrice": 3.69
    },
    "type": {
      "code": "Tea",
      "desc": "Tea"
    },
    "weight": "20 count",
    "UpcCode": "",
    "tax": 0.0,
    "spiceLevel": "",
    "aiselNo": "8",
    "store": "Market Basket",
    "weightType": "20 count",
    "imageName": "3450.jpg",
    "defaultImage": "3450.jpg",
    "updatedTimestamp": "Jan 23, 2021 8:02:30 PM",
    "createdTimestamp": "Jan 23, 2021 8:02:30 PM",
    "isNewlyAdded": false,
    "isActive": true,
    "isDealsEnabled": false,
    "quantity": 0
  },
  {
    "id": 9954,
    "code": "Ben & Jerry's Ice Cream Pistachio Pistachio",
    "desc": "Ben & Jerry's Ice Cream Pistachio Pistachio",
    "shortDesc": "Ben & Jerry's Ice Cream Pistachio Pistachio",
    "tags": [
      "Ice Cream & Ice"
    ],
    "categories": [
      {
        "code": "Frozen Food",
        "desc": "Frozen Food"
      }
    ],
    "subCategories": [
      {
        "code": "Ice Cream & Ice",
        "desc": "Ice Cream & Ice"
      }
    ],
    "brands": [
      {
        "code": "Ben & Jerry's",
        "desc": "Ben & Jerry's"
      }
    ],
    "price": {
      "basePrice": 4.29,
      "discountPrice": 4.29
    },
    "type": {
      "code": "Ice Cream & Ice",
      "desc": "Ice Cream & Ice"
    },
    "weight": "1 pint",
    "UpcCode": "",
    "tax": 0.0,
    "spiceLevel": "",
    "aiselNo": "21",
    "store": "Market Basket",
    "weightType": "1 pint",
    "imageName": "18012.jpg",
    "defaultImage": "18012.jpg",
    "updatedTimestamp": "Jan 23, 2021 8:02:30 PM",
    "createdTimestamp": "Jan 23, 2021 8:02:30 PM",
    "isNewlyAdded": false,
    "isActive": true,
    "isDealsEnabled": false,
    "quantity": 0
  },
  {
    "id": 14390,
    "code": "Green Mountain Coffee Ground Flavored Coffee Hazelnut",
    "desc": "Green Mountain Coffee Ground Flavored Coffee Hazelnut",
    "shortDesc": "Green Mountain Coffee Ground Flavored Coffee Hazelnut",
    "tags": [
      "Coffee"
    ],
    "categories": [
      {
        "code": "Breakfast & Dairy",
        "desc": "Breakfast & Dairy"
      }
    ],
    "subCategories": [
      {
        "code": "Tea & Coffee",
        "desc": "Tea & Coffee"
      }
    ],
    "brands": [
      {
        "code": "Green Mountain",
        "desc": "Green Mountain"
      }
    ],
    "price": {
      "basePrice": 8.59,
      "discountPrice": 8.59
    },
    "type": {
      "code": "Coffee",
      "desc": "Coffee"
    },
    "weight": "12 oz",
    "UpcCode": "",
    "tax": 0.0,
    "spiceLevel": "",
    "aiselNo": "8",
    "store": "Market Basket",
    "weightType": "12 oz",
    "imageName": "3362.jpg",
    "defaultImage": "3362.jpg",
    "updatedTimestamp": "Jan 23, 2021 8:02:30 PM",
    "createdTimestamp": "Jan 23, 2021 8:02:30 PM",
    "isNewlyAdded": false,
    "isActive": true,
    "isDealsEnabled": false,
    "quantity": 0
  },
  {
    "id": 4946,
    "code": "Snyder's of Hanover Pretzels, Sourdough Hard Pretzels",
    "desc": "Snyder's of Hanover Pretzels, Sourdough Hard Pretzels",
    "shortDesc": "Snyder's of Hanover Pretzels, Sourdough Hard Pretzels",
    "tags": [
      "Chips & Pretzels"
    ],
    "categories": [
      {
        "code": "Chips, Cookies & Snacks",
        "desc": "Chips, Cookies & Snacks"
      }
    ],
    "subCategories": [
      {
        "code": "Chips & Fruit Snacks",
        "desc": "Chips & Fruit Snacks"
      }
    ],
    "brands": [
      {
        "code": "Snyder's of Hanover",
        "desc": "Snyder's of Hanover"
      }
    ],
    "price": {
      "basePrice": 3.91,
      "discountPrice": 3.91
    },
    "type": {
      "code": "Chips & Pretzels",
      "desc": "Chips & Pretzels"
    },
    "weight": "16 oz",
    "UpcCode": "",
    "tax": 0.0,
    "spiceLevel": "",
    "aiselNo": "0",
    "store": "Market Basket",
    "weightType": "16 oz",
    "imageName": "906.jpg",
    "defaultImage": "906.jpg",
    "updatedTimestamp": "Jan 23, 2021 8:02:30 PM",
    "createdTimestamp": "Jan 23, 2021 8:02:30 PM",
    "isNewlyAdded": false,
    "isActive": true,
    "isDealsEnabled": false,
    "quantity": 0
  },
  {
    "id": 5665,
    "code": "Orbit White Spearmint Sugarfree Gum",
    "desc": "Orbit White Spearmint Sugarfree Gum",
    "shortDesc": "Orbit White Spearmint Sugarfree Gum",
    "tags": [
      "Mint & Gum"
    ],
    "categories": [
      {
        "code": "Chips, Cookies & Snacks",
        "desc": "Chips, Cookies & Snacks"
      }
    ],
    "subCategories": [
      {
        "code": "Candy & Chocolates",
        "desc": "Candy & Chocolates"
      }
    ],
    "brands": [
      {
        "code": "Orbit",
        "desc": "Orbit"
      }
    ],
    "price": {
      "basePrice": 3.09,
      "discountPrice": 3.09
    },
    "type": {
      "code": "Mint & Gum",
      "desc": "Mint & Gum"
    },
    "weight": "3 ct",
    "UpcCode": "",
    "tax": 0.0,
    "spiceLevel": "",
    "aiselNo": "3",
    "store": "Market Basket",
    "weightType": "3 ct",
    "imageName": "1494.jpg",
    "defaultImage": "1494.jpg",
    "updatedTimestamp": "Jan 23, 2021 8:02:30 PM",
    "createdTimestamp": "Jan 23, 2021 8:02:30 PM",
    "isNewlyAdded": false,
    "isActive": true,
    "isDealsEnabled": false,
    "quantity": 0
  },
  {
    "id": 8566,
    "code": "Pure Wesson Best Blend Oil",
    "desc": "Pure Wesson Best Blend Oil",
    "shortDesc": "Pure Wesson Best Blend Oil",
    "tags": [
      "Oils & Vinegars"
    ],
    "categories": [
      {
        "code": "Cooking Needs",
        "desc": "Cooking Needs"
      }
    ],
    "subCategories": [
      {
        "code": "Oils & Vinegars",
        "desc": "Oils & Vinegars"
      }
    ],
    "brands": [
      {
        "code": "Pure Wesson",
        "desc": "Pure Wesson"
      }
    ],
    "price": {
      "basePrice": 4.29,
      "discountPrice": 4.29
    },
    "type": {
      "code": "Oils & Vinegars",
      "desc": "Oils & Vinegars"
    },
    "weight": "48 fl oz",
    "UpcCode": "",
    "tax": 0.0,
    "spiceLevel": "",
    "aiselNo": "2",
    "store": "Market Basket",
    "weightType": "48 fl oz",
    "imageName": "1826.jpg",
    "defaultImage": "1826.jpg",
    "updatedTimestamp": "Jan 23, 2021 8:02:30 PM",
    "createdTimestamp": "Jan 23, 2021 8:02:30 PM",
    "isNewlyAdded": false,
    "isActive": true,
    "isDealsEnabled": false,
    "quantity": 0
  },
  {
    "id": 14424,
    "code": "Melitta Cafe de Europa Classique Supreme Medium Roast Ground Coffee",
    "desc": "Melitta Cafe de Europa Classique Supreme Medium Roast Ground Coffee",
    "shortDesc": "Melitta Cafe de Europa Classique Supreme Medium Roast Ground Coffee",
    "tags": [
      "Coffee"
    ],
    "categories": [
      {
        "code": "Breakfast & Dairy",
        "desc": "Breakfast & Dairy"
      }
    ],
    "subCategories": [
      {
        "code": "Tea & Coffee",
        "desc": "Tea & Coffee"
      }
    ],
    "brands": [
      {
        "code": "Melitta",
        "desc": "Melitta"
      }
    ],
    "price": {
      "basePrice": 6.09,
      "discountPrice": 6.09
    },
    "type": {
      "code": "Coffee",
      "desc": "Coffee"
    },
    "weight": "11 oz",
    "UpcCode": "",
    "tax": 0.0,
    "spiceLevel": "",
    "aiselNo": "8",
    "store": "Market Basket",
    "weightType": "11 oz",
    "imageName": "16276.jpg",
    "defaultImage": "16276.jpg",
    "updatedTimestamp": "Jan 23, 2021 8:02:30 PM",
    "createdTimestamp": "Jan 23, 2021 8:02:30 PM",
    "isNewlyAdded": false,
    "isActive": true,
    "isDealsEnabled": false,
    "quantity": 0
  },
  {
    "id": 15163,
    "code": "Colgate Fluoride Toothpaste Baking Soda & Peroxide Whitening Frosty Mint Stripe",
    "desc": "Colgate Fluoride Toothpaste Baking Soda & Peroxide Whitening Frosty Mint Stripe",
    "shortDesc": "Colgate Fluoride Toothpaste Baking Soda & Peroxide Whitening Frosty Mint Stripe",
    "tags": [
      "Oral Hygiene"
    ],
    "categories": [
      {
        "code": "Personal Care",
        "desc": "Personal Care"
      }
    ],
    "subCategories": [
      {
        "code": "Personal Needs",
        "desc": "Personal Needs"
      }
    ],
    "brands": [
      {
        "code": "Colgate",
        "desc": "Colgate"
      }
    ],
    "price": {
      "basePrice": 2.86,
      "discountPrice": 2.86
    },
    "type": {
      "code": "Oral Hygiene",
      "desc": "Oral Hygiene"
    },
    "weight": "6.4 oz",
    "UpcCode": "",
    "tax": 1.0,
    "spiceLevel": "",
    "aiselNo": "13",
    "store": "Market Basket",
    "weightType": "6.4 oz",
    "imageName": "6393.jpg",
    "defaultImage": "6393.jpg",
    "updatedTimestamp": "Jan 23, 2021 8:02:30 PM",
    "createdTimestamp": "Jan 23, 2021 8:02:30 PM",
    "isNewlyAdded": false,
    "isActive": true,
    "isDealsEnabled": false,
    "quantity": 0
  },
  {
    "id": 4214,
    "code": "Split Tender Chicken Breast",
    "desc": "Split Tender Chicken Breast",
    "shortDesc": "Split Tender Chicken Breast",
    "tags": [
      "Chicken Breast"
    ],
    "categories": [
      {
        "code": "Meat & Seafood",
        "desc": "Meat & Seafood"
      }
    ],
    "subCategories": [
      {
        "code": "Packaged Meat & Seafood",
        "desc": "Packaged Meat & Seafood"
      }
    ],
    "brands": [
      {
        "code": "Split Tender",
        "desc": "Split Tender"
      }
    ],
    "price": {
      "basePrice": 1.89,
      "discountPrice": 1.89
    },
    "type": {
      "code": "Chicken Breast",
      "desc": "Chicken Breast"
    },
    "weight": "1 lb",
    "UpcCode": "",
    "tax": 0.0,
    "spiceLevel": "",
    "aiselNo": "22",
    "store": "Market Basket",
    "weightType": "1 lb",
    "imageName": "16710.jpg",
    "defaultImage": "16710.jpg",
    "updatedTimestamp": "Jan 23, 2021 8:02:30 PM",
    "createdTimestamp": "Jan 23, 2021 8:02:30 PM",
    "isNewlyAdded": false,
    "isActive": true,
    "isDealsEnabled": false,
    "quantity": 0
  },
  {
    "id": 4138,
    "code": "Market Basket Minced Clams",
    "desc": "Market Basket Minced Clams",
    "shortDesc": "Market Basket Minced Clams",
    "tags": [
      "Clams"
    ],
    "categories": [
      {
        "code": "Meat & Seafood",
        "desc": "Meat & Seafood"
      }
    ],
    "subCategories": [
      {
        "code": "Meat & Seafood Counter",
        "desc": "Meat & Seafood Counter"
      }
    ],
    "brands": [
      {
        "code": "Market Basket",
        "desc": "Market Basket"
      }
    ],
    "price": {
      "basePrice": 5.79,
      "discountPrice": 5.79
    },
    "type": {
      "code": "Clams",
      "desc": "Clams"
    },
    "weight": "Approx: 0.95 lb at $6.09/lb",
    "UpcCode": "",
    "tax": 0.0,
    "spiceLevel": "",
    "aiselNo": "22",
    "store": "Market Basket",
    "weightType": "Approx: 0.95 lb at $6.09/lb",
    "imageName": "Market Basket.jpg",
    "defaultImage": "Market Basket.jpg",
    "updatedTimestamp": "Jan 23, 2021 8:02:30 PM",
    "createdTimestamp": "Jan 23, 2021 8:02:30 PM",
    "isNewlyAdded": false,
    "isActive": true,
    "isDealsEnabled": false,
    "quantity": 0
  },
  {
    "id": 14749,
    "code": "Herbal Essences Moisture Boost Hydralicious Conditioner",
    "desc": "Herbal Essences Moisture Boost Hydralicious Conditioner",
    "shortDesc": "Herbal Essences Moisture Boost Hydralicious Conditioner",
    "tags": [
      "Hair Care"
    ],
    "categories": [
      {
        "code": "Personal Care",
        "desc": "Personal Care"
      }
    ],
    "subCategories": [
      {
        "code": "Body Wash, Soap & Hair Care",
        "desc": "Body Wash, Soap & Hair Care"
      }
    ],
    "brands": [
      {
        "code": "Herbal Essences",
        "desc": "Herbal Essences"
      }
    ],
    "price": {
      "basePrice": 4.82,
      "discountPrice": 4.82
    },
    "type": {
      "code": "Hair Care",
      "desc": "Hair Care"
    },
    "weight": "10.1 fl oz",
    "UpcCode": "",
    "tax": 1.0,
    "spiceLevel": "",
    "aiselNo": "13",
    "store": "Market Basket",
    "weightType": "10.1 fl oz",
    "imageName": "6590.jpg",
    "defaultImage": "6590.jpg",
    "updatedTimestamp": "Jan 23, 2021 8:02:30 PM",
    "createdTimestamp": "Jan 23, 2021 8:02:30 PM",
    "isNewlyAdded": false,
    "isActive": true,
    "isDealsEnabled": false,
    "quantity": 0
  },
  {
    "id": 6630,
    "code": "Oakhurst Orange Juice",
    "desc": "Oakhurst Orange Juice",
    "shortDesc": "Oakhurst Orange Juice",
    "tags": [
      "Refrigerated Drinks"
    ],
    "categories": [
      {
        "code": "Beverages & Juices",
        "desc": "Beverages & Juices"
      }
    ],
    "subCategories": [
      {
        "code": "Juices & Refrigerated Drinks",
        "desc": "Juices & Refrigerated Drinks"
      }
    ],
    "brands": [
      {
        "code": "Oakhurst",
        "desc": "Oakhurst"
      }
    ],
    "price": {
      "basePrice": 1.89,
      "discountPrice": 1.89
    },
    "type": {
      "code": "Refrigerated Drinks",
      "desc": "Refrigerated Drinks"
    },
    "weight": "32 fl oz",
    "UpcCode": "",
    "tax": 0.0,
    "spiceLevel": "",
    "aiselNo": "1",
    "store": "Market Basket",
    "weightType": "32 fl oz",
    "imageName": "No Image.jpg",
    "defaultImage": "No Image.jpg",
    "updatedTimestamp": "Jan 23, 2021 8:02:30 PM",
    "createdTimestamp": "Jan 23, 2021 8:02:30 PM",
    "isNewlyAdded": false,
    "isActive": true,
    "isDealsEnabled": false,
    "quantity": 0
  },
  {
    "id": 494,
    "code": "Tide Simply Clean& Fresh Daybreak Fresh 22 Loads Laundry Detergent",
    "desc": "Tide Simply Clean& Fresh Daybreak Fresh 22 Loads Laundry Detergent",
    "shortDesc": "Tide Simply Clean& Fresh Daybreak Fresh 22 Loads Laundry Detergent",
    "tags": [
      "Laundry Detergent"
    ],
    "categories": [
      {
        "code": "Laundry & Paper Goods",
        "desc": "Laundry & Paper Goods"
      }
    ],
    "subCategories": [
      {
        "code": "Laundry",
        "desc": "Laundry"
      }
    ],
    "brands": [
      {
        "code": "Tide",
        "desc": "Tide"
      }
    ],
    "price": {
      "basePrice": 4.36,
      "discountPrice": 4.36
    },
    "type": {
      "code": "Laundry Detergent",
      "desc": "Laundry Detergent"
    },
    "weight": "31 fl oz",
    "UpcCode": "",
    "tax": 1.0,
    "spiceLevel": "",
    "aiselNo": "15",
    "store": "Market Basket",
    "weightType": "31 fl oz",
    "imageName": "No Image.jpg",
    "defaultImage": "No Image.jpg",
    "updatedTimestamp": "Jan 23, 2021 8:02:30 PM",
    "createdTimestamp": "Jan 23, 2021 8:02:30 PM",
    "isNewlyAdded": false,
    "isActive": true,
    "isDealsEnabled": false,
    "quantity": 0
  },
  {
    "id": 5948,
    "code": "Finest Call Premium Sweet & Sour Mix",
    "desc": "Finest Call Premium Sweet & Sour Mix",
    "shortDesc": "Finest Call Premium Sweet & Sour Mix",
    "tags": [
      "Cocoa & Drink Mixes"
    ],
    "categories": [
      {
        "code": "Beverages & Juices",
        "desc": "Beverages & Juices"
      }
    ],
    "subCategories": [
      {
        "code": "Cocoa & Drink Mixes",
        "desc": "Cocoa & Drink Mixes"
      }
    ],
    "brands": [
      {
        "code": "Finest Call",
        "desc": "Finest Call"
      }
    ],
    "price": {
      "basePrice": 4.99,
      "discountPrice": 4.99
    },
    "type": {
      "code": "Cocoa & Drink Mixes",
      "desc": "Cocoa & Drink Mixes"
    },
    "weight": "33.8 fl oz",
    "UpcCode": "",
    "tax": 0.0,
    "spiceLevel": "",
    "aiselNo": "17",
    "store": "Market Basket",
    "weightType": "33.8 fl oz",
    "imageName": "No Image.jpg",
    "defaultImage": "No Image.jpg",
    "updatedTimestamp": "Jan 23, 2021 8:02:29 PM",
    "createdTimestamp": "Jan 23, 2021 8:02:29 PM",
    "isNewlyAdded": false,
    "isActive": true,
    "isDealsEnabled": false,
    "quantity": 0
  },
  {
    "id": 5078,
    "code": "Market Basket Lemon Creme Cookies",
    "desc": "Market Basket Lemon Creme Cookies",
    "shortDesc": "Market Basket Lemon Creme Cookies",
    "tags": [
      "Cookies & Cakes"
    ],
    "categories": [
      {
        "code": "Chips, Cookies & Snacks",
        "desc": "Chips, Cookies & Snacks"
      }
    ],
    "subCategories": [
      {
        "code": "Cookies & Crackers",
        "desc": "Cookies & Crackers"
      }
    ],
    "brands": [
      {
        "code": "Market Basket",
        "desc": "Market Basket"
      }
    ],
    "price": {
      "basePrice": 2.34,
      "discountPrice": 2.34
    },
    "type": {
      "code": "Cookies & Cakes",
      "desc": "Cookies & Cakes"
    },
    "weight": "25 oz",
    "UpcCode": "",
    "tax": 0.0,
    "spiceLevel": "",
    "aiselNo": "6",
    "store": "Market Basket",
    "weightType": "25 oz",
    "imageName": "Market Basket.jpg",
    "defaultImage": "Market Basket.jpg",
    "updatedTimestamp": "Jan 23, 2021 8:02:30 PM",
    "createdTimestamp": "Jan 23, 2021 8:02:30 PM",
    "isNewlyAdded": false,
    "isActive": true,
    "isDealsEnabled": false,
    "quantity": 0
  },
  {
    "id": 10448,
    "code": "Suzie's Quinoa, Tex Mex",
    "desc": "Suzie's Quinoa, Tex Mex",
    "shortDesc": "Suzie's Quinoa, Tex Mex",
    "tags": [
      "Grains, Rice & Dried Goods"
    ],
    "categories": [
      {
        "code": "Cooking Needs",
        "desc": "Cooking Needs"
      }
    ],
    "subCategories": [
      {
        "code": "Rice & Grains",
        "desc": "Rice & Grains"
      }
    ],
    "brands": [
      {
        "code": "Suzie's Quinoa",
        "desc": "Suzie's Quinoa"
      }
    ],
    "price": {
      "basePrice": 3.69,
      "discountPrice": 3.69
    },
    "type": {
      "code": "Grains, Rice & Dried Goods",
      "desc": "Grains, Rice & Dried Goods"
    },
    "weight": "8 oz",
    "UpcCode": "",
    "tax": 0.0,
    "spiceLevel": "",
    "aiselNo": "N/A",
    "store": "Market Basket",
    "weightType": "8 oz",
    "imageName": "17443.jpg",
    "defaultImage": "17443.jpg",
    "updatedTimestamp": "Jan 23, 2021 8:02:30 PM",
    "createdTimestamp": "Jan 23, 2021 8:02:30 PM",
    "isNewlyAdded": false,
    "isActive": true,
    "isDealsEnabled": false,
    "quantity": 0
  },
  {
    "id": 5189,
    "code": "LATE JULY Organic Sea Salt Potato Chips",
    "desc": "LATE JULY Organic Sea Salt Potato Chips",
    "shortDesc": "LATE JULY Organic Sea Salt Potato Chips",
    "tags": [
      "Chips & Pretzels"
    ],
    "categories": [
      {
        "code": "Chips, Cookies & Snacks",
        "desc": "Chips, Cookies & Snacks"
      }
    ],
    "subCategories": [
      {
        "code": "Chips & Fruit Snacks",
        "desc": "Chips & Fruit Snacks"
      }
    ],
    "brands": [
      {
        "code": "LATE JULY",
        "desc": "LATE JULY"
      }
    ],
    "price": {
      "basePrice": 4.69,
      "discountPrice": 4.69
    },
    "type": {
      "code": "Chips & Pretzels",
      "desc": "Chips & Pretzels"
    },
    "weight": "5 oz",
    "UpcCode": "",
    "tax": 0.0,
    "spiceLevel": "",
    "aiselNo": "0",
    "store": "Market Basket",
    "weightType": "5 oz",
    "imageName": "No Image.jpg",
    "defaultImage": "No Image.jpg",
    "updatedTimestamp": "Jan 23, 2021 8:02:30 PM",
    "createdTimestamp": "Jan 23, 2021 8:02:30 PM",
    "isNewlyAdded": false,
    "isActive": true,
    "isDealsEnabled": false,
    "quantity": 0
  },
  {
    "id": 10425,
    "code": "Goya Small White Beans",
    "desc": "Goya Small White Beans",
    "shortDesc": "Goya Small White Beans",
    "tags": [
      "Canned Food"
    ],
    "categories": [
      {
        "code": "Cooking Needs",
        "desc": "Cooking Needs"
      }
    ],
    "subCategories": [
      {
        "code": "Canned Food",
        "desc": "Canned Food"
      }
    ],
    "brands": [
      {
        "code": "Goya",
        "desc": "Goya"
      }
    ],
    "price": {
      "basePrice": 1.89,
      "discountPrice": 1.89
    },
    "type": {
      "code": "Canned Food",
      "desc": "Canned Food"
    },
    "weight": "16 oz",
    "UpcCode": "",
    "tax": 0.0,
    "spiceLevel": "",
    "aiselNo": "7",
    "store": "Market Basket",
    "weightType": "16 oz",
    "imageName": "5827.jpg",
    "defaultImage": "5827.jpg",
    "updatedTimestamp": "Jan 23, 2021 8:02:30 PM",
    "createdTimestamp": "Jan 23, 2021 8:02:30 PM",
    "isNewlyAdded": false,
    "isActive": true,
    "isDealsEnabled": false,
    "quantity": 0
  },
  {
    "id": 388,
    "code": "Ecos Laundry Detergent, Hypoallergenic, Built-in Fabric Softener, Lavender",
    "desc": "Ecos Laundry Detergent, Hypoallergenic, Built-in Fabric Softener, Lavender",
    "shortDesc": "Ecos Laundry Detergent, Hypoallergenic, Built-in Fabric Softener, Lavender",
    "tags": [
      "Fabric Softener"
    ],
    "categories": [
      {
        "code": "Laundry & Paper Goods",
        "desc": "Laundry & Paper Goods"
      }
    ],
    "subCategories": [
      {
        "code": "Laundry",
        "desc": "Laundry"
      }
    ],
    "brands": [
      {
        "code": "Ecos",
        "desc": "Ecos"
      }
    ],
    "price": {
      "basePrice": 14.99,
      "discountPrice": 14.99
    },
    "type": {
      "code": "Fabric Softener",
      "desc": "Fabric Softener"
    },
    "weight": "100 oz",
    "UpcCode": "",
    "tax": 1.0,
    "spiceLevel": "",
    "aiselNo": "15",
    "store": "Market Basket",
    "weightType": "100 oz",
    "imageName": "16907.jpg",
    "defaultImage": "16907.jpg",
    "updatedTimestamp": "Jan 23, 2021 8:02:30 PM",
    "createdTimestamp": "Jan 23, 2021 8:02:30 PM",
    "isNewlyAdded": false,
    "isActive": true,
    "isDealsEnabled": false,
    "quantity": 0
  },
  {
    "id": 8614,
    "code": "Goya Cocktail Olives",
    "desc": "Goya Cocktail Olives",
    "shortDesc": "Goya Cocktail Olives",
    "tags": [
      "Pickled Goods & Olives"
    ],
    "categories": [
      {
        "code": "Condiments & Dressings",
        "desc": "Condiments & Dressings"
      }
    ],
    "subCategories": [
      {
        "code": "Pickled Goods & Olives",
        "desc": "Pickled Goods & Olives"
      }
    ],
    "brands": [
      {
        "code": "Goya",
        "desc": "Goya"
      }
    ],
    "price": {
      "basePrice": 2.19,
      "discountPrice": 2.19
    },
    "type": {
      "code": "Pickled Goods & Olives",
      "desc": "Pickled Goods & Olives"
    },
    "weight": "5.5 oz",
    "UpcCode": "",
    "tax": 0.0,
    "spiceLevel": "",
    "aiselNo": "7",
    "store": "Market Basket",
    "weightType": "5.5 oz",
    "imageName": "1872.jpg",
    "defaultImage": "1872.jpg",
    "updatedTimestamp": "Jan 23, 2021 8:02:30 PM",
    "createdTimestamp": "Jan 23, 2021 8:02:30 PM",
    "isNewlyAdded": false,
    "isActive": true,
    "isDealsEnabled": false,
    "quantity": 0
  },
  {
    "id": 15250,
    "code": "Oral-B Toothbrush Pro Health Stages 5-7 Yrs Soft",
    "desc": "Oral-B Toothbrush Pro Health Stages 5-7 Yrs Soft",
    "shortDesc": "Oral-B Toothbrush Pro Health Stages 5-7 Yrs Soft",
    "tags": [
      "Oral Hygiene"
    ],
    "categories": [
      {
        "code": "Personal Care",
        "desc": "Personal Care"
      }
    ],
    "subCategories": [
      {
        "code": "Personal Needs",
        "desc": "Personal Needs"
      }
    ],
    "brands": [
      {
        "code": "Oral-B",
        "desc": "Oral-B"
      }
    ],
    "price": {
      "basePrice": 3.55,
      "discountPrice": 3.55
    },
    "type": {
      "code": "Oral Hygiene",
      "desc": "Oral Hygiene"
    },
    "weight": "1 count",
    "UpcCode": "",
    "tax": 1.0,
    "spiceLevel": "",
    "aiselNo": "13",
    "store": "Market Basket",
    "weightType": "1 count",
    "imageName": "6428.jpg",
    "defaultImage": "6428.jpg",
    "updatedTimestamp": "Jan 23, 2021 8:02:30 PM",
    "createdTimestamp": "Jan 23, 2021 8:02:30 PM",
    "isNewlyAdded": false,
    "isActive": true,
    "isDealsEnabled": false,
    "quantity": 0
  },
  {
    "id": 5095,
    "code": "Nonni's Biscotti Dark Chocolate Almond",
    "desc": "Nonni's Biscotti Dark Chocolate Almond",
    "shortDesc": "Nonni's Biscotti Dark Chocolate Almond",
    "tags": [
      "Cookies & Cakes"
    ],
    "categories": [
      {
        "code": "Chips, Cookies & Snacks",
        "desc": "Chips, Cookies & Snacks"
      }
    ],
    "subCategories": [
      {
        "code": "Cookies & Crackers",
        "desc": "Cookies & Crackers"
      }
    ],
    "brands": [
      {
        "code": "Nonni's",
        "desc": "Nonni's"
      }
    ],
    "price": {
      "basePrice": 4.36,
      "discountPrice": 4.36
    },
    "type": {
      "code": "Cookies & Cakes",
      "desc": "Cookies & Cakes"
    },
    "weight": "6.88 oz",
    "UpcCode": "",
    "tax": 0.0,
    "spiceLevel": "",
    "aiselNo": "6",
    "store": "Market Basket",
    "weightType": "6.88 oz",
    "imageName": "15085.jpg",
    "defaultImage": "15085.jpg",
    "updatedTimestamp": "Jan 23, 2021 8:02:30 PM",
    "createdTimestamp": "Jan 23, 2021 8:02:30 PM",
    "isNewlyAdded": false,
    "isActive": true,
    "isDealsEnabled": false,
    "quantity": 0
  },
  {
    "id": 7533,
    "code": "Market Basket Sweet Peas",
    "desc": "Market Basket Sweet Peas",
    "shortDesc": "Market Basket Sweet Peas",
    "tags": [
      "Canned & Jarred Vegetables"
    ],
    "categories": [
      {
        "code": "Cooking Needs",
        "desc": "Cooking Needs"
      }
    ],
    "subCategories": [
      {
        "code": "Canned Food",
        "desc": "Canned Food"
      }
    ],
    "brands": [
      {
        "code": "Market Basket",
        "desc": "Market Basket"
      }
    ],
    "price": {
      "basePrice": 0.79,
      "discountPrice": 0.79
    },
    "type": {
      "code": "Canned & Jarred Vegetables",
      "desc": "Canned & Jarred Vegetables"
    },
    "weight": "15 oz",
    "UpcCode": "",
    "tax": 0.0,
    "spiceLevel": "",
    "aiselNo": "9",
    "store": "Market Basket",
    "weightType": "15 oz",
    "imageName": "Market Basket.jpg",
    "defaultImage": "Market Basket.jpg",
    "updatedTimestamp": "Jan 23, 2021 8:02:30 PM",
    "createdTimestamp": "Jan 23, 2021 8:02:30 PM",
    "isNewlyAdded": false,
    "isActive": true,
    "isDealsEnabled": false,
    "quantity": 0
  },
  {
    "id": 4245,
    "code": "Blue Hill Bay Smoked Seafood Herring in Cream Sauce",
    "desc": "Blue Hill Bay Smoked Seafood Herring in Cream Sauce",
    "shortDesc": "Blue Hill Bay Smoked Seafood Herring in Cream Sauce",
    "tags": [
      "Herring"
    ],
    "categories": [
      {
        "code": "Meat & Seafood",
        "desc": "Meat & Seafood"
      }
    ],
    "subCategories": [
      {
        "code": "Packaged Meat & Seafood",
        "desc": "Packaged Meat & Seafood"
      }
    ],
    "brands": [
      {
        "code": "Blue Hill Bay",
        "desc": "Blue Hill Bay"
      }
    ],
    "price": {
      "basePrice": 5.59,
      "discountPrice": 5.59
    },
    "type": {
      "code": "Herring",
      "desc": "Herring"
    },
    "weight": "12 oz",
    "UpcCode": "",
    "tax": 0.0,
    "spiceLevel": "",
    "aiselNo": "22",
    "store": "Market Basket",
    "weightType": "12 oz",
    "imageName": "4129.jpg",
    "defaultImage": "4129.jpg",
    "updatedTimestamp": "Jan 23, 2021 8:02:30 PM",
    "createdTimestamp": "Jan 23, 2021 8:02:30 PM",
    "isNewlyAdded": false,
    "isActive": true,
    "isDealsEnabled": false,
    "quantity": 0
  },
  {
    "id": 5938,
    "code": "Powell & Mahoney Skinny Margarita",
    "desc": "Powell & Mahoney Skinny Margarita",
    "shortDesc": "Powell & Mahoney Skinny Margarita",
    "tags": [
      "Cocoa & Drink Mixes"
    ],
    "categories": [
      {
        "code": "Beverages & Juices",
        "desc": "Beverages & Juices"
      }
    ],
    "subCategories": [
      {
        "code": "Cocoa & Drink Mixes",
        "desc": "Cocoa & Drink Mixes"
      }
    ],
    "brands": [
      {
        "code": "Powell & Mahoney",
        "desc": "Powell & Mahoney"
      }
    ],
    "price": {
      "basePrice": 8.74,
      "discountPrice": 8.74
    },
    "type": {
      "code": "Cocoa & Drink Mixes",
      "desc": "Cocoa & Drink Mixes"
    },
    "weight": "750 ml",
    "UpcCode": "",
    "tax": 0.0,
    "spiceLevel": "",
    "aiselNo": "17",
    "store": "Market Basket",
    "weightType": "750 ml",
    "imageName": "No Image.jpg",
    "defaultImage": "No Image.jpg",
    "updatedTimestamp": "Jan 23, 2021 8:02:29 PM",
    "createdTimestamp": "Jan 23, 2021 8:02:29 PM",
    "isNewlyAdded": false,
    "isActive": true,
    "isDealsEnabled": false,
    "quantity": 0
  },
  {
    "id": 5159,
    "code": "Olde Cape Cod Squares Crispy Crackers",
    "desc": "Olde Cape Cod Squares Crispy Crackers",
    "shortDesc": "Olde Cape Cod Squares Crispy Crackers",
    "tags": [
      "Crackers"
    ],
    "categories": [
      {
        "code": "Chips, Cookies & Snacks",
        "desc": "Chips, Cookies & Snacks"
      }
    ],
    "subCategories": [
      {
        "code": "Cookies & Crackers",
        "desc": "Cookies & Crackers"
      }
    ],
    "brands": [
      {
        "code": "Olde Cape Cod",
        "desc": "Olde Cape Cod"
      }
    ],
    "price": {
      "basePrice": 3.13,
      "discountPrice": 3.13
    },
    "type": {
      "code": "Crackers",
      "desc": "Crackers"
    },
    "weight": "6 oz",
    "UpcCode": "",
    "tax": 0.0,
    "spiceLevel": "",
    "aiselNo": "6",
    "store": "Market Basket",
    "weightType": "6 oz",
    "imageName": "15176.jpg",
    "defaultImage": "15176.jpg",
    "updatedTimestamp": "Jan 23, 2021 8:02:30 PM",
    "createdTimestamp": "Jan 23, 2021 8:02:30 PM",
    "isNewlyAdded": false,
    "isActive": true,
    "isDealsEnabled": false,
    "quantity": 0
  },
  {
    "id": 4185,
    "code": "Market Basket Fresh Roaster Whole Chicken",
    "desc": "Market Basket Fresh Roaster Whole Chicken",
    "shortDesc": "Market Basket Fresh Roaster Whole Chicken",
    "tags": [
      "Chicken"
    ],
    "categories": [
      {
        "code": "Meat & Seafood",
        "desc": "Meat & Seafood"
      }
    ],
    "subCategories": [
      {
        "code": "Packaged Meat & Seafood",
        "desc": "Packaged Meat & Seafood"
      }
    ],
    "brands": [
      {
        "code": "Market Basket",
        "desc": "Market Basket"
      }
    ],
    "price": {
      "basePrice": 5.56,
      "discountPrice": 5.56
    },
    "type": {
      "code": "Chicken",
      "desc": "Chicken"
    },
    "weight": "Approx: 4.00 lb at $1.39/lb",
    "UpcCode": "",
    "tax": 0.0,
    "spiceLevel": "",
    "aiselNo": "22",
    "store": "Market Basket",
    "weightType": "Approx: 4.00 lb at $1.39/lb",
    "imageName": "Market Basket.jpg",
    "defaultImage": "Market Basket.jpg",
    "updatedTimestamp": "Jan 23, 2021 8:02:30 PM",
    "createdTimestamp": "Jan 23, 2021 8:02:30 PM",
    "isNewlyAdded": false,
    "isActive": true,
    "isDealsEnabled": false,
    "quantity": 0
  },
  {
    "id": 7702,
    "code": "Bush's Best Great Northern Beans",
    "desc": "Bush's Best Great Northern Beans",
    "shortDesc": "Bush's Best Great Northern Beans",
    "tags": [
      "Canned Meals & Beans"
    ],
    "categories": [
      {
        "code": "Cooking Needs",
        "desc": "Cooking Needs"
      }
    ],
    "subCategories": [
      {
        "code": "Canned Food",
        "desc": "Canned Food"
      }
    ],
    "brands": [
      {
        "code": "Bush's Best",
        "desc": "Bush's Best"
      }
    ],
    "price": {
      "basePrice": 1.09,
      "discountPrice": 1.09
    },
    "type": {
      "code": "Canned Meals & Beans",
      "desc": "Canned Meals & Beans"
    },
    "weight": "15.8 oz",
    "UpcCode": "",
    "tax": 0.0,
    "spiceLevel": "",
    "aiselNo": "2",
    "store": "Market Basket",
    "weightType": "15.8 oz",
    "imageName": "5148.jpg",
    "defaultImage": "5148.jpg",
    "updatedTimestamp": "Jan 23, 2021 8:02:30 PM",
    "createdTimestamp": "Jan 23, 2021 8:02:30 PM",
    "isNewlyAdded": false,
    "isActive": true,
    "isDealsEnabled": false,
    "quantity": 0
  },
  {
    "id": 4797,
    "code": "Market Basket Seafood Mix",
    "desc": "Market Basket Seafood Mix",
    "shortDesc": "Market Basket Seafood Mix",
    "tags": [
      "Frozen Fish (All)"
    ],
    "categories": [
      {
        "code": "Meat & Seafood",
        "desc": "Meat & Seafood"
      }
    ],
    "subCategories": [
      {
        "code": "Frozen Meat & Seafood",
        "desc": "Frozen Meat & Seafood"
      }
    ],
    "brands": [
      {
        "code": "Market Basket",
        "desc": "Market Basket"
      }
    ],
    "price": {
      "basePrice": 4.89,
      "discountPrice": 4.89
    },
    "type": {
      "code": "Frozen Fish (All)",
      "desc": "Frozen Fish (All)"
    },
    "weight": "16 oz",
    "UpcCode": "",
    "tax": 0.0,
    "spiceLevel": "",
    "aiselNo": "18",
    "store": "Market Basket",
    "weightType": "16 oz",
    "imageName": "Market Basket.jpg",
    "defaultImage": "Market Basket.jpg",
    "updatedTimestamp": "Jan 23, 2021 8:02:30 PM",
    "createdTimestamp": "Jan 23, 2021 8:02:30 PM",
    "isNewlyAdded": false,
    "isActive": true,
    "isDealsEnabled": false,
    "quantity": 0
  },
  {
    "id": 4268,
    "code": "Ducktrap River of Maine Smoked Wild Sockeye Salmon",
    "desc": "Ducktrap River of Maine Smoked Wild Sockeye Salmon",
    "shortDesc": "Ducktrap River of Maine Smoked Wild Sockeye Salmon",
    "tags": [
      "Salmon"
    ],
    "categories": [
      {
        "code": "Meat & Seafood",
        "desc": "Meat & Seafood"
      }
    ],
    "subCategories": [
      {
        "code": "Packaged Meat & Seafood",
        "desc": "Packaged Meat & Seafood"
      }
    ],
    "brands": [
      {
        "code": "River",
        "desc": "River"
      }
    ],
    "price": {
      "basePrice": 10.99,
      "discountPrice": 10.99
    },
    "type": {
      "code": "Salmon",
      "desc": "Salmon"
    },
    "weight": "4 oz",
    "UpcCode": "",
    "tax": 0.0,
    "spiceLevel": "",
    "aiselNo": "22",
    "store": "Market Basket",
    "weightType": "4 oz",
    "imageName": "4139.jpg",
    "defaultImage": "4139.jpg",
    "updatedTimestamp": "Jan 23, 2021 8:02:30 PM",
    "createdTimestamp": "Jan 23, 2021 8:02:30 PM",
    "isNewlyAdded": false,
    "isActive": true,
    "isDealsEnabled": false,
    "quantity": 0
  },
  {
    "id": 6668,
    "code": "Tropicana PURE PRIMIUM NO PULP CALCIUM + VITAMIN D 100% ORANGE JUICE WITH CALICIUM & VITAMIN D",
    "desc": "Tropicana PURE PRIMIUM NO PULP CALCIUM + VITAMIN D 100% ORANGE JUICE WITH CALICIUM & VITAMIN D",
    "shortDesc": "Tropicana PURE PRIMIUM NO PULP CALCIUM + VITAMIN D 100% ORANGE JUICE WITH CALICIUM & VITAMIN D",
    "tags": [
      "Refrigerated Drinks"
    ],
    "categories": [
      {
        "code": "Beverages & Juices",
        "desc": "Beverages & Juices"
      }
    ],
    "subCategories": [
      {
        "code": "Juices & Refrigerated Drinks",
        "desc": "Juices & Refrigerated Drinks"
      }
    ],
    "brands": [
      {
        "code": "Tropicana ",
        "desc": "Tropicana "
      }
    ],
    "price": {
      "basePrice": 4.99,
      "discountPrice": 4.99
    },
    "type": {
      "code": "Refrigerated Drinks",
      "desc": "Refrigerated Drinks"
    },
    "weight": "48 fl oz",
    "UpcCode": "",
    "tax": 0.0,
    "spiceLevel": "",
    "aiselNo": "1",
    "store": "Market Basket",
    "weightType": "48 fl oz",
    "imageName": "X846.jpg",
    "defaultImage": "X846.jpg",
    "updatedTimestamp": "Jan 23, 2021 8:02:29 PM",
    "createdTimestamp": "Jan 23, 2021 8:02:29 PM",
    "isNewlyAdded": false,
    "isActive": true,
    "isDealsEnabled": false,
    "quantity": 0
  },
  {
    "id": 8471,
    "code": "Weber Bold & Thick Sweet 'N Spicy BBQ Sauce",
    "desc": "Weber Bold & Thick Sweet 'N Spicy BBQ Sauce",
    "shortDesc": "Weber Bold & Thick Sweet 'N Spicy BBQ Sauce",
    "tags": [
      "Marinades & Meat Preparation"
    ],
    "categories": [
      {
        "code": "Condiments & Dressings",
        "desc": "Condiments & Dressings"
      }
    ],
    "subCategories": [
      {
        "code": "Marinades, Ketchup & Sauces",
        "desc": "Marinades, Ketchup & Sauces"
      }
    ],
    "brands": [
      {
        "code": "Weber",
        "desc": "Weber"
      }
    ],
    "price": {
      "basePrice": 4.09,
      "discountPrice": 4.09
    },
    "type": {
      "code": "Marinades & Meat Preparation",
      "desc": "Marinades & Meat Preparation"
    },
    "weight": "18 oz",
    "UpcCode": "",
    "tax": 0.0,
    "spiceLevel": "",
    "aiselNo": "9",
    "store": "Market Basket",
    "weightType": "18 oz",
    "imageName": "15558.jpg",
    "defaultImage": "15558.jpg",
    "updatedTimestamp": "Jan 23, 2021 8:02:30 PM",
    "createdTimestamp": "Jan 23, 2021 8:02:30 PM",
    "isNewlyAdded": false,
    "isActive": true,
    "isDealsEnabled": false,
    "quantity": 0
  },
  {
    "id": 7190,
    "code": "Badia Cumin, Ground",
    "desc": "Badia Cumin, Ground",
    "shortDesc": "Badia Cumin, Ground",
    "tags": [
      "Spices & Seasonings"
    ],
    "categories": [
      {
        "code": "Cooking Needs",
        "desc": "Cooking Needs"
      }
    ],
    "subCategories": [
      {
        "code": "Spices & Seasonings",
        "desc": "Spices & Seasonings"
      }
    ],
    "brands": [
      {
        "code": "Badia",
        "desc": "Badia"
      }
    ],
    "price": {
      "basePrice": 6.09,
      "discountPrice": 6.09
    },
    "type": {
      "code": "Spices & Seasonings",
      "desc": "Spices & Seasonings"
    },
    "weight": "16 oz",
    "UpcCode": "",
    "tax": 0.0,
    "spiceLevel": "",
    "aiselNo": "9",
    "store": "Market Basket",
    "weightType": "16 oz",
    "imageName": "2232.jpg",
    "defaultImage": "2232.jpg",
    "updatedTimestamp": "Jan 23, 2021 8:02:30 PM",
    "createdTimestamp": "Jan 23, 2021 8:02:30 PM",
    "isNewlyAdded": false,
    "isActive": true,
    "isDealsEnabled": false,
    "quantity": 0
  },
  {
    "id": 13740,
    "code": "Market Basket Low Moisture Part Skim Mozzarella",
    "desc": "Market Basket Low Moisture Part Skim Mozzarella",
    "shortDesc": "Market Basket Low Moisture Part Skim Mozzarella",
    "tags": [
      "Packaged Cheese"
    ],
    "categories": [
      {
        "code": "Breakfast & Dairy",
        "desc": "Breakfast & Dairy"
      }
    ],
    "subCategories": [
      {
        "code": "Dairy & Eggs",
        "desc": "Dairy & Eggs"
      }
    ],
    "brands": [
      {
        "code": "Market Basket",
        "desc": "Market Basket"
      }
    ],
    "price": {
      "basePrice": 3.29,
      "discountPrice": 3.29
    },
    "type": {
      "code": "Packaged Cheese",
      "desc": "Packaged Cheese"
    },
    "weight": "16 oz",
    "UpcCode": "",
    "tax": 0.0,
    "spiceLevel": "",
    "aiselNo": "1",
    "store": "Market Basket",
    "weightType": "16 oz",
    "imageName": "Market Basket.jpg",
    "defaultImage": "Market Basket.jpg",
    "updatedTimestamp": "Jan 23, 2021 8:02:30 PM",
    "createdTimestamp": "Jan 23, 2021 8:02:30 PM",
    "isNewlyAdded": false,
    "isActive": true,
    "isDealsEnabled": false,
    "quantity": 0
  },
  {
    "id": 7030,
    "code": "Royal Gelatin, Cherry",
    "desc": "Royal Gelatin, Cherry",
    "shortDesc": "Royal Gelatin, Cherry",
    "tags": [
      "Doughs, Gelatins & Bake Mixes"
    ],
    "categories": [
      {
        "code": "Cooking Needs",
        "desc": "Cooking Needs"
      }
    ],
    "subCategories": [
      {
        "code": "Baking & Cooking",
        "desc": "Baking & Cooking"
      }
    ],
    "brands": [
      {
        "code": "Royal",
        "desc": "Royal"
      }
    ],
    "price": {
      "basePrice": 0.49,
      "discountPrice": 0.49
    },
    "type": {
      "code": "Doughs, Gelatins & Bake Mixes",
      "desc": "Doughs, Gelatins & Bake Mixes"
    },
    "weight": "1.4 oz",
    "UpcCode": "",
    "tax": 0.0,
    "spiceLevel": "",
    "aiselNo": "8",
    "store": "Market Basket",
    "weightType": "1.4 oz",
    "imageName": "2099.jpg",
    "defaultImage": "2099.jpg",
    "updatedTimestamp": "Jan 23, 2021 8:02:30 PM",
    "createdTimestamp": "Jan 23, 2021 8:02:30 PM",
    "isNewlyAdded": false,
    "isActive": true,
    "isDealsEnabled": false,
    "quantity": 0
  },
  {
    "id": 13374,
    "code": "Market Basket Light Cream",
    "desc": "Market Basket Light Cream",
    "shortDesc": "Market Basket Light Cream",
    "tags": [
      "Cream"
    ],
    "categories": [
      {
        "code": "Breakfast & Dairy",
        "desc": "Breakfast & Dairy"
      }
    ],
    "subCategories": [
      {
        "code": "Dairy & Eggs",
        "desc": "Dairy & Eggs"
      }
    ],
    "brands": [
      {
        "code": "Market Basket",
        "desc": "Market Basket"
      }
    ],
    "price": {
      "basePrice": 2.49,
      "discountPrice": 2.49
    },
    "type": {
      "code": "Cream",
      "desc": "Cream"
    },
    "weight": "32 fl oz",
    "UpcCode": "",
    "tax": 0.0,
    "spiceLevel": "",
    "aiselNo": "1",
    "store": "Market Basket",
    "weightType": "32 fl oz",
    "imageName": "Market Basket.jpg",
    "defaultImage": "Market Basket.jpg",
    "updatedTimestamp": "Jan 23, 2021 8:02:30 PM",
    "createdTimestamp": "Jan 23, 2021 8:02:30 PM",
    "isNewlyAdded": false,
    "isActive": true,
    "isDealsEnabled": false,
    "quantity": 0
  },
  {
    "id": 15274,
    "code": "Summer's Eve Douche Fresh Scent",
    "desc": "Summer's Eve Douche Fresh Scent",
    "shortDesc": "Summer's Eve Douche Fresh Scent",
    "tags": [
      "Skin care"
    ],
    "categories": [
      {
        "code": "Personal Care",
        "desc": "Personal Care"
      }
    ],
    "subCategories": [
      {
        "code": "Personal Needs",
        "desc": "Personal Needs"
      }
    ],
    "brands": [
      {
        "code": "Summer's Eve",
        "desc": "Summer's Eve"
      }
    ],
    "price": {
      "basePrice": 2.75,
      "discountPrice": 2.75
    },
    "type": {
      "code": "Skin care",
      "desc": "Skin care"
    },
    "weight": "2 x 4.5 fl oz",
    "UpcCode": "",
    "tax": 1.0,
    "spiceLevel": "",
    "aiselNo": "13",
    "store": "Market Basket",
    "weightType": "2 x 4.5 fl oz",
    "imageName": "6514.jpg",
    "defaultImage": "6514.jpg",
    "updatedTimestamp": "Jan 23, 2021 8:02:30 PM",
    "createdTimestamp": "Jan 23, 2021 8:02:30 PM",
    "isNewlyAdded": false,
    "isActive": true,
    "isDealsEnabled": false,
    "quantity": 0
  },
  {
    "id": 4195,
    "code": "Bell & Evans Boneless Chicken Breast",
    "desc": "Bell & Evans Boneless Chicken Breast",
    "shortDesc": "Bell & Evans Boneless Chicken Breast",
    "tags": [
      "Chicken Breast"
    ],
    "categories": [
      {
        "code": "Meat & Seafood",
        "desc": "Meat & Seafood"
      }
    ],
    "subCategories": [
      {
        "code": "Packaged Meat & Seafood",
        "desc": "Packaged Meat & Seafood"
      }
    ],
    "brands": [
      {
        "code": "Bell & Evans",
        "desc": "Bell & Evans"
      }
    ],
    "price": {
      "basePrice": 9.19,
      "discountPrice": 9.19
    },
    "type": {
      "code": "Chicken Breast",
      "desc": "Chicken Breast"
    },
    "weight": "1 lb",
    "UpcCode": "",
    "tax": 0.0,
    "spiceLevel": "",
    "aiselNo": "22",
    "store": "Market Basket",
    "weightType": "1 lb",
    "imageName": "4123.jpg",
    "defaultImage": "4123.jpg",
    "updatedTimestamp": "Jan 23, 2021 8:02:30 PM",
    "createdTimestamp": "Jan 23, 2021 8:02:30 PM",
    "isNewlyAdded": false,
    "isActive": true,
    "isDealsEnabled": false,
    "quantity": 0
  },
  {
    "id": 7424,
    "code": "El Jibarito Pigeon Peas, Can",
    "desc": "El Jibarito Pigeon Peas, Can",
    "shortDesc": "El Jibarito Pigeon Peas, Can",
    "tags": [
      "Canned & Jarred Vegetables"
    ],
    "categories": [
      {
        "code": "Cooking Needs",
        "desc": "Cooking Needs"
      }
    ],
    "subCategories": [
      {
        "code": "Canned Food",
        "desc": "Canned Food"
      }
    ],
    "brands": [
      {
        "code": "El Jibarito",
        "desc": "El Jibarito"
      }
    ],
    "price": {
      "basePrice": 1.49,
      "discountPrice": 1.49
    },
    "type": {
      "code": "Canned & Jarred Vegetables",
      "desc": "Canned & Jarred Vegetables"
    },
    "weight": "15.5 oz",
    "UpcCode": "",
    "tax": 0.0,
    "spiceLevel": "",
    "aiselNo": "9",
    "store": "Market Basket",
    "weightType": "15.5 oz",
    "imageName": "17101.jpg",
    "defaultImage": "17101.jpg",
    "updatedTimestamp": "Jan 23, 2021 8:02:30 PM",
    "createdTimestamp": "Jan 23, 2021 8:02:30 PM",
    "isNewlyAdded": false,
    "isActive": true,
    "isDealsEnabled": false,
    "quantity": 0
  },
  {
    "id": 9092,
    "code": "Alexia Oven Reds with Olive Oil, Parmesan and Roasted Garlic",
    "desc": "Alexia Oven Reds with Olive Oil, Parmesan and Roasted Garlic",
    "shortDesc": "Alexia Oven Reds with Olive Oil, Parmesan and Roasted Garlic",
    "tags": [
      "Frozen Appetizers & Sides"
    ],
    "categories": [
      {
        "code": "Frozen Food",
        "desc": "Frozen Food"
      }
    ],
    "subCategories": [
      {
        "code": "Frozen Dinners & Entrees",
        "desc": "Frozen Dinners & Entrees"
      }
    ],
    "brands": [
      {
        "code": "Alexia",
        "desc": "Alexia"
      }
    ],
    "price": {
      "basePrice": 3.69,
      "discountPrice": 3.69
    },
    "type": {
      "code": "Frozen Appetizers & Sides",
      "desc": "Frozen Appetizers & Sides"
    },
    "weight": "22 oz",
    "UpcCode": "",
    "tax": 0.0,
    "spiceLevel": "",
    "aiselNo": "18",
    "store": "Market Basket",
    "weightType": "22 oz",
    "imageName": "2589.jpg",
    "defaultImage": "2589.jpg",
    "updatedTimestamp": "Jan 23, 2021 8:02:30 PM",
    "createdTimestamp": "Jan 23, 2021 8:02:30 PM",
    "isNewlyAdded": false,
    "isActive": true,
    "isDealsEnabled": false,
    "quantity": 0
  },
  {
    "id": 13966,
    "code": "Market Basket Shredded Parmesan Cheese",
    "desc": "Market Basket Shredded Parmesan Cheese",
    "shortDesc": "Market Basket Shredded Parmesan Cheese",
    "tags": [
      "Specialty Cheeses"
    ],
    "categories": [
      {
        "code": "Breakfast & Dairy",
        "desc": "Breakfast & Dairy"
      }
    ],
    "subCategories": [
      {
        "code": "Dairy & Eggs",
        "desc": "Dairy & Eggs"
      }
    ],
    "brands": [
      {
        "code": "Market Basket",
        "desc": "Market Basket"
      }
    ],
    "price": {
      "basePrice": 6.09,
      "discountPrice": 6.09
    },
    "type": {
      "code": "Specialty Cheeses",
      "desc": "Specialty Cheeses"
    },
    "weight": "12 oz",
    "UpcCode": "",
    "tax": 0.0,
    "spiceLevel": "",
    "aiselNo": "1",
    "store": "Market Basket",
    "weightType": "12 oz",
    "imageName": "Market Basket.jpg",
    "defaultImage": "Market Basket.jpg",
    "updatedTimestamp": "Jan 23, 2021 8:02:30 PM",
    "createdTimestamp": "Jan 23, 2021 8:02:30 PM",
    "isNewlyAdded": false,
    "isActive": true,
    "isDealsEnabled": false,
    "quantity": 0
  },
  {
    "id": 108,
    "code": "Bissell Spring & Renewal Heavy Traffic Carpet Foam",
    "desc": "Bissell Spring & Renewal Heavy Traffic Carpet Foam",
    "shortDesc": "Bissell Spring & Renewal Heavy Traffic Carpet Foam",
    "tags": [
      "Carpet Cleaner"
    ],
    "categories": [
      {
        "code": "Kitchen & Cleaning",
        "desc": "Kitchen & Cleaning"
      }
    ],
    "subCategories": [
      {
        "code": "Cleaning Products",
        "desc": "Cleaning Products"
      }
    ],
    "brands": [
      {
        "code": "Bissell",
        "desc": "Bissell"
      }
    ],
    "price": {
      "basePrice": 5.29,
      "discountPrice": 5.29
    },
    "type": {
      "code": "Carpet Cleaner",
      "desc": "Carpet Cleaner"
    },
    "weight": "22 oz",
    "UpcCode": "",
    "tax": 1.0,
    "spiceLevel": "",
    "aiselNo": "15",
    "store": "Market Basket",
    "weightType": "22 oz",
    "imageName": "16825.jpg",
    "defaultImage": "16825.jpg",
    "updatedTimestamp": "Jan 23, 2021 8:02:30 PM",
    "createdTimestamp": "Jan 23, 2021 8:02:30 PM",
    "isNewlyAdded": false,
    "isActive": true,
    "isDealsEnabled": false,
    "quantity": 0
  },
  {
    "id": 6607,
    "code": "Minute Maid Fruit Drink, Berry Punch Flavored",
    "desc": "Minute Maid Fruit Drink, Berry Punch Flavored",
    "shortDesc": "Minute Maid Fruit Drink, Berry Punch Flavored",
    "tags": [
      "Refrigerated Drinks"
    ],
    "categories": [
      {
        "code": "Beverages & Juices",
        "desc": "Beverages & Juices"
      }
    ],
    "subCategories": [
      {
        "code": "Juices & Refrigerated Drinks",
        "desc": "Juices & Refrigerated Drinks"
      }
    ],
    "brands": [
      {
        "code": "Minute Maid",
        "desc": "Minute Maid"
      }
    ],
    "price": {
      "basePrice": 3.69,
      "discountPrice": 3.69
    },
    "type": {
      "code": "Refrigerated Drinks",
      "desc": "Refrigerated Drinks"
    },
    "weight": "128 fl oz",
    "UpcCode": "",
    "tax": 0.0,
    "spiceLevel": "",
    "aiselNo": "1",
    "store": "Market Basket",
    "weightType": "128 fl oz",
    "imageName": "3868.jpg",
    "defaultImage": "3868.jpg",
    "updatedTimestamp": "Jan 23, 2021 8:02:30 PM",
    "createdTimestamp": "Jan 23, 2021 8:02:30 PM",
    "isNewlyAdded": false,
    "isActive": true,
    "isDealsEnabled": false,
    "quantity": 0
  },
  {
    "id": 14544,
    "code": "Brisk Lemon Flavor Iced Tea",
    "desc": "Brisk Lemon Flavor Iced Tea",
    "shortDesc": "Brisk Lemon Flavor Iced Tea",
    "tags": [
      "Tea"
    ],
    "categories": [
      {
        "code": "Breakfast & Dairy",
        "desc": "Breakfast & Dairy"
      }
    ],
    "subCategories": [
      {
        "code": "Tea & Coffee",
        "desc": "Tea & Coffee"
      }
    ],
    "brands": [
      {
        "code": "Brisk",
        "desc": "Brisk"
      }
    ],
    "price": {
      "basePrice": 6.09,
      "discountPrice": 6.09
    },
    "type": {
      "code": "Tea",
      "desc": "Tea"
    },
    "weight": "12 fl oz",
    "UpcCode": "",
    "tax": 0.0,
    "spiceLevel": "",
    "aiselNo": "8",
    "store": "Market Basket",
    "weightType": "12 fl oz",
    "imageName": "16314.jpg",
    "defaultImage": "16314.jpg",
    "updatedTimestamp": "Jan 23, 2021 8:02:30 PM",
    "createdTimestamp": "Jan 23, 2021 8:02:30 PM",
    "isNewlyAdded": false,
    "isActive": true,
    "isDealsEnabled": false,
    "quantity": 0
  },
  {
    "id": 299,
    "code": "Hefty Ez Foil 12.25 in. X 8.25 in. X 1.25 in. Muffin Pans",
    "desc": "Hefty Ez Foil 12.25 in. X 8.25 in. X 1.25 in. Muffin Pans",
    "shortDesc": "Hefty Ez Foil 12.25 in. X 8.25 in. X 1.25 in. Muffin Pans",
    "tags": [
      "Muffin Pans"
    ],
    "categories": [
      {
        "code": "Kitchen & Cleaning",
        "desc": "Kitchen & Cleaning"
      }
    ],
    "subCategories": [
      {
        "code": "Food Storage & Kitchen Supplies",
        "desc": "Food Storage & Kitchen Supplies"
      }
    ],
    "brands": [
      {
        "code": "Hefty",
        "desc": "Hefty"
      }
    ],
    "price": {
      "basePrice": 1.89,
      "discountPrice": 1.89
    },
    "type": {
      "code": "Muffin Pans",
      "desc": "Muffin Pans"
    },
    "weight": "2 count",
    "UpcCode": "",
    "tax": 1.0,
    "spiceLevel": "",
    "aiselNo": "12",
    "store": "Market Basket",
    "weightType": "2 count",
    "imageName": "4464.jpg",
    "defaultImage": "4464.jpg",
    "updatedTimestamp": "Jan 23, 2021 8:02:30 PM",
    "createdTimestamp": "Jan 23, 2021 8:02:30 PM",
    "isNewlyAdded": false,
    "isActive": true,
    "isDealsEnabled": false,
    "quantity": 0
  },
  {
    "id": 4333,
    "code": "Drumsticks",
    "desc": "Drumsticks",
    "shortDesc": "Drumsticks",
    "tags": [
      "Poultry Counter"
    ],
    "categories": [
      {
        "code": "Meat & Seafood",
        "desc": "Meat & Seafood"
      }
    ],
    "subCategories": [
      {
        "code": "Meat & Seafood Counter",
        "desc": "Meat & Seafood Counter"
      }
    ],
    "brands": [
      {
        "code": "Market Basket",
        "desc": "Market Basket"
      }
    ],
    "price": {
      "basePrice": 2.49,
      "discountPrice": 2.49
    },
    "type": {
      "code": "Poultry Counter",
      "desc": "Poultry Counter"
    },
    "weight": "1 lb",
    "UpcCode": "",
    "tax": 0.0,
    "spiceLevel": "",
    "aiselNo": "22",
    "store": "Market Basket",
    "weightType": "1 lb",
    "imageName": "Market Basket.jpg",
    "defaultImage": "Market Basket.jpg",
    "updatedTimestamp": "Jan 23, 2021 8:02:30 PM",
    "createdTimestamp": "Jan 23, 2021 8:02:30 PM",
    "isNewlyAdded": false,
    "isActive": true,
    "isDealsEnabled": false,
    "quantity": 0
  },
  {
    "id": 9024,
    "code": "Polaner All Fruit Spreadable Fruit Apricot",
    "desc": "Polaner All Fruit Spreadable Fruit Apricot",
    "shortDesc": "Polaner All Fruit Spreadable Fruit Apricot",
    "tags": [
      "Spreads"
    ],
    "categories": [
      {
        "code": "Condiments & Dressings",
        "desc": "Condiments & Dressings"
      }
    ],
    "subCategories": [
      {
        "code": "Preserved Dips & Spreads",
        "desc": "Preserved Dips & Spreads"
      }
    ],
    "brands": [
      {
        "code": "Polaner",
        "desc": "Polaner"
      }
    ],
    "price": {
      "basePrice": 2.49,
      "discountPrice": 2.49
    },
    "type": {
      "code": "Spreads",
      "desc": "Spreads"
    },
    "weight": "10 oz",
    "UpcCode": "",
    "tax": 0.0,
    "spiceLevel": "",
    "aiselNo": "3",
    "store": "Market Basket",
    "weightType": "10 oz",
    "imageName": "1676.jpg",
    "defaultImage": "1676.jpg",
    "updatedTimestamp": "Jan 23, 2021 8:02:30 PM",
    "createdTimestamp": "Jan 23, 2021 8:02:30 PM",
    "isNewlyAdded": false,
    "isActive": true,
    "isDealsEnabled": false,
    "quantity": 0
  },
  {
    "id": 7224,
    "code": "Goya Garlic Powder",
    "desc": "Goya Garlic Powder",
    "shortDesc": "Goya Garlic Powder",
    "tags": [
      "Spices & Seasonings"
    ],
    "categories": [
      {
        "code": "Cooking Needs",
        "desc": "Cooking Needs"
      }
    ],
    "subCategories": [
      {
        "code": "Spices & Seasonings",
        "desc": "Spices & Seasonings"
      }
    ],
    "brands": [
      {
        "code": "Goya",
        "desc": "Goya"
      }
    ],
    "price": {
      "basePrice": 4.89,
      "discountPrice": 4.89
    },
    "type": {
      "code": "Spices & Seasonings",
      "desc": "Spices & Seasonings"
    },
    "weight": "8 oz",
    "UpcCode": "",
    "tax": 0.0,
    "spiceLevel": "",
    "aiselNo": "9",
    "store": "Market Basket",
    "weightType": "8 oz",
    "imageName": "2248.jpg",
    "defaultImage": "2248.jpg",
    "updatedTimestamp": "Jan 23, 2021 8:02:30 PM",
    "createdTimestamp": "Jan 23, 2021 8:02:30 PM",
    "isNewlyAdded": false,
    "isActive": true,
    "isDealsEnabled": false,
    "quantity": 0
  },
  {
    "id": 7288,
    "code": "McCormick GourmetÃ¢âÂ¢ Organic Curry Powder",
    "desc": "McCormick GourmetÃ¢âÂ¢ Organic Curry Powder",
    "shortDesc": "McCormick GourmetÃ¢âÂ¢ Organic Curry Powder",
    "tags": [
      "Spices & Seasonings"
    ],
    "categories": [
      {
        "code": "Cooking Needs",
        "desc": "Cooking Needs"
      }
    ],
    "subCategories": [
      {
        "code": "Spices & Seasonings",
        "desc": "Spices & Seasonings"
      }
    ],
    "brands": [
      {
        "code": "McCormick",
        "desc": "McCormick"
      }
    ],
    "price": {
      "basePrice": 4.89,
      "discountPrice": 4.89
    },
    "type": {
      "code": "Spices & Seasonings",
      "desc": "Spices & Seasonings"
    },
    "weight": "1.25 oz",
    "UpcCode": "",
    "tax": 0.0,
    "spiceLevel": "",
    "aiselNo": "9",
    "store": "Market Basket",
    "weightType": "1.25 oz",
    "imageName": "2193.jpg",
    "defaultImage": "2193.jpg",
    "updatedTimestamp": "Jan 23, 2021 8:02:30 PM",
    "createdTimestamp": "Jan 23, 2021 8:02:30 PM",
    "isNewlyAdded": false,
    "isActive": true,
    "isDealsEnabled": false,
    "quantity": 0
  },
  {
    "id": 119,
    "code": "Weiman Stainless Steel Wipes",
    "desc": "Weiman Stainless Steel Wipes",
    "shortDesc": "Weiman Stainless Steel Wipes",
    "tags": [
      "Cleaning Wipes"
    ],
    "categories": [
      {
        "code": "Kitchen & Cleaning",
        "desc": "Kitchen & Cleaning"
      }
    ],
    "subCategories": [
      {
        "code": "Cleaning Products",
        "desc": "Cleaning Products"
      }
    ],
    "brands": [
      {
        "code": "Weiman",
        "desc": "Weiman"
      }
    ],
    "price": {
      "basePrice": 4.89,
      "discountPrice": 4.89
    },
    "type": {
      "code": "Cleaning Wipes",
      "desc": "Cleaning Wipes"
    },
    "weight": "30 count",
    "UpcCode": "",
    "tax": 1.0,
    "spiceLevel": "",
    "aiselNo": "15",
    "store": "Market Basket",
    "weightType": "30 count",
    "imageName": "4308.jpg",
    "defaultImage": "4308.jpg",
    "updatedTimestamp": "Jan 23, 2021 8:02:30 PM",
    "createdTimestamp": "Jan 23, 2021 8:02:30 PM",
    "isNewlyAdded": false,
    "isActive": true,
    "isDealsEnabled": false,
    "quantity": 0
  },
  {
    "id": 3932,
    "code": "Red Sweet Mini Pepper",
    "desc": "Red Sweet Mini Pepper",
    "shortDesc": "Red Sweet Mini Pepper",
    "tags": [
      "Pepper"
    ],
    "categories": [
      {
        "code": "Fresh Produce",
        "desc": "Fresh Produce"
      }
    ],
    "subCategories": [
      {
        "code": "Fresh Vegetables",
        "desc": "Fresh Vegetables"
      }
    ],
    "brands": [
      {
        "code": "Market Basket",
        "desc": "Market Basket"
      }
    ],
    "price": {
      "basePrice": 4.24,
      "discountPrice": 4.24
    },
    "type": {
      "code": "Pepper",
      "desc": "Pepper"
    },
    "weight": "1 count",
    "UpcCode": "",
    "tax": 0.0,
    "spiceLevel": "",
    "aiselNo": "20",
    "store": "Market Basket",
    "weightType": "1 count",
    "imageName": "14447.jpg",
    "defaultImage": "14447.jpg",
    "updatedTimestamp": "Jan 23, 2021 8:02:30 PM",
    "createdTimestamp": "Jan 23, 2021 8:02:30 PM",
    "isNewlyAdded": false,
    "isActive": true,
    "isDealsEnabled": false,
    "quantity": 0
  },
  {
    "id": 7324,
    "code": "McCormick Hot Taco Seasoning Mix",
    "desc": "McCormick Hot Taco Seasoning Mix",
    "shortDesc": "McCormick Hot Taco Seasoning Mix",
    "tags": [
      "Spices & Seasonings"
    ],
    "categories": [
      {
        "code": "Cooking Needs",
        "desc": "Cooking Needs"
      }
    ],
    "subCategories": [
      {
        "code": "Spices & Seasonings",
        "desc": "Spices & Seasonings"
      }
    ],
    "brands": [
      {
        "code": "McCormick",
        "desc": "McCormick"
      }
    ],
    "price": {
      "basePrice": 1.89,
      "discountPrice": 1.89
    },
    "type": {
      "code": "Spices & Seasonings",
      "desc": "Spices & Seasonings"
    },
    "weight": "1 oz",
    "UpcCode": "",
    "tax": 0.0,
    "spiceLevel": "",
    "aiselNo": "9",
    "store": "Market Basket",
    "weightType": "1 oz",
    "imageName": "2142.jpg",
    "defaultImage": "2142.jpg",
    "updatedTimestamp": "Jan 23, 2021 8:02:30 PM",
    "createdTimestamp": "Jan 23, 2021 8:02:30 PM",
    "isNewlyAdded": false,
    "isActive": true,
    "isDealsEnabled": false,
    "quantity": 0
  },
  {
    "id": 6528,
    "code": "Sunmaid Dark Chocolate Yogurt Flavored Raisins",
    "desc": "Sunmaid Dark Chocolate Yogurt Flavored Raisins",
    "shortDesc": "Sunmaid Dark Chocolate Yogurt Flavored Raisins",
    "tags": [
      "Nuts, Seeds & Dried Fruit"
    ],
    "categories": [
      {
        "code": "Chips, Cookies & Snacks",
        "desc": "Chips, Cookies & Snacks"
      }
    ],
    "subCategories": [
      {
        "code": "Nuts, Seeds & Dried Fruit",
        "desc": "Nuts, Seeds & Dried Fruit"
      }
    ],
    "brands": [
      {
        "code": "Sunmaid",
        "desc": "Sunmaid"
      }
    ],
    "price": {
      "basePrice": 3.74,
      "discountPrice": 3.74
    },
    "type": {
      "code": "Nuts, Seeds & Dried Fruit",
      "desc": "Nuts, Seeds & Dried Fruit"
    },
    "weight": "7 oz",
    "UpcCode": "",
    "tax": 0.0,
    "spiceLevel": "",
    "aiselNo": "6",
    "store": "Market Basket",
    "weightType": "7 oz",
    "imageName": "No Image.jpg",
    "defaultImage": "No Image.jpg",
    "updatedTimestamp": "Jan 23, 2021 8:02:30 PM",
    "createdTimestamp": "Jan 23, 2021 8:02:30 PM",
    "isNewlyAdded": false,
    "isActive": true,
    "isDealsEnabled": false,
    "quantity": 0
  },
  {
    "id": 5918,
    "code": "Peet's Iced Espresso Vanilla Latte",
    "desc": "Peet's Iced Espresso Vanilla Latte",
    "shortDesc": "Peet's Iced Espresso Vanilla Latte",
    "tags": [
      "Single To-Go Coffee"
    ],
    "categories": [
      {
        "code": "Beverages & Juices",
        "desc": "Beverages & Juices"
      }
    ],
    "subCategories": [
      {
        "code": "Tea, Coffee, Milk & Coconut Water",
        "desc": "Tea, Coffee, Milk & Coconut Water"
      }
    ],
    "brands": [
      {
        "code": "Peet's",
        "desc": "Peet's"
      }
    ],
    "price": {
      "basePrice": 3.13,
      "discountPrice": 3.13
    },
    "type": {
      "code": "Single To-Go Coffee",
      "desc": "Single To-Go Coffee"
    },
    "weight": "8 fl oz",
    "UpcCode": "",
    "tax": 0.0,
    "spiceLevel": "",
    "aiselNo": "17",
    "store": "Market Basket",
    "weightType": "8 fl oz",
    "imageName": "No Image.jpg",
    "defaultImage": "No Image.jpg",
    "updatedTimestamp": "Jan 23, 2021 8:02:30 PM",
    "createdTimestamp": "Jan 23, 2021 8:02:30 PM",
    "isNewlyAdded": false,
    "isActive": true,
    "isDealsEnabled": false,
    "quantity": 0
  },
  {
    "id": 9893,
    "code": "Market Basket Whole Okra",
    "desc": "Market Basket Whole Okra",
    "shortDesc": "Market Basket Whole Okra",
    "tags": [
      "Frozen Produce"
    ],
    "categories": [
      {
        "code": "Frozen Food",
        "desc": "Frozen Food"
      }
    ],
    "subCategories": [
      {
        "code": "Frozen Produce",
        "desc": "Frozen Produce"
      }
    ],
    "brands": [
      {
        "code": "Market Basket",
        "desc": "Market Basket"
      }
    ],
    "price": {
      "basePrice": 1.59,
      "discountPrice": 1.59
    },
    "type": {
      "code": "Frozen Produce",
      "desc": "Frozen Produce"
    },
    "weight": "16 oz",
    "UpcCode": "",
    "tax": 0.0,
    "spiceLevel": "",
    "aiselNo": "19",
    "store": "Market Basket",
    "weightType": "16 oz",
    "imageName": "Market Basket.jpg",
    "defaultImage": "Market Basket.jpg",
    "updatedTimestamp": "Jan 23, 2021 8:02:30 PM",
    "createdTimestamp": "Jan 23, 2021 8:02:30 PM",
    "isNewlyAdded": false,
    "isActive": true,
    "isDealsEnabled": false,
    "quantity": 0
  },
  {
    "id": 10027,
    "code": "Elan Low Fat Frozen Yogurt Chocolate",
    "desc": "Elan Low Fat Frozen Yogurt Chocolate",
    "shortDesc": "Elan Low Fat Frozen Yogurt Chocolate",
    "tags": [
      "Ice Cream & Ice"
    ],
    "categories": [
      {
        "code": "Frozen Food",
        "desc": "Frozen Food"
      }
    ],
    "subCategories": [
      {
        "code": "Ice Cream & Ice",
        "desc": "Ice Cream & Ice"
      }
    ],
    "brands": [
      {
        "code": "Elan",
        "desc": "Elan"
      }
    ],
    "price": {
      "basePrice": 4.79,
      "discountPrice": 4.79
    },
    "type": {
      "code": "Ice Cream & Ice",
      "desc": "Ice Cream & Ice"
    },
    "weight": "1 quart",
    "UpcCode": "",
    "tax": 0.0,
    "spiceLevel": "",
    "aiselNo": "21",
    "store": "Market Basket",
    "weightType": "1 quart",
    "imageName": "16112.jpg",
    "defaultImage": "16112.jpg",
    "updatedTimestamp": "Jan 23, 2021 8:02:30 PM",
    "createdTimestamp": "Jan 23, 2021 8:02:30 PM",
    "isNewlyAdded": false,
    "isActive": true,
    "isDealsEnabled": false,
    "quantity": 0
  },
  {
    "id": 10063,
    "code": "Haagen dazs Chocolate Chocolate Chip Ice Cream",
    "desc": "Haagen dazs Chocolate Chocolate Chip Ice Cream",
    "shortDesc": "Haagen dazs Chocolate Chocolate Chip Ice Cream",
    "tags": [
      "Ice Cream & Ice"
    ],
    "categories": [
      {
        "code": "Frozen Food",
        "desc": "Frozen Food"
      }
    ],
    "subCategories": [
      {
        "code": "Ice Cream & Ice",
        "desc": "Ice Cream & Ice"
      }
    ],
    "brands": [
      {
        "code": "Haagen-dazs",
        "desc": "Haagen-dazs"
      }
    ],
    "price": {
      "basePrice": 4.29,
      "discountPrice": 4.29
    },
    "type": {
      "code": "Ice Cream & Ice",
      "desc": "Ice Cream & Ice"
    },
    "weight": "14 fl oz",
    "UpcCode": "",
    "tax": 0.0,
    "spiceLevel": "",
    "aiselNo": "21",
    "store": "Market Basket",
    "weightType": "14 fl oz",
    "imageName": "3087.jpg",
    "defaultImage": "3087.jpg",
    "updatedTimestamp": "Jan 23, 2021 8:02:30 PM",
    "createdTimestamp": "Jan 23, 2021 8:02:30 PM",
    "isNewlyAdded": false,
    "isActive": true,
    "isDealsEnabled": false,
    "quantity": 0
  },
  {
    "id": 5254,
    "code": "LATE JULY Cantina Style Yellow Corn Tortilla Chips",
    "desc": "LATE JULY Cantina Style Yellow Corn Tortilla Chips",
    "shortDesc": "LATE JULY Cantina Style Yellow Corn Tortilla Chips",
    "tags": [
      "Chips & Pretzels"
    ],
    "categories": [
      {
        "code": "Chips, Cookies & Snacks",
        "desc": "Chips, Cookies & Snacks"
      }
    ],
    "subCategories": [
      {
        "code": "Chips & Fruit Snacks",
        "desc": "Chips & Fruit Snacks"
      }
    ],
    "brands": [
      {
        "code": "LATE JULY",
        "desc": "LATE JULY"
      }
    ],
    "price": {
      "basePrice": 4.67,
      "discountPrice": 4.67
    },
    "type": {
      "code": "Chips & Pretzels",
      "desc": "Chips & Pretzels"
    },
    "weight": "9 oz",
    "UpcCode": "",
    "tax": 0.0,
    "spiceLevel": "",
    "aiselNo": "0",
    "store": "Market Basket",
    "weightType": "9 oz",
    "imageName": "No Image.jpg",
    "defaultImage": "No Image.jpg",
    "updatedTimestamp": "Jan 23, 2021 8:02:30 PM",
    "createdTimestamp": "Jan 23, 2021 8:02:30 PM",
    "isNewlyAdded": false,
    "isActive": true,
    "isDealsEnabled": false,
    "quantity": 0
  },
  {
    "id": 13367,
    "code": "Market Basket Fat Free Half And Half",
    "desc": "Market Basket Fat Free Half And Half",
    "shortDesc": "Market Basket Fat Free Half And Half",
    "tags": [
      "Cream"
    ],
    "categories": [
      {
        "code": "Breakfast & Dairy",
        "desc": "Breakfast & Dairy"
      }
    ],
    "subCategories": [
      {
        "code": "Dairy & Eggs",
        "desc": "Dairy & Eggs"
      }
    ],
    "brands": [
      {
        "code": "Market Basket",
        "desc": "Market Basket"
      }
    ],
    "price": {
      "basePrice": 3.69,
      "discountPrice": 3.69
    },
    "type": {
      "code": "Cream",
      "desc": "Cream"
    },
    "weight": "64 fl oz",
    "UpcCode": "",
    "tax": 0.0,
    "spiceLevel": "",
    "aiselNo": "1",
    "store": "Market Basket",
    "weightType": "64 fl oz",
    "imageName": "Market Basket.jpg",
    "defaultImage": "Market Basket.jpg",
    "updatedTimestamp": "Jan 23, 2021 8:02:30 PM",
    "createdTimestamp": "Jan 23, 2021 8:02:30 PM",
    "isNewlyAdded": false,
    "isActive": true,
    "isDealsEnabled": false,
    "quantity": 0
  },
  {
    "id": 13749,
    "code": "Market Basket Muenster Cheese Block",
    "desc": "Market Basket Muenster Cheese Block",
    "shortDesc": "Market Basket Muenster Cheese Block",
    "tags": [
      "Packaged Cheese"
    ],
    "categories": [
      {
        "code": "Breakfast & Dairy",
        "desc": "Breakfast & Dairy"
      }
    ],
    "subCategories": [
      {
        "code": "Dairy & Eggs",
        "desc": "Dairy & Eggs"
      }
    ],
    "brands": [
      {
        "code": "Market Basket",
        "desc": "Market Basket"
      }
    ],
    "price": {
      "basePrice": 6.09,
      "discountPrice": 6.09
    },
    "type": {
      "code": "Packaged Cheese",
      "desc": "Packaged Cheese"
    },
    "weight": "24 oz",
    "UpcCode": "",
    "tax": 0.0,
    "spiceLevel": "",
    "aiselNo": "1",
    "store": "Market Basket",
    "weightType": "24 oz",
    "imageName": "Market Basket.jpg",
    "defaultImage": "Market Basket.jpg",
    "updatedTimestamp": "Jan 23, 2021 8:02:30 PM",
    "createdTimestamp": "Jan 23, 2021 8:02:30 PM",
    "isNewlyAdded": false,
    "isActive": true,
    "isDealsEnabled": false,
    "quantity": 0
  },
  {
    "id": 7281,
    "code": "McCormick GourmetÃ¢âÂ¢ All Natural Whole Cardamom Pods",
    "desc": "McCormick GourmetÃ¢âÂ¢ All Natural Whole Cardamom Pods",
    "shortDesc": "McCormick GourmetÃ¢âÂ¢ All Natural Whole Cardamom Pods",
    "tags": [
      "Spices & Seasonings"
    ],
    "categories": [
      {
        "code": "Cooking Needs",
        "desc": "Cooking Needs"
      }
    ],
    "subCategories": [
      {
        "code": "Spices & Seasonings",
        "desc": "Spices & Seasonings"
      }
    ],
    "brands": [
      {
        "code": "McCormick",
        "desc": "McCormick"
      }
    ],
    "price": {
      "basePrice": 9.79,
      "discountPrice": 9.79
    },
    "type": {
      "code": "Spices & Seasonings",
      "desc": "Spices & Seasonings"
    },
    "weight": "0.95 oz",
    "UpcCode": "",
    "tax": 0.0,
    "spiceLevel": "",
    "aiselNo": "9",
    "store": "Market Basket",
    "weightType": "0.95 oz",
    "imageName": "2207.jpg",
    "defaultImage": "2207.jpg",
    "updatedTimestamp": "Jan 23, 2021 8:02:30 PM",
    "createdTimestamp": "Jan 23, 2021 8:02:30 PM",
    "isNewlyAdded": false,
    "isActive": true,
    "isDealsEnabled": false,
    "quantity": 0
  },
  {
    "id": 10661,
    "code": "Strega Marinara Sauce",
    "desc": "Strega Marinara Sauce",
    "shortDesc": "Strega Marinara Sauce",
    "tags": [
      "Pasta Sauce"
    ],
    "categories": [
      {
        "code": "Pasta & Sauces",
        "desc": "Pasta & Sauces"
      }
    ],
    "subCategories": [
      {
        "code": "Pasta Sauce",
        "desc": "Pasta Sauce"
      }
    ],
    "brands": [
      {
        "code": "Strega ",
        "desc": "Strega "
      }
    ],
    "price": {
      "basePrice": 4.89,
      "discountPrice": 4.89
    },
    "type": {
      "code": "Pasta Sauce",
      "desc": "Pasta Sauce"
    },
    "weight": "26 oz",
    "UpcCode": "",
    "tax": 0.0,
    "spiceLevel": "",
    "aiselNo": "4",
    "store": "Market Basket",
    "weightType": "26 oz",
    "imageName": "No Image.jpg",
    "defaultImage": "No Image.jpg",
    "updatedTimestamp": "Jan 23, 2021 8:02:30 PM",
    "createdTimestamp": "Jan 23, 2021 8:02:30 PM",
    "isNewlyAdded": false,
    "isActive": true,
    "isDealsEnabled": false,
    "quantity": 0
  },
  {
    "id": 8617,
    "code": "Goya Olives, Spanish, Stuffed Queen, with Minced Pimientos",
    "desc": "Goya Olives, Spanish, Stuffed Queen, with Minced Pimientos",
    "shortDesc": "Goya Olives, Spanish, Stuffed Queen, with Minced Pimientos",
    "tags": [
      "Pickled Goods & Olives"
    ],
    "categories": [
      {
        "code": "Condiments & Dressings",
        "desc": "Condiments & Dressings"
      }
    ],
    "subCategories": [
      {
        "code": "Pickled Goods & Olives",
        "desc": "Pickled Goods & Olives"
      }
    ],
    "brands": [
      {
        "code": "Goya",
        "desc": "Goya"
      }
    ],
    "price": {
      "basePrice": 3.69,
      "discountPrice": 3.69
    },
    "type": {
      "code": "Pickled Goods & Olives",
      "desc": "Pickled Goods & Olives"
    },
    "weight": "9 oz",
    "UpcCode": "",
    "tax": 0.0,
    "spiceLevel": "",
    "aiselNo": "7",
    "store": "Market Basket",
    "weightType": "9 oz",
    "imageName": "1871.jpg",
    "defaultImage": "1871.jpg",
    "updatedTimestamp": "Jan 23, 2021 8:02:30 PM",
    "createdTimestamp": "Jan 23, 2021 8:02:30 PM",
    "isNewlyAdded": false,
    "isActive": true,
    "isDealsEnabled": false,
    "quantity": 0
  },
  {
    "id": 10138,
    "code": "Luigi's Italian Ice, Orange, Box",
    "desc": "Luigi's Italian Ice, Orange, Box",
    "shortDesc": "Luigi's Italian Ice, Orange, Box",
    "tags": [
      "Ice Cream & Ice"
    ],
    "categories": [
      {
        "code": "Frozen Food",
        "desc": "Frozen Food"
      }
    ],
    "subCategories": [
      {
        "code": "Ice Cream & Ice",
        "desc": "Ice Cream & Ice"
      }
    ],
    "brands": [
      {
        "code": "Luigi's",
        "desc": "Luigi's"
      }
    ],
    "price": {
      "basePrice": 2.49,
      "discountPrice": 2.49
    },
    "type": {
      "code": "Ice Cream & Ice",
      "desc": "Ice Cream & Ice"
    },
    "weight": "6 fl oz",
    "UpcCode": "",
    "tax": 0.0,
    "spiceLevel": "",
    "aiselNo": "21",
    "store": "Market Basket",
    "weightType": "6 fl oz",
    "imageName": "16207.jpg",
    "defaultImage": "16207.jpg",
    "updatedTimestamp": "Jan 23, 2021 8:02:30 PM",
    "createdTimestamp": "Jan 23, 2021 8:02:30 PM",
    "isNewlyAdded": false,
    "isActive": true,
    "isDealsEnabled": false,
    "quantity": 0
  },
  {
    "id": 9235,
    "code": "Aunt Jemima Blueberry Pancakes",
    "desc": "Aunt Jemima Blueberry Pancakes",
    "shortDesc": "Aunt Jemima Blueberry Pancakes",
    "tags": [
      "Frozen Breakfast"
    ],
    "categories": [
      {
        "code": "Frozen Food",
        "desc": "Frozen Food"
      }
    ],
    "subCategories": [
      {
        "code": "Frozen Breakfast",
        "desc": "Frozen Breakfast"
      }
    ],
    "brands": [
      {
        "code": "Aunt Jemima",
        "desc": "Aunt Jemima"
      }
    ],
    "price": {
      "basePrice": 4.19,
      "discountPrice": 4.19
    },
    "type": {
      "code": "Frozen Breakfast",
      "desc": "Frozen Breakfast"
    },
    "weight": "12 count",
    "UpcCode": "",
    "tax": 0.0,
    "spiceLevel": "",
    "aiselNo": "20",
    "store": "Market Basket",
    "weightType": "12 count",
    "imageName": "2528.jpg",
    "defaultImage": "2528.jpg",
    "updatedTimestamp": "Jan 23, 2021 8:02:30 PM",
    "createdTimestamp": "Jan 23, 2021 8:02:30 PM",
    "isNewlyAdded": false,
    "isActive": true,
    "isDealsEnabled": false,
    "quantity": 0
  },
  {
    "id": 3998,
    "code": "Chayote",
    "desc": "Chayote",
    "shortDesc": "Chayote",
    "tags": [
      "Squash"
    ],
    "categories": [
      {
        "code": "Fresh Produce",
        "desc": "Fresh Produce"
      }
    ],
    "subCategories": [
      {
        "code": "Fresh Vegetables",
        "desc": "Fresh Vegetables"
      }
    ],
    "brands": [
      {
        "code": "Market Basket",
        "desc": "Market Basket"
      }
    ],
    "price": {
      "basePrice": 1.09,
      "discountPrice": 1.09
    },
    "type": {
      "code": "Squash",
      "desc": "Squash"
    },
    "weight": "1 count",
    "UpcCode": "",
    "tax": 0.0,
    "spiceLevel": "",
    "aiselNo": "20",
    "store": "Market Basket",
    "weightType": "1 count",
    "imageName": "f279.jpg",
    "defaultImage": "f279.jpg",
    "updatedTimestamp": "Jan 23, 2021 8:02:30 PM",
    "createdTimestamp": "Jan 23, 2021 8:02:30 PM",
    "isNewlyAdded": false,
    "isActive": true,
    "isDealsEnabled": false,
    "quantity": 0
  },
  {
    "id": 7892,
    "code": "Low Sodium Albacore Tuna In Water",
    "desc": "Low Sodium Albacore Tuna In Water",
    "shortDesc": "Low Sodium Albacore Tuna In Water",
    "tags": [
      "Canned Meat & Seafood"
    ],
    "categories": [
      {
        "code": "Cooking Needs",
        "desc": "Cooking Needs"
      }
    ],
    "subCategories": [
      {
        "code": "Canned Food",
        "desc": "Canned Food"
      }
    ],
    "brands": [
      {
        "code": "StarKist",
        "desc": "StarKist"
      }
    ],
    "price": {
      "basePrice": 2.49,
      "discountPrice": 2.49
    },
    "type": {
      "code": "Canned Meat & Seafood",
      "desc": "Canned Meat & Seafood"
    },
    "weight": "2.6 oz",
    "UpcCode": "",
    "tax": 0.0,
    "spiceLevel": "",
    "aiselNo": "2",
    "store": "Market Basket",
    "weightType": "2.6 oz",
    "imageName": "5203.jpg",
    "defaultImage": "5203.jpg",
    "updatedTimestamp": "Jan 23, 2021 8:02:30 PM",
    "createdTimestamp": "Jan 23, 2021 8:02:30 PM",
    "isNewlyAdded": false,
    "isActive": true,
    "isDealsEnabled": false,
    "quantity": 0
  },
  {
    "id": 7790,
    "code": "Market Basket French Style Green Beans",
    "desc": "Market Basket French Style Green Beans",
    "shortDesc": "Market Basket French Style Green Beans",
    "tags": [
      "Canned Meals & Beans"
    ],
    "categories": [
      {
        "code": "Cooking Needs",
        "desc": "Cooking Needs"
      }
    ],
    "subCategories": [
      {
        "code": "Canned Food",
        "desc": "Canned Food"
      }
    ],
    "brands": [
      {
        "code": "Market Basket",
        "desc": "Market Basket"
      }
    ],
    "price": {
      "basePrice": 0.69,
      "discountPrice": 0.69
    },
    "type": {
      "code": "Canned Meals & Beans",
      "desc": "Canned Meals & Beans"
    },
    "weight": "8 oz",
    "UpcCode": "",
    "tax": 0.0,
    "spiceLevel": "",
    "aiselNo": "2",
    "store": "Market Basket",
    "weightType": "8 oz",
    "imageName": "Market Basket.jpg",
    "defaultImage": "Market Basket.jpg",
    "updatedTimestamp": "Jan 23, 2021 8:02:30 PM",
    "createdTimestamp": "Jan 23, 2021 8:02:30 PM",
    "isNewlyAdded": false,
    "isActive": true,
    "isDealsEnabled": false,
    "quantity": 0
  },
  {
    "id": 5640,
    "code": "Eclipse Spearmint Sugarfree Gum multi total",
    "desc": "Eclipse Spearmint Sugarfree Gum multi total",
    "shortDesc": "Eclipse Spearmint Sugarfree Gum multi total",
    "tags": [
      "Mint & Gum"
    ],
    "categories": [
      {
        "code": "Chips, Cookies & Snacks",
        "desc": "Chips, Cookies & Snacks"
      }
    ],
    "subCategories": [
      {
        "code": "Candy & Chocolates",
        "desc": "Candy & Chocolates"
      }
    ],
    "brands": [
      {
        "code": "Eclipse",
        "desc": "Eclipse"
      }
    ],
    "price": {
      "basePrice": 3.09,
      "discountPrice": 3.09
    },
    "type": {
      "code": "Mint & Gum",
      "desc": "Mint & Gum"
    },
    "weight": "3 x ct",
    "UpcCode": "",
    "tax": 0.0,
    "spiceLevel": "",
    "aiselNo": "3",
    "store": "Market Basket",
    "weightType": "3 x ct",
    "imageName": "1509.jpg",
    "defaultImage": "1509.jpg",
    "updatedTimestamp": "Jan 23, 2021 8:02:30 PM",
    "createdTimestamp": "Jan 23, 2021 8:02:30 PM",
    "isNewlyAdded": false,
    "isActive": true,
    "isDealsEnabled": false,
    "quantity": 0
  },
  {
    "id": 15035,
    "code": "Mitchum Women Gel Antiperspirant & Deodorant Powder Fresh",
    "desc": "Mitchum Women Gel Antiperspirant & Deodorant Powder Fresh",
    "shortDesc": "Mitchum Women Gel Antiperspirant & Deodorant Powder Fresh",
    "tags": [
      "Deodorants"
    ],
    "categories": [
      {
        "code": "Personal Care",
        "desc": "Personal Care"
      }
    ],
    "subCategories": [
      {
        "code": "Personal Needs",
        "desc": "Personal Needs"
      }
    ],
    "brands": [
      {
        "code": "Mitchum",
        "desc": "Mitchum"
      }
    ],
    "price": {
      "basePrice": 5.28,
      "discountPrice": 5.28
    },
    "type": {
      "code": "Deodorants",
      "desc": "Deodorants"
    },
    "weight": "2.25 oz",
    "UpcCode": "",
    "tax": 1.0,
    "spiceLevel": "",
    "aiselNo": "13",
    "store": "Market Basket",
    "weightType": "2.25 oz",
    "imageName": "17706.jpg",
    "defaultImage": "17706.jpg",
    "updatedTimestamp": "Jan 23, 2021 8:02:30 PM",
    "createdTimestamp": "Jan 23, 2021 8:02:30 PM",
    "isNewlyAdded": false,
    "isActive": true,
    "isDealsEnabled": false,
    "quantity": 0
  },
  {
    "id": 14649,
    "code": "Twinings of London Pure Camomile Herbal Tea Tea Bags",
    "desc": "Twinings of London Pure Camomile Herbal Tea Tea Bags",
    "shortDesc": "Twinings of London Pure Camomile Herbal Tea Tea Bags",
    "tags": [
      "Tea"
    ],
    "categories": [
      {
        "code": "Breakfast & Dairy",
        "desc": "Breakfast & Dairy"
      }
    ],
    "subCategories": [
      {
        "code": "Tea & Coffee",
        "desc": "Tea & Coffee"
      }
    ],
    "brands": [
      {
        "code": "Twinings",
        "desc": "Twinings"
      }
    ],
    "price": {
      "basePrice": 3.09,
      "discountPrice": 3.09
    },
    "type": {
      "code": "Tea",
      "desc": "Tea"
    },
    "weight": "20 count",
    "UpcCode": "",
    "tax": 0.0,
    "spiceLevel": "",
    "aiselNo": "8",
    "store": "Market Basket",
    "weightType": "20 count",
    "imageName": "3445.jpg",
    "defaultImage": "3445.jpg",
    "updatedTimestamp": "Jan 23, 2021 8:02:30 PM",
    "createdTimestamp": "Jan 23, 2021 8:02:30 PM",
    "isNewlyAdded": false,
    "isActive": true,
    "isDealsEnabled": false,
    "quantity": 0
  },
  {
    "id": 14780,
    "code": "Revlon Permanent Hair Color, Medium Golden Chestnut Brown 46",
    "desc": "Revlon Permanent Hair Color, Medium Golden Chestnut Brown 46",
    "shortDesc": "Revlon Permanent Hair Color, Medium Golden Chestnut Brown 46",
    "tags": [
      "Hair Care"
    ],
    "categories": [
      {
        "code": "Personal Care",
        "desc": "Personal Care"
      }
    ],
    "subCategories": [
      {
        "code": "Body Wash, Soap & Hair Care",
        "desc": "Body Wash, Soap & Hair Care"
      }
    ],
    "brands": [
      {
        "code": "Revlon",
        "desc": "Revlon"
      }
    ],
    "price": {
      "basePrice": 5.62,
      "discountPrice": 5.62
    },
    "type": {
      "code": "Hair Care",
      "desc": "Hair Care"
    },
    "weight": "1 count",
    "UpcCode": "",
    "tax": 1.0,
    "spiceLevel": "",
    "aiselNo": "13",
    "store": "Market Basket",
    "weightType": "1 count",
    "imageName": "17836.jpg",
    "defaultImage": "17836.jpg",
    "updatedTimestamp": "Jan 23, 2021 8:02:30 PM",
    "createdTimestamp": "Jan 23, 2021 8:02:30 PM",
    "isNewlyAdded": false,
    "isActive": true,
    "isDealsEnabled": false,
    "quantity": 0
  },
  {
    "id": 5110,
    "code": "Pepperidge Farm Chesapeake Crispy Chesapeake Dark Chocolate Pecan Cookies",
    "desc": "Pepperidge Farm Chesapeake Crispy Chesapeake Dark Chocolate Pecan Cookies",
    "shortDesc": "Pepperidge Farm Chesapeake Crispy Chesapeake Dark Chocolate Pecan Cookies",
    "tags": [
      "Cookies & Cakes"
    ],
    "categories": [
      {
        "code": "Chips, Cookies & Snacks",
        "desc": "Chips, Cookies & Snacks"
      }
    ],
    "subCategories": [
      {
        "code": "Cookies & Crackers",
        "desc": "Cookies & Crackers"
      }
    ],
    "brands": [
      {
        "code": "Pepperidge Farm",
        "desc": "Pepperidge Farm"
      }
    ],
    "price": {
      "basePrice": 4.69,
      "discountPrice": 4.69
    },
    "type": {
      "code": "Cookies & Cakes",
      "desc": "Cookies & Cakes"
    },
    "weight": "7.2 oz",
    "UpcCode": "",
    "tax": 0.0,
    "spiceLevel": "",
    "aiselNo": "6",
    "store": "Market Basket",
    "weightType": "7.2 oz",
    "imageName": "15044.jpg",
    "defaultImage": "15044.jpg",
    "updatedTimestamp": "Jan 23, 2021 8:02:30 PM",
    "createdTimestamp": "Jan 23, 2021 8:02:30 PM",
    "isNewlyAdded": false,
    "isActive": true,
    "isDealsEnabled": false,
    "quantity": 0
  },
  {
    "id": 4735,
    "code": "Perdue Bourbon Style Boneless Chicken Wyngz",
    "desc": "Perdue Bourbon Style Boneless Chicken Wyngz",
    "shortDesc": "Perdue Bourbon Style Boneless Chicken Wyngz",
    "tags": [
      "Chicken Products"
    ],
    "categories": [
      {
        "code": "Meat & Seafood",
        "desc": "Meat & Seafood"
      }
    ],
    "subCategories": [
      {
        "code": "Frozen Meat & Seafood",
        "desc": "Frozen Meat & Seafood"
      }
    ],
    "brands": [
      {
        "code": "Perdue",
        "desc": "Perdue"
      }
    ],
    "price": {
      "basePrice": 12.39,
      "discountPrice": 12.39
    },
    "type": {
      "code": "Chicken Products",
      "desc": "Chicken Products"
    },
    "weight": "1.63 lb",
    "UpcCode": "",
    "tax": 0.0,
    "spiceLevel": "",
    "aiselNo": "18",
    "store": "Market Basket",
    "weightType": "1.63 lb",
    "imageName": "2896.jpg",
    "defaultImage": "2896.jpg",
    "updatedTimestamp": "Jan 23, 2021 8:02:30 PM",
    "createdTimestamp": "Jan 23, 2021 8:02:30 PM",
    "isNewlyAdded": false,
    "isActive": true,
    "isDealsEnabled": false,
    "quantity": 0
  },
  {
    "id": 5284,
    "code": "Market Basket Cruncy Cheese Stix Cheddar Cheese",
    "desc": "Market Basket Cruncy Cheese Stix Cheddar Cheese",
    "shortDesc": "Market Basket Cruncy Cheese Stix Cheddar Cheese",
    "tags": [
      "Chips & Pretzels"
    ],
    "categories": [
      {
        "code": "Chips, Cookies & Snacks",
        "desc": "Chips, Cookies & Snacks"
      }
    ],
    "subCategories": [
      {
        "code": "Chips & Fruit Snacks",
        "desc": "Chips & Fruit Snacks"
      }
    ],
    "brands": [
      {
        "code": "Market Basket",
        "desc": "Market Basket"
      }
    ],
    "price": {
      "basePrice": 3.13,
      "discountPrice": 3.13
    },
    "type": {
      "code": "Chips & Pretzels",
      "desc": "Chips & Pretzels"
    },
    "weight": "9 oz",
    "UpcCode": "",
    "tax": 0.0,
    "spiceLevel": "",
    "aiselNo": "0",
    "store": "Market Basket",
    "weightType": "9 oz",
    "imageName": "Market Basket.jpg",
    "defaultImage": "Market Basket.jpg",
    "updatedTimestamp": "Jan 23, 2021 8:02:30 PM",
    "createdTimestamp": "Jan 23, 2021 8:02:30 PM",
    "isNewlyAdded": false,
    "isActive": true,
    "isDealsEnabled": false,
    "quantity": 0
  },
  {
    "id": 14754,
    "code": "John Frieda Frizz Ease Secret Weapon Touch-Up Creme",
    "desc": "John Frieda Frizz Ease Secret Weapon Touch-Up Creme",
    "shortDesc": "John Frieda Frizz Ease Secret Weapon Touch-Up Creme",
    "tags": [
      "Hair Care"
    ],
    "categories": [
      {
        "code": "Personal Care",
        "desc": "Personal Care"
      }
    ],
    "subCategories": [
      {
        "code": "Body Wash, Soap & Hair Care",
        "desc": "Body Wash, Soap & Hair Care"
      }
    ],
    "brands": [
      {
        "code": "John Fireda",
        "desc": "John Fireda"
      }
    ],
    "price": {
      "basePrice": 7.69,
      "discountPrice": 7.69
    },
    "type": {
      "code": "Hair Care",
      "desc": "Hair Care"
    },
    "weight": "4 oz",
    "UpcCode": "",
    "tax": 1.0,
    "spiceLevel": "",
    "aiselNo": "13",
    "store": "Market Basket",
    "weightType": "4 oz",
    "imageName": "17841.jpg",
    "defaultImage": "17841.jpg",
    "updatedTimestamp": "Jan 23, 2021 8:02:30 PM",
    "createdTimestamp": "Jan 23, 2021 8:02:30 PM",
    "isNewlyAdded": false,
    "isActive": true,
    "isDealsEnabled": false,
    "quantity": 0
  },
  {
    "id": 13906,
    "code": "Silk Unsweet Coconutmilk",
    "desc": "Silk Unsweet Coconutmilk",
    "shortDesc": "Silk Unsweet Coconutmilk",
    "tags": [
      "Soy & Lactose-Free"
    ],
    "categories": [
      {
        "code": "Breakfast & Dairy",
        "desc": "Breakfast & Dairy"
      }
    ],
    "subCategories": [
      {
        "code": "Dairy & Eggs",
        "desc": "Dairy & Eggs"
      }
    ],
    "brands": [
      {
        "code": "Silk",
        "desc": "Silk"
      }
    ],
    "price": {
      "basePrice": 3.09,
      "discountPrice": 3.09
    },
    "type": {
      "code": "Soy & Lactose-Free",
      "desc": "Soy & Lactose-Free"
    },
    "weight": "64 fl oz",
    "UpcCode": "",
    "tax": 0.0,
    "spiceLevel": "",
    "aiselNo": "1",
    "store": "Market Basket",
    "weightType": "64 fl oz",
    "imageName": "716.jpg",
    "defaultImage": "716.jpg",
    "updatedTimestamp": "Jan 23, 2021 8:02:30 PM",
    "createdTimestamp": "Jan 23, 2021 8:02:30 PM",
    "isNewlyAdded": false,
    "isActive": true,
    "isDealsEnabled": false,
    "quantity": 0
  },
  {
    "id": 10093,
    "code": "Hood Ice Cream Classic Trio",
    "desc": "Hood Ice Cream Classic Trio",
    "shortDesc": "Hood Ice Cream Classic Trio",
    "tags": [
      "Ice Cream & Ice"
    ],
    "categories": [
      {
        "code": "Frozen Food",
        "desc": "Frozen Food"
      }
    ],
    "subCategories": [
      {
        "code": "Ice Cream & Ice",
        "desc": "Ice Cream & Ice"
      }
    ],
    "brands": [
      {
        "code": "Hood",
        "desc": "Hood"
      }
    ],
    "price": {
      "basePrice": 3.69,
      "discountPrice": 3.69
    },
    "type": {
      "code": "Ice Cream & Ice",
      "desc": "Ice Cream & Ice"
    },
    "weight": "1.5 quart",
    "UpcCode": "",
    "tax": 0.0,
    "spiceLevel": "",
    "aiselNo": "21",
    "store": "Market Basket",
    "weightType": "1.5 quart",
    "imageName": "3096.jpg",
    "defaultImage": "3096.jpg",
    "updatedTimestamp": "Jan 23, 2021 8:02:30 PM",
    "createdTimestamp": "Jan 23, 2021 8:02:30 PM",
    "isNewlyAdded": false,
    "isActive": true,
    "isDealsEnabled": false,
    "quantity": 0
  },
  {
    "id": 6360,
    "code": "Polar Seltzer Calorie free Raspberry Lime",
    "desc": "Polar Seltzer Calorie free Raspberry Lime",
    "shortDesc": "Polar Seltzer Calorie free Raspberry Lime",
    "tags": [
      "Seltzer"
    ],
    "categories": [
      {
        "code": "Beverages & Juices",
        "desc": "Beverages & Juices"
      }
    ],
    "subCategories": [
      {
        "code": "Soft Drinks & Seltzers",
        "desc": "Soft Drinks & Seltzers"
      }
    ],
    "brands": [
      {
        "code": "Polar",
        "desc": "Polar"
      }
    ],
    "price": {
      "basePrice": 1.74,
      "discountPrice": 1.74
    },
    "type": {
      "code": "Seltzer",
      "desc": "Seltzer"
    },
    "weight": "2 L",
    "UpcCode": "",
    "tax": 0.0,
    "spiceLevel": "",
    "aiselNo": "11",
    "store": "Market Basket",
    "weightType": "2 L",
    "imageName": "3208.jpg",
    "defaultImage": "3208.jpg",
    "updatedTimestamp": "Jan 23, 2021 8:02:30 PM",
    "createdTimestamp": "Jan 23, 2021 8:02:30 PM",
    "isNewlyAdded": false,
    "isActive": true,
    "isDealsEnabled": false,
    "quantity": 0
  },
  {
    "id": 6363,
    "code": "Polar Seltzer Ruby Red Grapefruit",
    "desc": "Polar Seltzer Ruby Red Grapefruit",
    "shortDesc": "Polar Seltzer Ruby Red Grapefruit",
    "tags": [
      "Seltzer"
    ],
    "categories": [
      {
        "code": "Beverages & Juices",
        "desc": "Beverages & Juices"
      }
    ],
    "subCategories": [
      {
        "code": "Soft Drinks & Seltzers",
        "desc": "Soft Drinks & Seltzers"
      }
    ],
    "brands": [
      {
        "code": "Polar",
        "desc": "Polar"
      }
    ],
    "price": {
      "basePrice": 3.74,
      "discountPrice": 3.74
    },
    "type": {
      "code": "Seltzer",
      "desc": "Seltzer"
    },
    "weight": "6 x 16.9 fl oz",
    "UpcCode": "",
    "tax": 0.0,
    "spiceLevel": "",
    "aiselNo": "11",
    "store": "Market Basket",
    "weightType": "6 x 16.9 fl oz",
    "imageName": "No Image.jpg",
    "defaultImage": "No Image.jpg",
    "updatedTimestamp": "Jan 23, 2021 8:02:30 PM",
    "createdTimestamp": "Jan 23, 2021 8:02:30 PM",
    "isNewlyAdded": false,
    "isActive": true,
    "isDealsEnabled": false,
    "quantity": 0
  },
  {
    "id": 14830,
    "code": "Dial Gold Deodorant Soap",
    "desc": "Dial Gold Deodorant Soap",
    "shortDesc": "Dial Gold Deodorant Soap",
    "tags": [
      "Soap"
    ],
    "categories": [
      {
        "code": "Personal Care",
        "desc": "Personal Care"
      }
    ],
    "subCategories": [
      {
        "code": "Body Wash, Soap & Hair Care",
        "desc": "Body Wash, Soap & Hair Care"
      }
    ],
    "brands": [
      {
        "code": "Dial",
        "desc": "Dial"
      }
    ],
    "price": {
      "basePrice": 5.62,
      "discountPrice": 5.62
    },
    "type": {
      "code": "Soap",
      "desc": "Soap"
    },
    "weight": "4 oz",
    "UpcCode": "",
    "tax": 1.0,
    "spiceLevel": "",
    "aiselNo": "13",
    "store": "Market Basket",
    "weightType": "4 oz",
    "imageName": "6341.jpg",
    "defaultImage": "6341.jpg",
    "updatedTimestamp": "Jan 23, 2021 8:02:30 PM",
    "createdTimestamp": "Jan 23, 2021 8:02:30 PM",
    "isNewlyAdded": false,
    "isActive": true,
    "isDealsEnabled": false,
    "quantity": 0
  },
  {
    "id": 7028,
    "code": "Pillsbury Ready to Bake! Chocolate Chip with Red Morsels Cookies",
    "desc": "Pillsbury Ready to Bake! Chocolate Chip with Red Morsels Cookies",
    "shortDesc": "Pillsbury Ready to Bake! Chocolate Chip with Red Morsels Cookies",
    "tags": [
      "Doughs, Gelatins & Bake Mixes"
    ],
    "categories": [
      {
        "code": "Cooking Needs",
        "desc": "Cooking Needs"
      }
    ],
    "subCategories": [
      {
        "code": "Baking & Cooking",
        "desc": "Baking & Cooking"
      }
    ],
    "brands": [
      {
        "code": "Pillsbury",
        "desc": "Pillsbury"
      }
    ],
    "price": {
      "basePrice": 3.09,
      "discountPrice": 3.09
    },
    "type": {
      "code": "Doughs, Gelatins & Bake Mixes",
      "desc": "Doughs, Gelatins & Bake Mixes"
    },
    "weight": "16 oz",
    "UpcCode": "",
    "tax": 0.0,
    "spiceLevel": "",
    "aiselNo": "8",
    "store": "Market Basket",
    "weightType": "16 oz",
    "imageName": "2044.jpg",
    "defaultImage": "2044.jpg",
    "updatedTimestamp": "Jan 23, 2021 8:02:30 PM",
    "createdTimestamp": "Jan 23, 2021 8:02:30 PM",
    "isNewlyAdded": false,
    "isActive": true,
    "isDealsEnabled": false,
    "quantity": 0
  },
  {
    "id": 10002,
    "code": "Edy's/Dreyer's Caramel Delight Light Ice Cream",
    "desc": "Edy's/Dreyer's Caramel Delight Light Ice Cream",
    "shortDesc": "Edy's/Dreyer's Caramel Delight Light Ice Cream",
    "tags": [
      "Ice Cream & Ice"
    ],
    "categories": [
      {
        "code": "Frozen Food",
        "desc": "Frozen Food"
      }
    ],
    "subCategories": [
      {
        "code": "Ice Cream & Ice",
        "desc": "Ice Cream & Ice"
      }
    ],
    "brands": [
      {
        "code": "Edy's/dreyer's",
        "desc": "Edy's/dreyer's"
      }
    ],
    "price": {
      "basePrice": 3.69,
      "discountPrice": 3.69
    },
    "type": {
      "code": "Ice Cream & Ice",
      "desc": "Ice Cream & Ice"
    },
    "weight": "1.5 quart",
    "UpcCode": "",
    "tax": 0.0,
    "spiceLevel": "",
    "aiselNo": "21",
    "store": "Market Basket",
    "weightType": "1.5 quart",
    "imageName": "3036.jpg",
    "defaultImage": "3036.jpg",
    "updatedTimestamp": "Jan 23, 2021 8:02:30 PM",
    "createdTimestamp": "Jan 23, 2021 8:02:30 PM",
    "isNewlyAdded": false,
    "isActive": true,
    "isDealsEnabled": false,
    "quantity": 0
  },
  {
    "id": 6911,
    "code": "Splenda Brown Sugar Blend",
    "desc": "Splenda Brown Sugar Blend",
    "shortDesc": "Splenda Brown Sugar Blend",
    "tags": [
      "Baking Ingredients"
    ],
    "categories": [
      {
        "code": "Cooking Needs",
        "desc": "Cooking Needs"
      }
    ],
    "subCategories": [
      {
        "code": "Baking & Cooking",
        "desc": "Baking & Cooking"
      }
    ],
    "brands": [
      {
        "code": "Splenda",
        "desc": "Splenda"
      }
    ],
    "price": {
      "basePrice": 5.29,
      "discountPrice": 5.29
    },
    "type": {
      "code": "Baking Ingredients",
      "desc": "Baking Ingredients"
    },
    "weight": "16 oz",
    "UpcCode": "",
    "tax": 0.0,
    "spiceLevel": "",
    "aiselNo": "8",
    "store": "Market Basket",
    "weightType": "16 oz",
    "imageName": "15686.jpg",
    "defaultImage": "15686.jpg",
    "updatedTimestamp": "Jan 23, 2021 8:02:30 PM",
    "createdTimestamp": "Jan 23, 2021 8:02:30 PM",
    "isNewlyAdded": false,
    "isActive": true,
    "isDealsEnabled": false,
    "quantity": 0
  },
  {
    "id": 7970,
    "code": "Campbell's Condensed Cream of Chicken Soup",
    "desc": "Campbell's Condensed Cream of Chicken Soup",
    "shortDesc": "Campbell's Condensed Cream of Chicken Soup",
    "tags": [
      "Soup, Broth & Bouillon"
    ],
    "categories": [
      {
        "code": "Cooking Needs",
        "desc": "Cooking Needs"
      }
    ],
    "subCategories": [
      {
        "code": "Canned Food",
        "desc": "Canned Food"
      }
    ],
    "brands": [
      {
        "code": "Campbell's",
        "desc": "Campbell's"
      }
    ],
    "price": {
      "basePrice": 2.09,
      "discountPrice": 2.09
    },
    "type": {
      "code": "Soup, Broth & Bouillon",
      "desc": "Soup, Broth & Bouillon"
    },
    "weight": "10.75 oz",
    "UpcCode": "",
    "tax": 0.0,
    "spiceLevel": "",
    "aiselNo": "2",
    "store": "Market Basket",
    "weightType": "10.75 oz",
    "imageName": "5310.jpg",
    "defaultImage": "5310.jpg",
    "updatedTimestamp": "Jan 23, 2021 8:02:30 PM",
    "createdTimestamp": "Jan 23, 2021 8:02:30 PM",
    "isNewlyAdded": false,
    "isActive": true,
    "isDealsEnabled": false,
    "quantity": 0
  },
  {
    "id": 6987,
    "code": "Jell O Sugar Free Fat Free Vanilla Instant Pudding & Pie Filling Mix",
    "desc": "Jell O Sugar Free Fat Free Vanilla Instant Pudding & Pie Filling Mix",
    "shortDesc": "Jell O Sugar Free Fat Free Vanilla Instant Pudding & Pie Filling Mix",
    "tags": [
      "Doughs, Gelatins & Bake Mixes"
    ],
    "categories": [
      {
        "code": "Cooking Needs",
        "desc": "Cooking Needs"
      }
    ],
    "subCategories": [
      {
        "code": "Baking & Cooking",
        "desc": "Baking & Cooking"
      }
    ],
    "brands": [
      {
        "code": "Jell-O",
        "desc": "Jell-O"
      }
    ],
    "price": {
      "basePrice": 1.09,
      "discountPrice": 1.09
    },
    "type": {
      "code": "Doughs, Gelatins & Bake Mixes",
      "desc": "Doughs, Gelatins & Bake Mixes"
    },
    "weight": "1 oz",
    "UpcCode": "",
    "tax": 0.0,
    "spiceLevel": "",
    "aiselNo": "8",
    "store": "Market Basket",
    "weightType": "1 oz",
    "imageName": "2066.jpg",
    "defaultImage": "2066.jpg",
    "updatedTimestamp": "Jan 23, 2021 8:02:30 PM",
    "createdTimestamp": "Jan 23, 2021 8:02:30 PM",
    "isNewlyAdded": false,
    "isActive": true,
    "isDealsEnabled": false,
    "quantity": 0
  },
  {
    "id": 7675,
    "code": "Ocean Spray Sauce Jellied Cranberry Sauce",
    "desc": "Ocean Spray Sauce Jellied Cranberry Sauce",
    "shortDesc": "Ocean Spray Sauce Jellied Cranberry Sauce",
    "tags": [
      "Canned Fruit & Applesauce"
    ],
    "categories": [
      {
        "code": "Cooking Needs",
        "desc": "Cooking Needs"
      }
    ],
    "subCategories": [
      {
        "code": "Canned Food",
        "desc": "Canned Food"
      }
    ],
    "brands": [
      {
        "code": "Ocean Spray",
        "desc": "Ocean Spray"
      }
    ],
    "price": {
      "basePrice": 1.89,
      "discountPrice": 1.89
    },
    "type": {
      "code": "Canned Fruit & Applesauce",
      "desc": "Canned Fruit & Applesauce"
    },
    "weight": "14 oz",
    "UpcCode": "",
    "tax": 0.0,
    "spiceLevel": "",
    "aiselNo": "3",
    "store": "Market Basket",
    "weightType": "14 oz",
    "imageName": "4959.jpg",
    "defaultImage": "4959.jpg",
    "updatedTimestamp": "Jan 23, 2021 8:02:30 PM",
    "createdTimestamp": "Jan 23, 2021 8:02:30 PM",
    "isNewlyAdded": false,
    "isActive": true,
    "isDealsEnabled": false,
    "quantity": 0
  },
  {
    "id": 15240,
    "code": "Oral-B Complete Deep Clean Toothbrush, Soft",
    "desc": "Oral-B Complete Deep Clean Toothbrush, Soft",
    "shortDesc": "Oral-B Complete Deep Clean Toothbrush, Soft",
    "tags": [
      "Oral Hygiene"
    ],
    "categories": [
      {
        "code": "Personal Care",
        "desc": "Personal Care"
      }
    ],
    "subCategories": [
      {
        "code": "Personal Needs",
        "desc": "Personal Needs"
      }
    ],
    "brands": [
      {
        "code": "Oral-B",
        "desc": "Oral-B"
      }
    ],
    "price": {
      "basePrice": 4.24,
      "discountPrice": 4.24
    },
    "type": {
      "code": "Oral Hygiene",
      "desc": "Oral Hygiene"
    },
    "weight": "1 count",
    "UpcCode": "",
    "tax": 1.0,
    "spiceLevel": "",
    "aiselNo": "13",
    "store": "Market Basket",
    "weightType": "1 count",
    "imageName": "6431.jpg",
    "defaultImage": "6431.jpg",
    "updatedTimestamp": "Jan 23, 2021 8:02:30 PM",
    "createdTimestamp": "Jan 23, 2021 8:02:30 PM",
    "isNewlyAdded": false,
    "isActive": true,
    "isDealsEnabled": false,
    "quantity": 0
  },
  {
    "id": 13937,
    "code": "BelGioioso Cheese Provolone Extra Sharp",
    "desc": "BelGioioso Cheese Provolone Extra Sharp",
    "shortDesc": "BelGioioso Cheese Provolone Extra Sharp",
    "tags": [
      "Specialty Cheeses"
    ],
    "categories": [
      {
        "code": "Breakfast & Dairy",
        "desc": "Breakfast & Dairy"
      }
    ],
    "subCategories": [
      {
        "code": "Dairy & Eggs",
        "desc": "Dairy & Eggs"
      }
    ],
    "brands": [
      {
        "code": "BelGioioso",
        "desc": "BelGioioso"
      }
    ],
    "price": {
      "basePrice": 4.29,
      "discountPrice": 4.29
    },
    "type": {
      "code": "Specialty Cheeses",
      "desc": "Specialty Cheeses"
    },
    "weight": "8 oz",
    "UpcCode": "",
    "tax": 0.0,
    "spiceLevel": "",
    "aiselNo": "1",
    "store": "Market Basket",
    "weightType": "8 oz",
    "imageName": "5461.jpg",
    "defaultImage": "5461.jpg",
    "updatedTimestamp": "Jan 23, 2021 8:02:30 PM",
    "createdTimestamp": "Jan 23, 2021 8:02:30 PM",
    "isNewlyAdded": false,
    "isActive": true,
    "isDealsEnabled": false,
    "quantity": 0
  },
  {
    "id": 5350,
    "code": "belVita Soft Baked Mixed Berry Breakfast Biscuits",
    "desc": "belVita Soft Baked Mixed Berry Breakfast Biscuits",
    "shortDesc": "belVita Soft Baked Mixed Berry Breakfast Biscuits",
    "tags": [
      "Cookies & Cakes"
    ],
    "categories": [
      {
        "code": "Chips, Cookies & Snacks",
        "desc": "Chips, Cookies & Snacks"
      }
    ],
    "subCategories": [
      {
        "code": "Cookies & Crackers",
        "desc": "Cookies & Crackers"
      }
    ],
    "brands": [
      {
        "code": "belVita",
        "desc": "belVita"
      }
    ],
    "price": {
      "basePrice": 4.69,
      "discountPrice": 4.69
    },
    "type": {
      "code": "Cookies & Cakes",
      "desc": "Cookies & Cakes"
    },
    "weight": "8.8 oz",
    "UpcCode": "",
    "tax": 0.0,
    "spiceLevel": "",
    "aiselNo": "6",
    "store": "Market Basket",
    "weightType": "8.8 oz",
    "imageName": "No Image.jpg",
    "defaultImage": "No Image.jpg",
    "updatedTimestamp": "Jan 23, 2021 8:02:30 PM",
    "createdTimestamp": "Jan 23, 2021 8:02:30 PM",
    "isNewlyAdded": false,
    "isActive": true,
    "isDealsEnabled": false,
    "quantity": 0
  },
  {
    "id": 6003,
    "code": "Monster Energy Ultra Paradise",
    "desc": "Monster Energy Ultra Paradise",
    "shortDesc": "Monster Energy Ultra Paradise",
    "tags": [
      "Energy & Sports Drinks"
    ],
    "categories": [
      {
        "code": "Beverages & Juices",
        "desc": "Beverages & Juices"
      }
    ],
    "subCategories": [
      {
        "code": "Energy & Sports Drinks",
        "desc": "Energy & Sports Drinks"
      }
    ],
    "brands": [
      {
        "code": "Monster",
        "desc": "Monster"
      }
    ],
    "price": {
      "basePrice": 19.36,
      "discountPrice": 19.36
    },
    "type": {
      "code": "Energy & Sports Drinks",
      "desc": "Energy & Sports Drinks"
    },
    "weight": "10 x 16 fl oz",
    "UpcCode": "",
    "tax": 0.0,
    "spiceLevel": "",
    "aiselNo": "17",
    "store": "Market Basket",
    "weightType": "10 x 16 fl oz",
    "imageName": "No Image.jpg",
    "defaultImage": "No Image.jpg",
    "updatedTimestamp": "Jan 23, 2021 8:02:29 PM",
    "createdTimestamp": "Jan 23, 2021 8:02:29 PM",
    "isNewlyAdded": false,
    "isActive": true,
    "isDealsEnabled": false,
    "quantity": 0
  },
  {
    "id": 12787,
    "code": "Udis Bread, Cinnamon Raisin",
    "desc": "Udis Bread, Cinnamon Raisin",
    "shortDesc": "Udis Bread, Cinnamon Raisin",
    "tags": [
      "Bread"
    ],
    "categories": [
      {
        "code": "Breakfast & Dairy",
        "desc": "Breakfast & Dairy"
      }
    ],
    "subCategories": [
      {
        "code": "Breads & Rolls",
        "desc": "Breads & Rolls"
      }
    ],
    "brands": [
      {
        "code": "Udi's",
        "desc": "Udi's"
      }
    ],
    "price": {
      "basePrice": 4.89,
      "discountPrice": 4.89
    },
    "type": {
      "code": "Bread",
      "desc": "Bread"
    },
    "weight": "12 oz",
    "UpcCode": "",
    "tax": 0.0,
    "spiceLevel": "",
    "aiselNo": "18",
    "store": "Market Basket",
    "weightType": "12 oz",
    "imageName": "17012.jpg",
    "defaultImage": "17012.jpg",
    "updatedTimestamp": "Jan 23, 2021 8:02:30 PM",
    "createdTimestamp": "Jan 23, 2021 8:02:30 PM",
    "isNewlyAdded": false,
    "isActive": true,
    "isDealsEnabled": false,
    "quantity": 0
  },
  {
    "id": 3480,
    "code": "Curley Parsley",
    "desc": "Curley Parsley",
    "shortDesc": "Curley Parsley",
    "tags": [
      "Parsley"
    ],
    "categories": [
      {
        "code": "Fresh Produce",
        "desc": "Fresh Produce"
      }
    ],
    "subCategories": [
      {
        "code": "Fresh Herbs",
        "desc": "Fresh Herbs"
      }
    ],
    "brands": [
      {
        "code": "Market Basket",
        "desc": "Market Basket"
      }
    ],
    "price": {
      "basePrice": 1.64,
      "discountPrice": 1.64
    },
    "type": {
      "code": "Parsley",
      "desc": "Parsley"
    },
    "weight": "1 count",
    "UpcCode": "",
    "tax": 0.0,
    "spiceLevel": "",
    "aiselNo": "20",
    "store": "Market Basket",
    "weightType": "1 count",
    "imageName": "f69.jpg",
    "defaultImage": "f69.jpg",
    "updatedTimestamp": "Jan 23, 2021 8:02:30 PM",
    "createdTimestamp": "Jan 23, 2021 8:02:30 PM",
    "isNewlyAdded": false,
    "isActive": true,
    "isDealsEnabled": false,
    "quantity": 0
  },
  {
    "id": 6904,
    "code": "Pure Via Stevia Zero Calorie Sweetener",
    "desc": "Pure Via Stevia Zero Calorie Sweetener",
    "shortDesc": "Pure Via Stevia Zero Calorie Sweetener",
    "tags": [
      "Baking Ingredients"
    ],
    "categories": [
      {
        "code": "Cooking Needs",
        "desc": "Cooking Needs"
      }
    ],
    "subCategories": [
      {
        "code": "Baking & Cooking",
        "desc": "Baking & Cooking"
      }
    ],
    "brands": [
      {
        "code": "Pure Via",
        "desc": "Pure Via"
      }
    ],
    "price": {
      "basePrice": 2.49,
      "discountPrice": 2.49
    },
    "type": {
      "code": "Baking Ingredients",
      "desc": "Baking Ingredients"
    },
    "weight": "40 count",
    "UpcCode": "",
    "tax": 0.0,
    "spiceLevel": "",
    "aiselNo": "8",
    "store": "Market Basket",
    "weightType": "40 count",
    "imageName": "15699.jpg",
    "defaultImage": "15699.jpg",
    "updatedTimestamp": "Jan 23, 2021 8:02:30 PM",
    "createdTimestamp": "Jan 23, 2021 8:02:30 PM",
    "isNewlyAdded": false,
    "isActive": true,
    "isDealsEnabled": false,
    "quantity": 0
  },
  {
    "id": 10340,
    "code": "No Yolks Dumplings Noodles",
    "desc": "No Yolks Dumplings Noodles",
    "shortDesc": "No Yolks Dumplings Noodles",
    "tags": [
      "Raw Pasta"
    ],
    "categories": [
      {
        "code": "Pasta & Sauces",
        "desc": "Pasta & Sauces"
      }
    ],
    "subCategories": [
      {
        "code": "Raw Pasta",
        "desc": "Raw Pasta"
      }
    ],
    "brands": [
      {
        "code": "No Yolks",
        "desc": "No Yolks"
      }
    ],
    "price": {
      "basePrice": 2.49,
      "discountPrice": 2.49
    },
    "type": {
      "code": "Raw Pasta",
      "desc": "Raw Pasta"
    },
    "weight": "12 oz",
    "UpcCode": "",
    "tax": 0.0,
    "spiceLevel": "",
    "aiselNo": "4",
    "store": "Market Basket",
    "weightType": "12 oz",
    "imageName": "17343.jpg",
    "defaultImage": "17343.jpg",
    "updatedTimestamp": "Jan 23, 2021 8:02:30 PM",
    "createdTimestamp": "Jan 23, 2021 8:02:30 PM",
    "isNewlyAdded": false,
    "isActive": true,
    "isDealsEnabled": false,
    "quantity": 0
  },
  {
    "id": 5160,
    "code": "Olde Cape Cod Oyster Crackers Multi-pack",
    "desc": "Olde Cape Cod Oyster Crackers Multi-pack",
    "shortDesc": "Olde Cape Cod Oyster Crackers Multi-pack",
    "tags": [
      "Crackers"
    ],
    "categories": [
      {
        "code": "Chips, Cookies & Snacks",
        "desc": "Chips, Cookies & Snacks"
      }
    ],
    "subCategories": [
      {
        "code": "Cookies & Crackers",
        "desc": "Cookies & Crackers"
      }
    ],
    "brands": [
      {
        "code": "Olde Cape Cod",
        "desc": "Olde Cape Cod"
      }
    ],
    "price": {
      "basePrice": 3.13,
      "discountPrice": 3.13
    },
    "type": {
      "code": "Crackers",
      "desc": "Crackers"
    },
    "weight": "7.5 oz",
    "UpcCode": "",
    "tax": 0.0,
    "spiceLevel": "",
    "aiselNo": "6",
    "store": "Market Basket",
    "weightType": "7.5 oz",
    "imageName": "No Image.jpg",
    "defaultImage": "No Image.jpg",
    "updatedTimestamp": "Jan 23, 2021 8:02:30 PM",
    "createdTimestamp": "Jan 23, 2021 8:02:30 PM",
    "isNewlyAdded": false,
    "isActive": true,
    "isDealsEnabled": false,
    "quantity": 0
  },
  {
    "id": 191,
    "code": "Weiman Jewelry Cleaner",
    "desc": "Weiman Jewelry Cleaner",
    "shortDesc": "Weiman Jewelry Cleaner",
    "tags": [
      "Other Cleaning Products"
    ],
    "categories": [
      {
        "code": "Kitchen & Cleaning",
        "desc": "Kitchen & Cleaning"
      }
    ],
    "subCategories": [
      {
        "code": "Cleaning Products",
        "desc": "Cleaning Products"
      }
    ],
    "brands": [
      {
        "code": "Weiman",
        "desc": "Weiman"
      }
    ],
    "price": {
      "basePrice": 3.69,
      "discountPrice": 3.69
    },
    "type": {
      "code": "Other Cleaning Products",
      "desc": "Other Cleaning Products"
    },
    "weight": "7 oz",
    "UpcCode": "",
    "tax": 1.0,
    "spiceLevel": "",
    "aiselNo": "15",
    "store": "Market Basket",
    "weightType": "7 oz",
    "imageName": "4315.jpg",
    "defaultImage": "4315.jpg",
    "updatedTimestamp": "Jan 23, 2021 8:02:30 PM",
    "createdTimestamp": "Jan 23, 2021 8:02:30 PM",
    "isNewlyAdded": false,
    "isActive": true,
    "isDealsEnabled": false,
    "quantity": 0
  },
  {
    "id": 7557,
    "code": "Old El Paso Chopped Green Chiles",
    "desc": "Old El Paso Chopped Green Chiles",
    "shortDesc": "Old El Paso Chopped Green Chiles",
    "tags": [
      "Canned & Jarred Vegetables"
    ],
    "categories": [
      {
        "code": "Cooking Needs",
        "desc": "Cooking Needs"
      }
    ],
    "subCategories": [
      {
        "code": "Canned Food",
        "desc": "Canned Food"
      }
    ],
    "brands": [
      {
        "code": "Old El Paso",
        "desc": "Old El Paso"
      }
    ],
    "price": {
      "basePrice": 2.09,
      "discountPrice": 2.09
    },
    "type": {
      "code": "Canned & Jarred Vegetables",
      "desc": "Canned & Jarred Vegetables"
    },
    "weight": "7 oz",
    "UpcCode": "",
    "tax": 0.0,
    "spiceLevel": "",
    "aiselNo": "9",
    "store": "Market Basket",
    "weightType": "7 oz",
    "imageName": "17109.jpg",
    "defaultImage": "17109.jpg",
    "updatedTimestamp": "Jan 23, 2021 8:02:30 PM",
    "createdTimestamp": "Jan 23, 2021 8:02:30 PM",
    "isNewlyAdded": false,
    "isActive": true,
    "isDealsEnabled": false,
    "quantity": 0
  },
  {
    "id": 5471,
    "code": "Reese's Hershey's Chocolate Mix Assortment, 26 Ounces",
    "desc": "Reese's Hershey's Chocolate Mix Assortment, 26 Ounces",
    "shortDesc": "Reese's Hershey's Chocolate Mix Assortment, 26 Ounces",
    "tags": [
      "Candy & Chocolate"
    ],
    "categories": [
      {
        "code": "Chips, Cookies & Snacks",
        "desc": "Chips, Cookies & Snacks"
      }
    ],
    "subCategories": [
      {
        "code": "Candy & Chocolates",
        "desc": "Candy & Chocolates"
      }
    ],
    "brands": [
      {
        "code": "Hershey's",
        "desc": "Hershey's"
      }
    ],
    "price": {
      "basePrice": 7.39,
      "discountPrice": 7.39
    },
    "type": {
      "code": "Candy & Chocolate",
      "desc": "Candy & Chocolate"
    },
    "weight": "26 oz",
    "UpcCode": "",
    "tax": 0.0,
    "spiceLevel": "",
    "aiselNo": "3",
    "store": "Market Basket",
    "weightType": "26 oz",
    "imageName": "1047.jpg",
    "defaultImage": "1047.jpg",
    "updatedTimestamp": "Jan 23, 2021 8:02:30 PM",
    "createdTimestamp": "Jan 23, 2021 8:02:30 PM",
    "isNewlyAdded": false,
    "isActive": true,
    "isDealsEnabled": false,
    "quantity": 0
  },
  {
    "id": 14935,
    "code": "Market Basket Seltzer Plain",
    "desc": "Market Basket Seltzer Plain",
    "shortDesc": "Market Basket Seltzer Plain",
    "tags": [
      "Digestion"
    ],
    "categories": [
      {
        "code": "Personal Care",
        "desc": "Personal Care"
      }
    ],
    "subCategories": [
      {
        "code": "First Aid & Healthcare",
        "desc": "First Aid & Healthcare"
      }
    ],
    "brands": [
      {
        "code": "Market Basket",
        "desc": "Market Basket"
      }
    ],
    "price": {
      "basePrice": 4.24,
      "discountPrice": 4.24
    },
    "type": {
      "code": "Digestion",
      "desc": "Digestion"
    },
    "weight": "144 fl oz",
    "UpcCode": "",
    "tax": 1.0,
    "spiceLevel": "",
    "aiselNo": "13",
    "store": "Market Basket",
    "weightType": "144 fl oz",
    "imageName": "Market Basket.jpg",
    "defaultImage": "Market Basket.jpg",
    "updatedTimestamp": "Jan 23, 2021 8:02:30 PM",
    "createdTimestamp": "Jan 23, 2021 8:02:30 PM",
    "isNewlyAdded": false,
    "isActive": true,
    "isDealsEnabled": false,
    "quantity": 0
  },
  {
    "id": 13540,
    "code": "Yoohoo Chocolate Drink",
    "desc": "Yoohoo Chocolate Drink",
    "shortDesc": "Yoohoo Chocolate Drink",
    "tags": [
      "Juice & Nectars"
    ],
    "categories": [
      {
        "code": "Beverages & Juices",
        "desc": "Beverages & Juices"
      }
    ],
    "subCategories": [
      {
        "code": "Juices & Refrigerated Drinks",
        "desc": "Juices & Refrigerated Drinks"
      }
    ],
    "brands": [],
    "price": {
      "basePrice": 3.74,
      "discountPrice": 3.74
    },
    "type": {
      "code": "Juice & Nectars",
      "desc": "Juice & Nectars"
    },
    "weight": "10 x 6.5 fl oz",
    "UpcCode": "072350000016",
    "tax": 0.0,
    "spiceLevel": "",
    "aiselNo": "10",
    "store": "Market Basket",
    "weightType": "10 x 6.5 fl oz",
    "imageName": "X3112.jpg",
    "defaultImage": "X3112.jpg",
    "updatedTimestamp": "Jan 23, 2021 8:02:29 PM",
    "createdTimestamp": "Jan 23, 2021 8:02:29 PM",
    "isNewlyAdded": false,
    "isActive": true,
    "isDealsEnabled": false,
    "quantity": 0
  },
  {
    "id": 6169,
    "code": "Pepsi Original Can",
    "desc": "Pepsi Original Can",
    "shortDesc": "Pepsi Original Can",
    "tags": [
      "Soft Drinks"
    ],
    "categories": [
      {
        "code": "Beverages & Juices",
        "desc": "Beverages & Juices"
      }
    ],
    "subCategories": [
      {
        "code": "Soft Drinks & Seltzers",
        "desc": "Soft Drinks & Seltzers"
      }
    ],
    "brands": [
      {
        "code": "Pepsi",
        "desc": "Pepsi"
      }
    ],
    "price": {
      "basePrice": 4.38,
      "discountPrice": 4.38
    },
    "type": {
      "code": "Soft Drinks",
      "desc": "Soft Drinks"
    },
    "weight": "6 x 7.5 oz",
    "UpcCode": "",
    "tax": 0.0,
    "spiceLevel": "",
    "aiselNo": "17",
    "store": "Market Basket",
    "weightType": "6 x 7.5 oz",
    "imageName": "3934.jpg",
    "defaultImage": "3934.jpg",
    "updatedTimestamp": "Jan 23, 2021 8:02:30 PM",
    "createdTimestamp": "Jan 23, 2021 8:02:30 PM",
    "isNewlyAdded": false,
    "isActive": true,
    "isDealsEnabled": false,
    "quantity": 0
  },
  {
    "id": 4216,
    "code": "Springer Mountain Farms Drumsticks",
    "desc": "Springer Mountain Farms Drumsticks",
    "shortDesc": "Springer Mountain Farms Drumsticks",
    "tags": [
      "Chicken Breast"
    ],
    "categories": [
      {
        "code": "Meat & Seafood",
        "desc": "Meat & Seafood"
      }
    ],
    "subCategories": [
      {
        "code": "Packaged Meat & Seafood",
        "desc": "Packaged Meat & Seafood"
      }
    ],
    "brands": [
      {
        "code": "Springer",
        "desc": "Springer"
      }
    ],
    "price": {
      "basePrice": 3.79,
      "discountPrice": 3.79
    },
    "type": {
      "code": "Chicken Breast",
      "desc": "Chicken Breast"
    },
    "weight": "Approx: 1.50 lb",
    "UpcCode": "",
    "tax": 0.0,
    "spiceLevel": "",
    "aiselNo": "22",
    "store": "Market Basket",
    "weightType": "Approx: 1.50 lb",
    "imageName": "No Image.jpg",
    "defaultImage": "No Image.jpg",
    "updatedTimestamp": "Jan 23, 2021 8:02:30 PM",
    "createdTimestamp": "Jan 23, 2021 8:02:30 PM",
    "isNewlyAdded": false,
    "isActive": true,
    "isDealsEnabled": false,
    "quantity": 0
  },
  {
    "id": 5013,
    "code": "Utz Cheddar Cheese Curls",
    "desc": "Utz Cheddar Cheese Curls",
    "shortDesc": "Utz Cheddar Cheese Curls",
    "tags": [
      "Chips & Pretzels"
    ],
    "categories": [
      {
        "code": "Chips, Cookies & Snacks",
        "desc": "Chips, Cookies & Snacks"
      }
    ],
    "subCategories": [
      {
        "code": "Chips & Fruit Snacks",
        "desc": "Chips & Fruit Snacks"
      }
    ],
    "brands": [
      {
        "code": "Utz",
        "desc": "Utz"
      }
    ],
    "price": {
      "basePrice": 4.69,
      "discountPrice": 4.69
    },
    "type": {
      "code": "Chips & Pretzels",
      "desc": "Chips & Pretzels"
    },
    "weight": "8.5 oz",
    "UpcCode": "",
    "tax": 0.0,
    "spiceLevel": "",
    "aiselNo": "0",
    "store": "Market Basket",
    "weightType": "8.5 oz",
    "imageName": "No Image.jpg",
    "defaultImage": "No Image.jpg",
    "updatedTimestamp": "Jan 23, 2021 8:02:30 PM",
    "createdTimestamp": "Jan 23, 2021 8:02:30 PM",
    "isNewlyAdded": false,
    "isActive": true,
    "isDealsEnabled": false,
    "quantity": 0
  },
  {
    "id": 517,
    "code": "Dynamo Purple Wildflowers 60 Loads Laundry Detergent",
    "desc": "Dynamo Purple Wildflowers 60 Loads Laundry Detergent",
    "shortDesc": "Dynamo Purple Wildflowers 60 Loads Laundry Detergent",
    "tags": [
      "Laundry Detergent"
    ],
    "categories": [
      {
        "code": "Laundry & Paper Goods",
        "desc": "Laundry & Paper Goods"
      }
    ],
    "subCategories": [
      {
        "code": "Laundry",
        "desc": "Laundry"
      }
    ],
    "brands": [
      {
        "code": "Dynamo",
        "desc": "Dynamo"
      }
    ],
    "price": {
      "basePrice": 4.36,
      "discountPrice": 4.36
    },
    "type": {
      "code": "Laundry Detergent",
      "desc": "Laundry Detergent"
    },
    "weight": "60 fl oz",
    "UpcCode": "",
    "tax": 1.0,
    "spiceLevel": "",
    "aiselNo": "15",
    "store": "Market Basket",
    "weightType": "60 fl oz",
    "imageName": "No Image.jpg",
    "defaultImage": "No Image.jpg",
    "updatedTimestamp": "Jan 23, 2021 8:02:30 PM",
    "createdTimestamp": "Jan 23, 2021 8:02:30 PM",
    "isNewlyAdded": false,
    "isActive": true,
    "isDealsEnabled": false,
    "quantity": 0
  },
  {
    "id": 7912,
    "code": "Bar Harbor Clam Corn Chowder New England Style",
    "desc": "Bar Harbor Clam Corn Chowder New England Style",
    "shortDesc": "Bar Harbor Clam Corn Chowder New England Style",
    "tags": [
      "Soup, Broth & Bouillon"
    ],
    "categories": [
      {
        "code": "Cooking Needs",
        "desc": "Cooking Needs"
      }
    ],
    "subCategories": [
      {
        "code": "Canned Food",
        "desc": "Canned Food"
      }
    ],
    "brands": [
      {
        "code": "Bar Harbor",
        "desc": "Bar Harbor"
      }
    ],
    "price": {
      "basePrice": 3.09,
      "discountPrice": 3.09
    },
    "type": {
      "code": "Soup, Broth & Bouillon",
      "desc": "Soup, Broth & Bouillon"
    },
    "weight": "15 oz",
    "UpcCode": "",
    "tax": 0.0,
    "spiceLevel": "",
    "aiselNo": "2",
    "store": "Market Basket",
    "weightType": "15 oz",
    "imageName": "17198.jpg",
    "defaultImage": "17198.jpg",
    "updatedTimestamp": "Jan 23, 2021 8:02:30 PM",
    "createdTimestamp": "Jan 23, 2021 8:02:30 PM",
    "isNewlyAdded": false,
    "isActive": true,
    "isDealsEnabled": false,
    "quantity": 0
  },
  {
    "id": 9983,
    "code": "Breyers Ice Cream Natural Strawberry",
    "desc": "Breyers Ice Cream Natural Strawberry",
    "shortDesc": "Breyers Ice Cream Natural Strawberry",
    "tags": [
      "Ice Cream & Ice"
    ],
    "categories": [
      {
        "code": "Frozen Food",
        "desc": "Frozen Food"
      }
    ],
    "subCategories": [
      {
        "code": "Ice Cream & Ice",
        "desc": "Ice Cream & Ice"
      }
    ],
    "brands": [
      {
        "code": "Breyer's",
        "desc": "Breyer's"
      }
    ],
    "price": {
      "basePrice": 4.79,
      "discountPrice": 4.79
    },
    "type": {
      "code": "Ice Cream & Ice",
      "desc": "Ice Cream & Ice"
    },
    "weight": "48 oz",
    "UpcCode": "",
    "tax": 0.0,
    "spiceLevel": "",
    "aiselNo": "21",
    "store": "Market Basket",
    "weightType": "48 oz",
    "imageName": "18025.jpg",
    "defaultImage": "18025.jpg",
    "updatedTimestamp": "Jan 23, 2021 8:02:30 PM",
    "createdTimestamp": "Jan 23, 2021 8:02:30 PM",
    "isNewlyAdded": false,
    "isActive": true,
    "isDealsEnabled": false,
    "quantity": 0
  },
  {
    "id": 5044,
    "code": "Dare Pure Chocolate Whippet Original Cookies",
    "desc": "Dare Pure Chocolate Whippet Original Cookies",
    "shortDesc": "Dare Pure Chocolate Whippet Original Cookies",
    "tags": [
      "Cookies & Cakes"
    ],
    "categories": [
      {
        "code": "Chips, Cookies & Snacks",
        "desc": "Chips, Cookies & Snacks"
      }
    ],
    "subCategories": [
      {
        "code": "Cookies & Crackers",
        "desc": "Cookies & Crackers"
      }
    ],
    "brands": [
      {
        "code": "Dare",
        "desc": "Dare"
      }
    ],
    "price": {
      "basePrice": 3.91,
      "discountPrice": 3.91
    },
    "type": {
      "code": "Cookies & Cakes",
      "desc": "Cookies & Cakes"
    },
    "weight": "8.8 oz",
    "UpcCode": "",
    "tax": 0.0,
    "spiceLevel": "",
    "aiselNo": "6",
    "store": "Market Basket",
    "weightType": "8.8 oz",
    "imageName": "No Image.jpg",
    "defaultImage": "No Image.jpg",
    "updatedTimestamp": "Jan 23, 2021 8:02:30 PM",
    "createdTimestamp": "Jan 23, 2021 8:02:30 PM",
    "isNewlyAdded": false,
    "isActive": true,
    "isDealsEnabled": false,
    "quantity": 0
  },
  {
    "id": 10098,
    "code": "Hood Ice Cream Maple Walnut Flavored",
    "desc": "Hood Ice Cream Maple Walnut Flavored",
    "shortDesc": "Hood Ice Cream Maple Walnut Flavored",
    "tags": [
      "Ice Cream & Ice"
    ],
    "categories": [
      {
        "code": "Frozen Food",
        "desc": "Frozen Food"
      }
    ],
    "subCategories": [
      {
        "code": "Ice Cream & Ice",
        "desc": "Ice Cream & Ice"
      }
    ],
    "brands": [
      {
        "code": "Hood",
        "desc": "Hood"
      }
    ],
    "price": {
      "basePrice": 3.69,
      "discountPrice": 3.69
    },
    "type": {
      "code": "Ice Cream & Ice",
      "desc": "Ice Cream & Ice"
    },
    "weight": "1.5 quart",
    "UpcCode": "",
    "tax": 0.0,
    "spiceLevel": "",
    "aiselNo": "21",
    "store": "Market Basket",
    "weightType": "1.5 quart",
    "imageName": "3108.jpg",
    "defaultImage": "3108.jpg",
    "updatedTimestamp": "Jan 23, 2021 8:02:30 PM",
    "createdTimestamp": "Jan 23, 2021 8:02:30 PM",
    "isNewlyAdded": false,
    "isActive": true,
    "isDealsEnabled": false,
    "quantity": 0
  },
  {
    "id": 10168,
    "code": "Market Basket Light Ice Cream Cookies N Cream",
    "desc": "Market Basket Light Ice Cream Cookies N Cream",
    "shortDesc": "Market Basket Light Ice Cream Cookies N Cream",
    "tags": [
      "Ice Cream & Ice"
    ],
    "categories": [
      {
        "code": "Frozen Food",
        "desc": "Frozen Food"
      }
    ],
    "subCategories": [
      {
        "code": "Ice Cream & Ice",
        "desc": "Ice Cream & Ice"
      }
    ],
    "brands": [
      {
        "code": "Market Basket",
        "desc": "Market Basket"
      }
    ],
    "price": {
      "basePrice": 2.49,
      "discountPrice": 2.49
    },
    "type": {
      "code": "Ice Cream & Ice",
      "desc": "Ice Cream & Ice"
    },
    "weight": "1.75 quart",
    "UpcCode": "",
    "tax": 0.0,
    "spiceLevel": "",
    "aiselNo": "21",
    "store": "Market Basket",
    "weightType": "1.75 quart",
    "imageName": "Market Basket.jpg",
    "defaultImage": "Market Basket.jpg",
    "updatedTimestamp": "Jan 23, 2021 8:02:30 PM",
    "createdTimestamp": "Jan 23, 2021 8:02:30 PM",
    "isNewlyAdded": false,
    "isActive": true,
    "isDealsEnabled": false,
    "quantity": 0
  },
  {
    "id": 7864,
    "code": "Libby's Chicken Vienna Sausage",
    "desc": "Libby's Chicken Vienna Sausage",
    "shortDesc": "Libby's Chicken Vienna Sausage",
    "tags": [
      "Canned Meat & Seafood"
    ],
    "categories": [
      {
        "code": "Cooking Needs",
        "desc": "Cooking Needs"
      }
    ],
    "subCategories": [
      {
        "code": "Canned Food",
        "desc": "Canned Food"
      }
    ],
    "brands": [
      {
        "code": "Libby's",
        "desc": "Libby's"
      }
    ],
    "price": {
      "basePrice": 0.69,
      "discountPrice": 0.69
    },
    "type": {
      "code": "Canned Meat & Seafood",
      "desc": "Canned Meat & Seafood"
    },
    "weight": "4.6 oz",
    "UpcCode": "",
    "tax": 0.0,
    "spiceLevel": "",
    "aiselNo": "2",
    "store": "Market Basket",
    "weightType": "4.6 oz",
    "imageName": "17157.jpg",
    "defaultImage": "17157.jpg",
    "updatedTimestamp": "Jan 23, 2021 8:02:30 PM",
    "createdTimestamp": "Jan 23, 2021 8:02:30 PM",
    "isNewlyAdded": false,
    "isActive": true,
    "isDealsEnabled": false,
    "quantity": 0
  },
  {
    "id": 14556,
    "code": "Celestial Seasonings Tea Bags Jammin' Lemon Ginger",
    "desc": "Celestial Seasonings Tea Bags Jammin' Lemon Ginger",
    "shortDesc": "Celestial Seasonings Tea Bags Jammin' Lemon Ginger",
    "tags": [
      "Tea"
    ],
    "categories": [
      {
        "code": "Breakfast & Dairy",
        "desc": "Breakfast & Dairy"
      }
    ],
    "subCategories": [
      {
        "code": "Tea & Coffee",
        "desc": "Tea & Coffee"
      }
    ],
    "brands": [
      {
        "code": "Celestial Seasonings",
        "desc": "Celestial Seasonings"
      }
    ],
    "price": {
      "basePrice": 3.09,
      "discountPrice": 3.09
    },
    "type": {
      "code": "Tea",
      "desc": "Tea"
    },
    "weight": "20 count",
    "UpcCode": "",
    "tax": 0.0,
    "spiceLevel": "",
    "aiselNo": "8",
    "store": "Market Basket",
    "weightType": "20 count",
    "imageName": "3472.jpg",
    "defaultImage": "3472.jpg",
    "updatedTimestamp": "Jan 23, 2021 8:02:30 PM",
    "createdTimestamp": "Jan 23, 2021 8:02:30 PM",
    "isNewlyAdded": false,
    "isActive": true,
    "isDealsEnabled": false,
    "quantity": 0
  },
  {
    "id": 7607,
    "code": "Vermont Creamery Creme Fraiche",
    "desc": "Vermont Creamery Creme Fraiche",
    "shortDesc": "Vermont Creamery Creme Fraiche",
    "tags": [
      "Canned & Jarred Vegetables"
    ],
    "categories": [
      {
        "code": "Cooking Needs",
        "desc": "Cooking Needs"
      }
    ],
    "subCategories": [
      {
        "code": "Canned Food",
        "desc": "Canned Food"
      }
    ],
    "brands": [
      {
        "code": "Vermont Creamery",
        "desc": "Vermont Creamery"
      }
    ],
    "price": {
      "basePrice": 3.69,
      "discountPrice": 3.69
    },
    "type": {
      "code": "Canned & Jarred Vegetables",
      "desc": "Canned & Jarred Vegetables"
    },
    "weight": "8 oz",
    "UpcCode": "",
    "tax": 0.0,
    "spiceLevel": "",
    "aiselNo": "9",
    "store": "Market Basket",
    "weightType": "8 oz",
    "imageName": "17095.jpg",
    "defaultImage": "17095.jpg",
    "updatedTimestamp": "Jan 23, 2021 8:02:30 PM",
    "createdTimestamp": "Jan 23, 2021 8:02:30 PM",
    "isNewlyAdded": false,
    "isActive": true,
    "isDealsEnabled": false,
    "quantity": 0
  },
  {
    "id": 7196,
    "code": "Badia Guajillo Chili",
    "desc": "Badia Guajillo Chili",
    "shortDesc": "Badia Guajillo Chili",
    "tags": [
      "Spices & Seasonings"
    ],
    "categories": [
      {
        "code": "Cooking Needs",
        "desc": "Cooking Needs"
      }
    ],
    "subCategories": [
      {
        "code": "Spices & Seasonings",
        "desc": "Spices & Seasonings"
      }
    ],
    "brands": [
      {
        "code": "Badia",
        "desc": "Badia"
      }
    ],
    "price": {
      "basePrice": 4.09,
      "discountPrice": 4.09
    },
    "type": {
      "code": "Spices & Seasonings",
      "desc": "Spices & Seasonings"
    },
    "weight": "3 oz",
    "UpcCode": "",
    "tax": 0.0,
    "spiceLevel": "",
    "aiselNo": "9",
    "store": "Market Basket",
    "weightType": "3 oz",
    "imageName": "2219.jpg",
    "defaultImage": "2219.jpg",
    "updatedTimestamp": "Jan 23, 2021 8:02:30 PM",
    "createdTimestamp": "Jan 23, 2021 8:02:30 PM",
    "isNewlyAdded": false,
    "isActive": true,
    "isDealsEnabled": false,
    "quantity": 0
  },
  {
    "id": 13822,
    "code": "Jell O Ready to Eat Sugar Free Creme Brulee Rice Pudding Cups",
    "desc": "Jell O Ready to Eat Sugar Free Creme Brulee Rice Pudding Cups",
    "shortDesc": "Jell O Ready to Eat Sugar Free Creme Brulee Rice Pudding Cups",
    "tags": [
      "Refrigerated Pudding & Desserts"
    ],
    "categories": [
      {
        "code": "Breakfast & Dairy",
        "desc": "Breakfast & Dairy"
      }
    ],
    "subCategories": [
      {
        "code": "Dairy & Eggs",
        "desc": "Dairy & Eggs"
      }
    ],
    "brands": [
      {
        "code": "Jell-O",
        "desc": "Jell-O"
      }
    ],
    "price": {
      "basePrice": 2.49,
      "discountPrice": 2.49
    },
    "type": {
      "code": "Refrigerated Pudding & Desserts",
      "desc": "Refrigerated Pudding & Desserts"
    },
    "weight": "4 x 3.625 oz",
    "UpcCode": "",
    "tax": 0.0,
    "spiceLevel": "",
    "aiselNo": "19",
    "store": "Market Basket",
    "weightType": "4 x 3.625 oz",
    "imageName": "798.jpg",
    "defaultImage": "798.jpg",
    "updatedTimestamp": "Jan 23, 2021 8:02:30 PM",
    "createdTimestamp": "Jan 23, 2021 8:02:30 PM",
    "isNewlyAdded": false,
    "isActive": true,
    "isDealsEnabled": false,
    "quantity": 0
  },
  {
    "id": 7609,
    "code": "Yergat California Grape Leaves",
    "desc": "Yergat California Grape Leaves",
    "shortDesc": "Yergat California Grape Leaves",
    "tags": [
      "Canned & Jarred Vegetables"
    ],
    "categories": [
      {
        "code": "Cooking Needs",
        "desc": "Cooking Needs"
      }
    ],
    "subCategories": [
      {
        "code": "Canned Food",
        "desc": "Canned Food"
      }
    ],
    "brands": [
      {
        "code": "Yergat",
        "desc": "Yergat"
      }
    ],
    "price": {
      "basePrice": 7.39,
      "discountPrice": 7.39
    },
    "type": {
      "code": "Canned & Jarred Vegetables",
      "desc": "Canned & Jarred Vegetables"
    },
    "weight": "16 oz",
    "UpcCode": "",
    "tax": 0.0,
    "spiceLevel": "",
    "aiselNo": "9",
    "store": "Market Basket",
    "weightType": "16 oz",
    "imageName": "17097.jpg",
    "defaultImage": "17097.jpg",
    "updatedTimestamp": "Jan 23, 2021 8:02:30 PM",
    "createdTimestamp": "Jan 23, 2021 8:02:30 PM",
    "isNewlyAdded": false,
    "isActive": true,
    "isDealsEnabled": false,
    "quantity": 0
  },
  {
    "id": 15344,
    "code": "Nature Made Ubiquinol CoQ10 100 mg Softgels",
    "desc": "Nature Made Ubiquinol CoQ10 100 mg Softgels",
    "shortDesc": "Nature Made Ubiquinol CoQ10 100 mg Softgels",
    "tags": [
      "Vitamins & Supplements"
    ],
    "categories": [
      {
        "code": "Personal Care",
        "desc": "Personal Care"
      }
    ],
    "subCategories": [
      {
        "code": "Vitamins & Proteins",
        "desc": "Vitamins & Proteins"
      }
    ],
    "brands": [
      {
        "code": "Nature Made",
        "desc": "Nature Made"
      }
    ],
    "price": {
      "basePrice": 35.06,
      "discountPrice": 35.06
    },
    "type": {
      "code": "Vitamins & Supplements",
      "desc": "Vitamins & Supplements"
    },
    "weight": "30 count",
    "UpcCode": "",
    "tax": 1.0,
    "spiceLevel": "",
    "aiselNo": "13",
    "store": "Market Basket",
    "weightType": "30 count",
    "imageName": "18185.jpg",
    "defaultImage": "18185.jpg",
    "updatedTimestamp": "Jan 23, 2021 8:02:30 PM",
    "createdTimestamp": "Jan 23, 2021 8:02:30 PM",
    "isNewlyAdded": false,
    "isActive": true,
    "isDealsEnabled": false,
    "quantity": 0
  },
  {
    "id": 6579,
    "code": "Bolthouse Farms Vanilla Chai Tea",
    "desc": "Bolthouse Farms Vanilla Chai Tea",
    "shortDesc": "Bolthouse Farms Vanilla Chai Tea",
    "tags": [
      "Refrigerated Drinks"
    ],
    "categories": [
      {
        "code": "Beverages & Juices",
        "desc": "Beverages & Juices"
      }
    ],
    "subCategories": [
      {
        "code": "Juices & Refrigerated Drinks",
        "desc": "Juices & Refrigerated Drinks"
      }
    ],
    "brands": [
      {
        "code": "Bolthouse Farms",
        "desc": "Bolthouse Farms"
      }
    ],
    "price": {
      "basePrice": 4.59,
      "discountPrice": 4.59
    },
    "type": {
      "code": "Refrigerated Drinks",
      "desc": "Refrigerated Drinks"
    },
    "weight": "32 fl oz",
    "UpcCode": "",
    "tax": 0.0,
    "spiceLevel": "",
    "aiselNo": "20",
    "store": "Market Basket",
    "weightType": "32 fl oz",
    "imageName": "3835.jpg",
    "defaultImage": "3835.jpg",
    "updatedTimestamp": "Jan 23, 2021 8:02:30 PM",
    "createdTimestamp": "Jan 23, 2021 8:02:30 PM",
    "isNewlyAdded": false,
    "isActive": true,
    "isDealsEnabled": false,
    "quantity": 0
  },
  {
    "id": 7779,
    "code": "Kuners Pinto Beans, Refried, Traditional",
    "desc": "Kuners Pinto Beans, Refried, Traditional",
    "shortDesc": "Kuners Pinto Beans, Refried, Traditional",
    "tags": [
      "Canned Meals & Beans"
    ],
    "categories": [
      {
        "code": "Cooking Needs",
        "desc": "Cooking Needs"
      }
    ],
    "subCategories": [
      {
        "code": "Canned Food",
        "desc": "Canned Food"
      }
    ],
    "brands": [
      {
        "code": "Kuner's",
        "desc": "Kuner's"
      }
    ],
    "price": {
      "basePrice": 1.29,
      "discountPrice": 1.29
    },
    "type": {
      "code": "Canned Meals & Beans",
      "desc": "Canned Meals & Beans"
    },
    "weight": "16 oz",
    "UpcCode": "",
    "tax": 0.0,
    "spiceLevel": "",
    "aiselNo": "2",
    "store": "Market Basket",
    "weightType": "16 oz",
    "imageName": "17146.jpg",
    "defaultImage": "17146.jpg",
    "updatedTimestamp": "Jan 23, 2021 8:02:30 PM",
    "createdTimestamp": "Jan 23, 2021 8:02:30 PM",
    "isNewlyAdded": false,
    "isActive": true,
    "isDealsEnabled": false,
    "quantity": 0
  },
  {
    "id": 8747,
    "code": "Margarita's Hot Salsa",
    "desc": "Margarita's Hot Salsa",
    "shortDesc": "Margarita's Hot Salsa",
    "tags": [
      "Preserved Dips & Salsa"
    ],
    "categories": [
      {
        "code": "Condiments & Dressings",
        "desc": "Condiments & Dressings"
      }
    ],
    "subCategories": [
      {
        "code": "Preserved Dips & Spreads",
        "desc": "Preserved Dips & Spreads"
      }
    ],
    "brands": [
      {
        "code": "Margarita's",
        "desc": "Margarita's"
      }
    ],
    "price": {
      "basePrice": 3.69,
      "discountPrice": 3.69
    },
    "type": {
      "code": "Preserved Dips & Salsa",
      "desc": "Preserved Dips & Salsa"
    },
    "weight": "16 oz",
    "UpcCode": "",
    "tax": 0.0,
    "spiceLevel": "",
    "aiselNo": "1",
    "store": "Market Basket",
    "weightType": "16 oz",
    "imageName": "No Image.jpg",
    "defaultImage": "No Image.jpg",
    "updatedTimestamp": "Jan 23, 2021 8:02:30 PM",
    "createdTimestamp": "Jan 23, 2021 8:02:30 PM",
    "isNewlyAdded": false,
    "isActive": true,
    "isDealsEnabled": false,
    "quantity": 0
  },
  {
    "id": 14536,
    "code": "Bigelow Mint Medley Herbal Tea",
    "desc": "Bigelow Mint Medley Herbal Tea",
    "shortDesc": "Bigelow Mint Medley Herbal Tea",
    "tags": [
      "Tea"
    ],
    "categories": [
      {
        "code": "Breakfast & Dairy",
        "desc": "Breakfast & Dairy"
      }
    ],
    "subCategories": [
      {
        "code": "Tea & Coffee",
        "desc": "Tea & Coffee"
      }
    ],
    "brands": [
      {
        "code": "Bigelow ",
        "desc": "Bigelow "
      }
    ],
    "price": {
      "basePrice": 3.09,
      "discountPrice": 3.09
    },
    "type": {
      "code": "Tea",
      "desc": "Tea"
    },
    "weight": "20 count",
    "UpcCode": "",
    "tax": 0.0,
    "spiceLevel": "",
    "aiselNo": "8",
    "store": "Market Basket",
    "weightType": "20 count",
    "imageName": "3431.jpg",
    "defaultImage": "3431.jpg",
    "updatedTimestamp": "Jan 23, 2021 8:02:30 PM",
    "createdTimestamp": "Jan 23, 2021 8:02:30 PM",
    "isNewlyAdded": false,
    "isActive": true,
    "isDealsEnabled": false,
    "quantity": 0
  },
  {
    "id": 14892,
    "code": "Stayfree Maxi Long Pads with Wings, Unscented, Super",
    "desc": "Stayfree Maxi Long Pads with Wings, Unscented, Super",
    "shortDesc": "Stayfree Maxi Long Pads with Wings, Unscented, Super",
    "tags": [
      "Menstrual Pads"
    ],
    "categories": [
      {
        "code": "Personal Care",
        "desc": "Personal Care"
      }
    ],
    "subCategories": [
      {
        "code": "Feminine Care",
        "desc": "Feminine Care"
      }
    ],
    "brands": [
      {
        "code": "Stayfree",
        "desc": "Stayfree"
      }
    ],
    "price": {
      "basePrice": 5.62,
      "discountPrice": 5.62
    },
    "type": {
      "code": "Menstrual Pads",
      "desc": "Menstrual Pads"
    },
    "weight": "16 count",
    "UpcCode": "",
    "tax": 1.0,
    "spiceLevel": "",
    "aiselNo": "13",
    "store": "Market Basket",
    "weightType": "16 count",
    "imageName": "17805.jpg",
    "defaultImage": "17805.jpg",
    "updatedTimestamp": "Jan 23, 2021 8:02:30 PM",
    "createdTimestamp": "Jan 23, 2021 8:02:30 PM",
    "isNewlyAdded": false,
    "isActive": true,
    "isDealsEnabled": false,
    "quantity": 0
  },
  {
    "id": 9361,
    "code": "Pepperidge Farm Frozen Lemon Layer Cake",
    "desc": "Pepperidge Farm Frozen Lemon Layer Cake",
    "shortDesc": "Pepperidge Farm Frozen Lemon Layer Cake",
    "tags": [
      "Frozen Dessert"
    ],
    "categories": [
      {
        "code": "Frozen Food",
        "desc": "Frozen Food"
      }
    ],
    "subCategories": [
      {
        "code": "Frozen Dessert",
        "desc": "Frozen Dessert"
      }
    ],
    "brands": [
      {
        "code": "Pepperidge Farm",
        "desc": "Pepperidge Farm"
      }
    ],
    "price": {
      "basePrice": 3.69,
      "discountPrice": 3.69
    },
    "type": {
      "code": "Frozen Dessert",
      "desc": "Frozen Dessert"
    },
    "weight": "19.6 oz",
    "UpcCode": "",
    "tax": 0.0,
    "spiceLevel": "",
    "aiselNo": "19",
    "store": "Market Basket",
    "weightType": "19.6 oz",
    "imageName": "2961.jpg",
    "defaultImage": "2961.jpg",
    "updatedTimestamp": "Jan 23, 2021 8:02:30 PM",
    "createdTimestamp": "Jan 23, 2021 8:02:30 PM",
    "isNewlyAdded": false,
    "isActive": true,
    "isDealsEnabled": false,
    "quantity": 0
  },
  {
    "id": 13975,
    "code": "St Clemens Danish Blue Cheese",
    "desc": "St Clemens Danish Blue Cheese",
    "shortDesc": "St Clemens Danish Blue Cheese",
    "tags": [
      "Specialty Cheeses"
    ],
    "categories": [
      {
        "code": "Breakfast & Dairy",
        "desc": "Breakfast & Dairy"
      }
    ],
    "subCategories": [
      {
        "code": "Dairy & Eggs",
        "desc": "Dairy & Eggs"
      }
    ],
    "brands": [
      {
        "code": "Market Basket",
        "desc": "Market Basket"
      }
    ],
    "price": {
      "basePrice": 6.09,
      "discountPrice": 6.09
    },
    "type": {
      "code": "Specialty Cheeses",
      "desc": "Specialty Cheeses"
    },
    "weight": "1 per lb",
    "UpcCode": "",
    "tax": 0.0,
    "spiceLevel": "",
    "aiselNo": "1",
    "store": "Market Basket",
    "weightType": "1 per lb",
    "imageName": "Market Basket.jpg",
    "defaultImage": "Market Basket.jpg",
    "updatedTimestamp": "Jan 23, 2021 8:02:30 PM",
    "createdTimestamp": "Jan 23, 2021 8:02:30 PM",
    "isNewlyAdded": false,
    "isActive": true,
    "isDealsEnabled": false,
    "quantity": 0
  },
  {
    "id": 13861,
    "code": "Wonky Rice Pudding",
    "desc": "Wonky Rice Pudding",
    "shortDesc": "Wonky Rice Pudding",
    "tags": [
      "Refrigerated Pudding & Desserts"
    ],
    "categories": [
      {
        "code": "Breakfast & Dairy",
        "desc": "Breakfast & Dairy"
      }
    ],
    "subCategories": [
      {
        "code": "Dairy & Eggs",
        "desc": "Dairy & Eggs"
      }
    ],
    "brands": [
      {
        "code": "Wonky",
        "desc": "Wonky"
      }
    ],
    "price": {
      "basePrice": 2.49,
      "discountPrice": 2.49
    },
    "type": {
      "code": "Refrigerated Pudding & Desserts",
      "desc": "Refrigerated Pudding & Desserts"
    },
    "weight": "22 oz",
    "UpcCode": "",
    "tax": 0.0,
    "spiceLevel": "",
    "aiselNo": "19",
    "store": "Market Basket",
    "weightType": "22 oz",
    "imageName": "Market Basket.jpg",
    "defaultImage": "Market Basket.jpg",
    "updatedTimestamp": "Jan 23, 2021 8:02:30 PM",
    "createdTimestamp": "Jan 23, 2021 8:02:30 PM",
    "isNewlyAdded": false,
    "isActive": true,
    "isDealsEnabled": false,
    "quantity": 0
  },
  {
    "id": 14700,
    "code": "Market Basket Coconut Lime Body Wash Enriched With Papaya & Aloe",
    "desc": "Market Basket Coconut Lime Body Wash Enriched With Papaya & Aloe",
    "shortDesc": "Market Basket Coconut Lime Body Wash Enriched With Papaya & Aloe",
    "tags": [
      "Body Wash"
    ],
    "categories": [
      {
        "code": "Personal Care",
        "desc": "Personal Care"
      }
    ],
    "subCategories": [
      {
        "code": "Body Wash, Soap & Hair Care",
        "desc": "Body Wash, Soap & Hair Care"
      }
    ],
    "brands": [
      {
        "code": "Market Basket",
        "desc": "Market Basket"
      }
    ],
    "price": {
      "basePrice": 3.21,
      "discountPrice": 3.21
    },
    "type": {
      "code": "Body Wash",
      "desc": "Body Wash"
    },
    "weight": "20 fl oz",
    "UpcCode": "",
    "tax": 1.0,
    "spiceLevel": "",
    "aiselNo": "13",
    "store": "Market Basket",
    "weightType": "20 fl oz",
    "imageName": "Market Basket.jpg",
    "defaultImage": "Market Basket.jpg",
    "updatedTimestamp": "Jan 23, 2021 8:02:30 PM",
    "createdTimestamp": "Jan 23, 2021 8:02:30 PM",
    "isNewlyAdded": false,
    "isActive": true,
    "isDealsEnabled": false,
    "quantity": 0
  },
  {
    "id": 10019,
    "code": "Edy's/Dreyer's SLOW CHURNED No Sugar Added Vanilla Light Ice Cream",
    "desc": "Edy's/Dreyer's SLOW CHURNED No Sugar Added Vanilla Light Ice Cream",
    "shortDesc": "Edy's/Dreyer's SLOW CHURNED No Sugar Added Vanilla Light Ice Cream",
    "tags": [
      "Ice Cream & Ice"
    ],
    "categories": [
      {
        "code": "Frozen Food",
        "desc": "Frozen Food"
      }
    ],
    "subCategories": [
      {
        "code": "Ice Cream & Ice",
        "desc": "Ice Cream & Ice"
      }
    ],
    "brands": [
      {
        "code": "Edy's/dreyer's",
        "desc": "Edy's/dreyer's"
      }
    ],
    "price": {
      "basePrice": 3.69,
      "discountPrice": 3.69
    },
    "type": {
      "code": "Ice Cream & Ice",
      "desc": "Ice Cream & Ice"
    },
    "weight": "1.5 quart",
    "UpcCode": "",
    "tax": 0.0,
    "spiceLevel": "",
    "aiselNo": "21",
    "store": "Market Basket",
    "weightType": "1.5 quart",
    "imageName": "3011.jpg",
    "defaultImage": "3011.jpg",
    "updatedTimestamp": "Jan 23, 2021 8:02:30 PM",
    "createdTimestamp": "Jan 23, 2021 8:02:30 PM",
    "isNewlyAdded": false,
    "isActive": true,
    "isDealsEnabled": false,
    "quantity": 0
  },
  {
    "id": 6346,
    "code": "Polar Diet Pomegranate Dry Soda",
    "desc": "Polar Diet Pomegranate Dry Soda",
    "shortDesc": "Polar Diet Pomegranate Dry Soda",
    "tags": [
      "Soft Drinks"
    ],
    "categories": [
      {
        "code": "Beverages & Juices",
        "desc": "Beverages & Juices"
      }
    ],
    "subCategories": [
      {
        "code": "Soft Drinks & Seltzers",
        "desc": "Soft Drinks & Seltzers"
      }
    ],
    "brands": [
      {
        "code": "Polar",
        "desc": "Polar"
      }
    ],
    "price": {
      "basePrice": 1.74,
      "discountPrice": 1.74
    },
    "type": {
      "code": "Soft Drinks",
      "desc": "Soft Drinks"
    },
    "weight": "2 L",
    "UpcCode": "",
    "tax": 0.0,
    "spiceLevel": "",
    "aiselNo": "11",
    "store": "Market Basket",
    "weightType": "2 L",
    "imageName": "No Image.jpg",
    "defaultImage": "No Image.jpg",
    "updatedTimestamp": "Jan 23, 2021 8:02:30 PM",
    "createdTimestamp": "Jan 23, 2021 8:02:30 PM",
    "isNewlyAdded": false,
    "isActive": true,
    "isDealsEnabled": false,
    "quantity": 0
  },
  {
    "id": 8497,
    "code": "Golchin Grape Seed Oil",
    "desc": "Golchin Grape Seed Oil",
    "shortDesc": "Golchin Grape Seed Oil",
    "tags": [
      "Oils & Vinegars"
    ],
    "categories": [
      {
        "code": "Cooking Needs",
        "desc": "Cooking Needs"
      }
    ],
    "subCategories": [
      {
        "code": "Oils & Vinegars",
        "desc": "Oils & Vinegars"
      }
    ],
    "brands": [
      {
        "code": "Golchin",
        "desc": "Golchin"
      }
    ],
    "price": {
      "basePrice": 4.89,
      "discountPrice": 4.89
    },
    "type": {
      "code": "Oils & Vinegars",
      "desc": "Oils & Vinegars"
    },
    "weight": "1 L",
    "UpcCode": "",
    "tax": 0.0,
    "spiceLevel": "",
    "aiselNo": "2",
    "store": "Market Basket",
    "weightType": "1 L",
    "imageName": "15527.jpg",
    "defaultImage": "15527.jpg",
    "updatedTimestamp": "Jan 23, 2021 8:02:30 PM",
    "createdTimestamp": "Jan 23, 2021 8:02:30 PM",
    "isNewlyAdded": false,
    "isActive": true,
    "isDealsEnabled": false,
    "quantity": 0
  },
  {
    "id": 15099,
    "code": "Clean & Clear Persa-Gel 10 Acne Medication",
    "desc": "Clean & Clear Persa-Gel 10 Acne Medication",
    "shortDesc": "Clean & Clear Persa-Gel 10 Acne Medication",
    "tags": [
      "Facial Care"
    ],
    "categories": [
      {
        "code": "Personal Care",
        "desc": "Personal Care"
      }
    ],
    "subCategories": [
      {
        "code": "Personal Needs",
        "desc": "Personal Needs"
      }
    ],
    "brands": [
      {
        "code": "Clean & Clear",
        "desc": "Clean & Clear"
      }
    ],
    "price": {
      "basePrice": 8.5,
      "discountPrice": 8.5
    },
    "type": {
      "code": "Facial Care",
      "desc": "Facial Care"
    },
    "weight": "1 oz",
    "UpcCode": "",
    "tax": 1.0,
    "spiceLevel": "",
    "aiselNo": "13",
    "store": "Market Basket",
    "weightType": "1 oz",
    "imageName": "17691.jpg",
    "defaultImage": "17691.jpg",
    "updatedTimestamp": "Jan 23, 2021 8:02:30 PM",
    "createdTimestamp": "Jan 23, 2021 8:02:30 PM",
    "isNewlyAdded": false,
    "isActive": true,
    "isDealsEnabled": false,
    "quantity": 0
  },
  {
    "id": 8419,
    "code": "SP Single Brand KC Masterpiece Original Barbecue Sauce, 18 Ounces",
    "desc": "SP Single Brand KC Masterpiece Original Barbecue Sauce, 18 Ounces",
    "shortDesc": "SP Single Brand KC Masterpiece Original Barbecue Sauce, 18 Ounces",
    "tags": [
      "Marinades & Meat Preparation"
    ],
    "categories": [
      {
        "code": "Condiments & Dressings",
        "desc": "Condiments & Dressings"
      }
    ],
    "subCategories": [
      {
        "code": "Marinades, Ketchup & Sauces",
        "desc": "Marinades, Ketchup & Sauces"
      }
    ],
    "brands": [
      {
        "code": "KC Masterpiece",
        "desc": "KC Masterpiece"
      }
    ],
    "price": {
      "basePrice": 2.49,
      "discountPrice": 2.49
    },
    "type": {
      "code": "Marinades & Meat Preparation",
      "desc": "Marinades & Meat Preparation"
    },
    "weight": "18 oz",
    "UpcCode": "",
    "tax": 0.0,
    "spiceLevel": "",
    "aiselNo": "9",
    "store": "Market Basket",
    "weightType": "18 oz",
    "imageName": "15577.jpg",
    "defaultImage": "15577.jpg",
    "updatedTimestamp": "Jan 23, 2021 8:02:30 PM",
    "createdTimestamp": "Jan 23, 2021 8:02:30 PM",
    "isNewlyAdded": false,
    "isActive": true,
    "isDealsEnabled": false,
    "quantity": 0
  },
  {
    "id": 6102,
    "code": "Coca Cola Caffeine Free Diet Coke Box of Cans",
    "desc": "Coca Cola Caffeine Free Diet Coke Box of Cans",
    "shortDesc": "Coca Cola Caffeine Free Diet Coke Box of Cans",
    "tags": [
      "Soft Drinks"
    ],
    "categories": [
      {
        "code": "Beverages & Juices",
        "desc": "Beverages & Juices"
      }
    ],
    "subCategories": [
      {
        "code": "Soft Drinks & Seltzers",
        "desc": "Soft Drinks & Seltzers"
      }
    ],
    "brands": [
      {
        "code": "Coca-Cola",
        "desc": "Coca-Cola"
      }
    ],
    "price": {
      "basePrice": 6.86,
      "discountPrice": 6.86
    },
    "type": {
      "code": "Soft Drinks",
      "desc": "Soft Drinks"
    },
    "weight": "12 x 12 fl oz",
    "UpcCode": "",
    "tax": 0.0,
    "spiceLevel": "",
    "aiselNo": "17",
    "store": "Market Basket",
    "weightType": "12 x 12 fl oz",
    "imageName": "No Image.jpg",
    "defaultImage": "No Image.jpg",
    "updatedTimestamp": "Jan 23, 2021 8:02:30 PM",
    "createdTimestamp": "Jan 23, 2021 8:02:30 PM",
    "isNewlyAdded": false,
    "isActive": true,
    "isDealsEnabled": false,
    "quantity": 0
  },
  {
    "id": 5468,
    "code": "Hershey's Nuggets Special Dark with Almonds Candy",
    "desc": "Hershey's Nuggets Special Dark with Almonds Candy",
    "shortDesc": "Hershey's Nuggets Special Dark with Almonds Candy",
    "tags": [
      "Candy & Chocolate"
    ],
    "categories": [
      {
        "code": "Chips, Cookies & Snacks",
        "desc": "Chips, Cookies & Snacks"
      }
    ],
    "subCategories": [
      {
        "code": "Candy & Chocolates",
        "desc": "Candy & Chocolates"
      }
    ],
    "brands": [
      {
        "code": "Hershey's",
        "desc": "Hershey's"
      }
    ],
    "price": {
      "basePrice": 3.69,
      "discountPrice": 3.69
    },
    "type": {
      "code": "Candy & Chocolate",
      "desc": "Candy & Chocolate"
    },
    "weight": "12 oz",
    "UpcCode": "",
    "tax": 0.0,
    "spiceLevel": "",
    "aiselNo": "3",
    "store": "Market Basket",
    "weightType": "12 oz",
    "imageName": "999.jpg",
    "defaultImage": "999.jpg",
    "updatedTimestamp": "Jan 23, 2021 8:02:30 PM",
    "createdTimestamp": "Jan 23, 2021 8:02:30 PM",
    "isNewlyAdded": false,
    "isActive": true,
    "isDealsEnabled": false,
    "quantity": 0
  },
  {
    "id": 13529,
    "code": "Organic Valley Whole Milk Lactos Free",
    "desc": "Organic Valley Whole Milk Lactos Free",
    "shortDesc": "Organic Valley Whole Milk Lactos Free",
    "tags": [
      "Milk"
    ],
    "categories": [
      {
        "code": "Breakfast & Dairy",
        "desc": "Breakfast & Dairy"
      }
    ],
    "subCategories": [
      {
        "code": "Dairy & Eggs",
        "desc": "Dairy & Eggs"
      }
    ],
    "brands": [
      {
        "code": "Organic Valley",
        "desc": "Organic Valley"
      }
    ],
    "price": {
      "basePrice": 4.99,
      "discountPrice": 4.99
    },
    "type": {
      "code": "Milk",
      "desc": "Milk"
    },
    "weight": "0.5 gal",
    "UpcCode": "",
    "tax": 0.0,
    "spiceLevel": "",
    "aiselNo": "1",
    "store": "Market Basket",
    "weightType": "0.5 gal",
    "imageName": "504.jpg",
    "defaultImage": "504.jpg",
    "updatedTimestamp": "Jan 23, 2021 8:02:30 PM",
    "createdTimestamp": "Jan 23, 2021 8:02:30 PM",
    "isNewlyAdded": false,
    "isActive": true,
    "isDealsEnabled": false,
    "quantity": 0
  },
  {
    "id": 3900,
    "code": "Pearl Onions",
    "desc": "Pearl Onions",
    "shortDesc": "Pearl Onions",
    "tags": [
      "Onion"
    ],
    "categories": [
      {
        "code": "Fresh Produce",
        "desc": "Fresh Produce"
      }
    ],
    "subCategories": [
      {
        "code": "Fresh Vegetables",
        "desc": "Fresh Vegetables"
      }
    ],
    "brands": [
      {
        "code": "Auertak",
        "desc": "Auertak"
      }
    ],
    "price": {
      "basePrice": 3.29,
      "discountPrice": 3.29
    },
    "type": {
      "code": "Onion",
      "desc": "Onion"
    },
    "weight": "10 oz",
    "UpcCode": "",
    "tax": 0.0,
    "spiceLevel": "",
    "aiselNo": "20",
    "store": "Market Basket",
    "weightType": "10 oz",
    "imageName": "f236.jpg",
    "defaultImage": "f236.jpg",
    "updatedTimestamp": "Jan 23, 2021 8:02:30 PM",
    "createdTimestamp": "Jan 23, 2021 8:02:30 PM",
    "isNewlyAdded": false,
    "isActive": true,
    "isDealsEnabled": false,
    "quantity": 0
  },
  {
    "id": 14942,
    "code": "Phillips' Genuine Saline Laxative Milk Of Magnesia Wild Cherry",
    "desc": "Phillips' Genuine Saline Laxative Milk Of Magnesia Wild Cherry",
    "shortDesc": "Phillips' Genuine Saline Laxative Milk Of Magnesia Wild Cherry",
    "tags": [
      "Digestion"
    ],
    "categories": [
      {
        "code": "Personal Care",
        "desc": "Personal Care"
      }
    ],
    "subCategories": [
      {
        "code": "First Aid & Healthcare",
        "desc": "First Aid & Healthcare"
      }
    ],
    "brands": [
      {
        "code": "Phillips",
        "desc": "Phillips"
      }
    ],
    "price": {
      "basePrice": 7.69,
      "discountPrice": 7.69
    },
    "type": {
      "code": "Digestion",
      "desc": "Digestion"
    },
    "weight": "12 fl oz",
    "UpcCode": "",
    "tax": 1.0,
    "spiceLevel": "",
    "aiselNo": "13",
    "store": "Market Basket",
    "weightType": "12 fl oz",
    "imageName": "6655.jpg",
    "defaultImage": "6655.jpg",
    "updatedTimestamp": "Jan 23, 2021 8:02:30 PM",
    "createdTimestamp": "Jan 23, 2021 8:02:30 PM",
    "isNewlyAdded": false,
    "isActive": true,
    "isDealsEnabled": false,
    "quantity": 0
  },
  {
    "id": 5363,
    "code": "Tate's Bake Shop Butter Crunch Cookies",
    "desc": "Tate's Bake Shop Butter Crunch Cookies",
    "shortDesc": "Tate's Bake Shop Butter Crunch Cookies",
    "tags": [
      "Cookies & Cakes"
    ],
    "categories": [
      {
        "code": "Chips, Cookies & Snacks",
        "desc": "Chips, Cookies & Snacks"
      }
    ],
    "subCategories": [
      {
        "code": "Cookies & Crackers",
        "desc": "Cookies & Crackers"
      }
    ],
    "brands": [
      {
        "code": "Tate's Bake Shop",
        "desc": "Tate's Bake Shop"
      }
    ],
    "price": {
      "basePrice": 6.23,
      "discountPrice": 6.23
    },
    "type": {
      "code": "Cookies & Cakes",
      "desc": "Cookies & Cakes"
    },
    "weight": "7 oz",
    "UpcCode": "",
    "tax": 0.0,
    "spiceLevel": "",
    "aiselNo": "6",
    "store": "Market Basket",
    "weightType": "7 oz",
    "imageName": "No Image.jpg",
    "defaultImage": "No Image.jpg",
    "updatedTimestamp": "Jan 23, 2021 8:02:30 PM",
    "createdTimestamp": "Jan 23, 2021 8:02:30 PM",
    "isNewlyAdded": false,
    "isActive": true,
    "isDealsEnabled": false,
    "quantity": 0
  },
  {
    "id": 8255,
    "code": "McCormick Golden Dipt Seafood Cocktail Sauce",
    "desc": "McCormick Golden Dipt Seafood Cocktail Sauce",
    "shortDesc": "McCormick Golden Dipt Seafood Cocktail Sauce",
    "tags": [
      "Condiments"
    ],
    "categories": [
      {
        "code": "Condiments & Dressings",
        "desc": "Condiments & Dressings"
      }
    ],
    "subCategories": [
      {
        "code": "Marinades, Ketchup & Sauces",
        "desc": "Marinades, Ketchup & Sauces"
      }
    ],
    "brands": [
      {
        "code": "McCormick",
        "desc": "McCormick"
      }
    ],
    "price": {
      "basePrice": 2.49,
      "discountPrice": 2.49
    },
    "type": {
      "code": "Condiments",
      "desc": "Condiments"
    },
    "weight": "8 fl oz",
    "UpcCode": "",
    "tax": 0.0,
    "spiceLevel": "",
    "aiselNo": "2",
    "store": "Market Basket",
    "weightType": "8 fl oz",
    "imageName": "15364.jpg",
    "defaultImage": "15364.jpg",
    "updatedTimestamp": "Jan 23, 2021 8:02:30 PM",
    "createdTimestamp": "Jan 23, 2021 8:02:30 PM",
    "isNewlyAdded": false,
    "isActive": true,
    "isDealsEnabled": false,
    "quantity": 0
  },
  {
    "id": 7962,
    "code": "Campbell's Condensed Campbell's Condensed Healthy Request Cream of Chicken Soup",
    "desc": "Campbell's Condensed Campbell's Condensed Healthy Request Cream of Chicken Soup",
    "shortDesc": "Campbell's Condensed Campbell's Condensed Healthy Request Cream of Chicken Soup",
    "tags": [
      "Soup, Broth & Bouillon"
    ],
    "categories": [
      {
        "code": "Cooking Needs",
        "desc": "Cooking Needs"
      }
    ],
    "subCategories": [
      {
        "code": "Canned Food",
        "desc": "Canned Food"
      }
    ],
    "brands": [
      {
        "code": "Campbell's",
        "desc": "Campbell's"
      }
    ],
    "price": {
      "basePrice": 2.09,
      "discountPrice": 2.09
    },
    "type": {
      "code": "Soup, Broth & Bouillon",
      "desc": "Soup, Broth & Bouillon"
    },
    "weight": "10.5 oz",
    "UpcCode": "",
    "tax": 0.0,
    "spiceLevel": "",
    "aiselNo": "2",
    "store": "Market Basket",
    "weightType": "10.5 oz",
    "imageName": "5312.jpg",
    "defaultImage": "5312.jpg",
    "updatedTimestamp": "Jan 23, 2021 8:02:30 PM",
    "createdTimestamp": "Jan 23, 2021 8:02:30 PM",
    "isNewlyAdded": false,
    "isActive": true,
    "isDealsEnabled": false,
    "quantity": 0
  },
  {
    "id": 6395,
    "code": "Polar Seltzer Pink Raspberry Lemonade",
    "desc": "Polar Seltzer Pink Raspberry Lemonade",
    "shortDesc": "Polar Seltzer Pink Raspberry Lemonade",
    "tags": [
      "Seltzer"
    ],
    "categories": [
      {
        "code": "Beverages & Juices",
        "desc": "Beverages & Juices"
      }
    ],
    "subCategories": [
      {
        "code": "Soft Drinks & Seltzers",
        "desc": "Soft Drinks & Seltzers"
      }
    ],
    "brands": [
      {
        "code": "Polar",
        "desc": "Polar"
      }
    ],
    "price": {
      "basePrice": 4.18,
      "discountPrice": 4.18
    },
    "type": {
      "code": "Seltzer",
      "desc": "Seltzer"
    },
    "weight": "8 x 12 fl oz",
    "UpcCode": "",
    "tax": 0.0,
    "spiceLevel": "",
    "aiselNo": "11",
    "store": "Market Basket",
    "weightType": "8 x 12 fl oz",
    "imageName": "No Image.jpg",
    "defaultImage": "No Image.jpg",
    "updatedTimestamp": "Jan 23, 2021 8:02:30 PM",
    "createdTimestamp": "Jan 23, 2021 8:02:30 PM",
    "isNewlyAdded": false,
    "isActive": true,
    "isDealsEnabled": false,
    "quantity": 0
  },
  {
    "id": 90,
    "code": "Mr. Clean with Gain Scent Original Fresh Multi-Purpose Cleaner",
    "desc": "Mr. Clean with Gain Scent Original Fresh Multi-Purpose Cleaner",
    "shortDesc": "Mr. Clean with Gain Scent Original Fresh Multi-Purpose Cleaner",
    "tags": [
      "All Purpose Cleaner"
    ],
    "categories": [
      {
        "code": "Kitchen & Cleaning",
        "desc": "Kitchen & Cleaning"
      }
    ],
    "subCategories": [
      {
        "code": "Cleaning Products",
        "desc": "Cleaning Products"
      }
    ],
    "brands": [
      {
        "code": "Mr. Clean",
        "desc": "Mr. Clean"
      }
    ],
    "price": {
      "basePrice": 3.69,
      "discountPrice": 3.69
    },
    "type": {
      "code": "All Purpose Cleaner",
      "desc": "All Purpose Cleaner"
    },
    "weight": "40 fl oz",
    "UpcCode": "",
    "tax": 1.0,
    "spiceLevel": "",
    "aiselNo": "15",
    "store": "Market Basket",
    "weightType": "40 fl oz",
    "imageName": "4279.jpg",
    "defaultImage": "4279.jpg",
    "updatedTimestamp": "Jan 23, 2021 8:02:30 PM",
    "createdTimestamp": "Jan 23, 2021 8:02:30 PM",
    "isNewlyAdded": false,
    "isActive": true,
    "isDealsEnabled": false,
    "quantity": 0
  },
  {
    "id": 6840,
    "code": "Ghirardelli Chocolate 60% Cacao Bittersweet Chocolate Premium Baking Bar",
    "desc": "Ghirardelli Chocolate 60% Cacao Bittersweet Chocolate Premium Baking Bar",
    "shortDesc": "Ghirardelli Chocolate 60% Cacao Bittersweet Chocolate Premium Baking Bar",
    "tags": [
      "Baking Ingredients"
    ],
    "categories": [
      {
        "code": "Cooking Needs",
        "desc": "Cooking Needs"
      }
    ],
    "subCategories": [
      {
        "code": "Baking & Cooking",
        "desc": "Baking & Cooking"
      }
    ],
    "brands": [
      {
        "code": "Ghirardelli Chocolate",
        "desc": "Ghirardelli Chocolate"
      }
    ],
    "price": {
      "basePrice": 2.79,
      "discountPrice": 2.79
    },
    "type": {
      "code": "Baking Ingredients",
      "desc": "Baking Ingredients"
    },
    "weight": "4 oz",
    "UpcCode": "",
    "tax": 0.0,
    "spiceLevel": "",
    "aiselNo": "8",
    "store": "Market Basket",
    "weightType": "4 oz",
    "imageName": "2346.jpg",
    "defaultImage": "2346.jpg",
    "updatedTimestamp": "Jan 23, 2021 8:02:30 PM",
    "createdTimestamp": "Jan 23, 2021 8:02:30 PM",
    "isNewlyAdded": false,
    "isActive": true,
    "isDealsEnabled": false,
    "quantity": 0
  },
  {
    "id": 8619,
    "code": "Goya Stuffed Olives Minced Tuna",
    "desc": "Goya Stuffed Olives Minced Tuna",
    "shortDesc": "Goya Stuffed Olives Minced Tuna",
    "tags": [
      "Pickled Goods & Olives"
    ],
    "categories": [
      {
        "code": "Condiments & Dressings",
        "desc": "Condiments & Dressings"
      }
    ],
    "subCategories": [
      {
        "code": "Pickled Goods & Olives",
        "desc": "Pickled Goods & Olives"
      }
    ],
    "brands": [
      {
        "code": "Goya",
        "desc": "Goya"
      }
    ],
    "price": {
      "basePrice": 2.69,
      "discountPrice": 2.69
    },
    "type": {
      "code": "Pickled Goods & Olives",
      "desc": "Pickled Goods & Olives"
    },
    "weight": "148.8 g",
    "UpcCode": "",
    "tax": 0.0,
    "spiceLevel": "",
    "aiselNo": "7",
    "store": "Market Basket",
    "weightType": "148.8 g",
    "imageName": "1870.jpg",
    "defaultImage": "1870.jpg",
    "updatedTimestamp": "Jan 23, 2021 8:02:30 PM",
    "createdTimestamp": "Jan 23, 2021 8:02:30 PM",
    "isNewlyAdded": false,
    "isActive": true,
    "isDealsEnabled": false,
    "quantity": 0
  },
  {
    "id": 13784,
    "code": "Olympiana 100% Greek Feta Cheese",
    "desc": "Olympiana 100% Greek Feta Cheese",
    "shortDesc": "Olympiana 100% Greek Feta Cheese",
    "tags": [
      "Packaged Cheese"
    ],
    "categories": [
      {
        "code": "Breakfast & Dairy",
        "desc": "Breakfast & Dairy"
      }
    ],
    "subCategories": [
      {
        "code": "Dairy & Eggs",
        "desc": "Dairy & Eggs"
      }
    ],
    "brands": [
      {
        "code": "Olympiana",
        "desc": "Olympiana"
      }
    ],
    "price": {
      "basePrice": 6.09,
      "discountPrice": 6.09
    },
    "type": {
      "code": "Packaged Cheese",
      "desc": "Packaged Cheese"
    },
    "weight": "14.1 oz",
    "UpcCode": "",
    "tax": 0.0,
    "spiceLevel": "",
    "aiselNo": "1",
    "store": "Market Basket",
    "weightType": "14.1 oz",
    "imageName": "Market Basket.jpg",
    "defaultImage": "Market Basket.jpg",
    "updatedTimestamp": "Jan 23, 2021 8:02:30 PM",
    "createdTimestamp": "Jan 23, 2021 8:02:30 PM",
    "isNewlyAdded": false,
    "isActive": true,
    "isDealsEnabled": false,
    "quantity": 0
  },
  {
    "id": 356,
    "code": "Market Basket Soup And Salad Storage Containers",
    "desc": "Market Basket Soup And Salad Storage Containers",
    "shortDesc": "Market Basket Soup And Salad Storage Containers",
    "tags": [
      "Storage Containers"
    ],
    "categories": [
      {
        "code": "Kitchen & Cleaning",
        "desc": "Kitchen & Cleaning"
      }
    ],
    "subCategories": [
      {
        "code": "Food Storage & Kitchen Supplies",
        "desc": "Food Storage & Kitchen Supplies"
      }
    ],
    "brands": [
      {
        "code": "Market Basket",
        "desc": "Market Basket"
      }
    ],
    "price": {
      "basePrice": 2.49,
      "discountPrice": 2.49
    },
    "type": {
      "code": "Storage Containers",
      "desc": "Storage Containers"
    },
    "weight": "5 count",
    "UpcCode": "",
    "tax": 1.0,
    "spiceLevel": "",
    "aiselNo": "12",
    "store": "Market Basket",
    "weightType": "5 count",
    "imageName": "Market Basket.jpg",
    "defaultImage": "Market Basket.jpg",
    "updatedTimestamp": "Jan 23, 2021 8:02:30 PM",
    "createdTimestamp": "Jan 23, 2021 8:02:30 PM",
    "isNewlyAdded": false,
    "isActive": true,
    "isDealsEnabled": false,
    "quantity": 0
  },
  {
    "id": 3799,
    "code": "Goodness Gardens Organic Infinite Oregano",
    "desc": "Goodness Gardens Organic Infinite Oregano",
    "shortDesc": "Goodness Gardens Organic Infinite Oregano",
    "tags": [
      "Oregano"
    ],
    "categories": [
      {
        "code": "Fresh Produce",
        "desc": "Fresh Produce"
      }
    ],
    "subCategories": [
      {
        "code": "Fresh Organic Herbs",
        "desc": "Fresh Organic Herbs"
      }
    ],
    "brands": [
      {
        "code": "Goodness Gardens",
        "desc": "Goodness Gardens"
      }
    ],
    "price": {
      "basePrice": 2.86,
      "discountPrice": 2.86
    },
    "type": {
      "code": "Oregano",
      "desc": "Oregano"
    },
    "weight": "4 oz",
    "UpcCode": "",
    "tax": 0.0,
    "spiceLevel": "",
    "aiselNo": "20",
    "store": "Market Basket",
    "weightType": "4 oz",
    "imageName": "FP47.jpg",
    "defaultImage": "FP47.jpg",
    "updatedTimestamp": "Jan 23, 2021 8:02:30 PM",
    "createdTimestamp": "Jan 23, 2021 8:02:30 PM",
    "isNewlyAdded": false,
    "isActive": true,
    "isDealsEnabled": false,
    "quantity": 0
  },
  {
    "id": 6275,
    "code": "Glaceau Smart Water",
    "desc": "Glaceau Smart Water",
    "shortDesc": "Glaceau Smart Water",
    "tags": [
      "Water"
    ],
    "categories": [
      {
        "code": "Beverages & Juices",
        "desc": "Beverages & Juices"
      }
    ],
    "subCategories": [
      {
        "code": "Water",
        "desc": "Water"
      }
    ],
    "brands": [
      {
        "code": "Glaceau",
        "desc": "Glaceau"
      }
    ],
    "price": {
      "basePrice": 2.49,
      "discountPrice": 2.49
    },
    "type": {
      "code": "Water",
      "desc": "Water"
    },
    "weight": "50.7 fl oz",
    "UpcCode": "",
    "tax": 0.0,
    "spiceLevel": "",
    "aiselNo": "11",
    "store": "Market Basket",
    "weightType": "50.7 fl oz",
    "imageName": "No Image.jpg",
    "defaultImage": "No Image.jpg",
    "updatedTimestamp": "Jan 23, 2021 8:02:30 PM",
    "createdTimestamp": "Jan 23, 2021 8:02:30 PM",
    "isNewlyAdded": false,
    "isActive": true,
    "isDealsEnabled": false,
    "quantity": 0
  },
  {
    "id": 9079,
    "code": "Trappist Preserve Rhubarb Strawberry",
    "desc": "Trappist Preserve Rhubarb Strawberry",
    "shortDesc": "Trappist Preserve Rhubarb Strawberry",
    "tags": [
      "Spreads"
    ],
    "categories": [
      {
        "code": "Condiments & Dressings",
        "desc": "Condiments & Dressings"
      }
    ],
    "subCategories": [
      {
        "code": "Preserved Dips & Spreads",
        "desc": "Preserved Dips & Spreads"
      }
    ],
    "brands": [
      {
        "code": "Trappist",
        "desc": "Trappist"
      }
    ],
    "price": {
      "basePrice": 3.69,
      "discountPrice": 3.69
    },
    "type": {
      "code": "Spreads",
      "desc": "Spreads"
    },
    "weight": "12 oz",
    "UpcCode": "",
    "tax": 0.0,
    "spiceLevel": "",
    "aiselNo": "3",
    "store": "Market Basket",
    "weightType": "12 oz",
    "imageName": "1660.jpg",
    "defaultImage": "1660.jpg",
    "updatedTimestamp": "Jan 23, 2021 8:02:30 PM",
    "createdTimestamp": "Jan 23, 2021 8:02:30 PM",
    "isNewlyAdded": false,
    "isActive": true,
    "isDealsEnabled": false,
    "quantity": 0
  },
  {
    "id": 9151,
    "code": "Market Basket Shoestring Potatoes",
    "desc": "Market Basket Shoestring Potatoes",
    "shortDesc": "Market Basket Shoestring Potatoes",
    "tags": [
      "Frozen Appetizers & Sides"
    ],
    "categories": [
      {
        "code": "Frozen Food",
        "desc": "Frozen Food"
      }
    ],
    "subCategories": [
      {
        "code": "Frozen Dinners & Entrees",
        "desc": "Frozen Dinners & Entrees"
      }
    ],
    "brands": [
      {
        "code": "Market Basket",
        "desc": "Market Basket"
      }
    ],
    "price": {
      "basePrice": 1.89,
      "discountPrice": 1.89
    },
    "type": {
      "code": "Frozen Appetizers & Sides",
      "desc": "Frozen Appetizers & Sides"
    },
    "weight": "24 oz",
    "UpcCode": "",
    "tax": 0.0,
    "spiceLevel": "",
    "aiselNo": "18",
    "store": "Market Basket",
    "weightType": "24 oz",
    "imageName": "Market Basket.jpg",
    "defaultImage": "Market Basket.jpg",
    "updatedTimestamp": "Jan 23, 2021 8:02:30 PM",
    "createdTimestamp": "Jan 23, 2021 8:02:30 PM",
    "isNewlyAdded": false,
    "isActive": true,
    "isDealsEnabled": false,
    "quantity": 0
  },
  {
    "id": 14468,
    "code": "Peet's Coffee Medium Roast Coffee Brazil Minas Naturals",
    "desc": "Peet's Coffee Medium Roast Coffee Brazil Minas Naturals",
    "shortDesc": "Peet's Coffee Medium Roast Coffee Brazil Minas Naturals",
    "tags": [
      "Coffee"
    ],
    "categories": [
      {
        "code": "Breakfast & Dairy",
        "desc": "Breakfast & Dairy"
      }
    ],
    "subCategories": [
      {
        "code": "Tea & Coffee",
        "desc": "Tea & Coffee"
      }
    ],
    "brands": [
      {
        "code": "Peet's Coffee",
        "desc": "Peet's Coffee"
      }
    ],
    "price": {
      "basePrice": 10.99,
      "discountPrice": 10.99
    },
    "type": {
      "code": "Coffee",
      "desc": "Coffee"
    },
    "weight": "12 oz",
    "UpcCode": "",
    "tax": 0.0,
    "spiceLevel": "",
    "aiselNo": "8",
    "store": "Market Basket",
    "weightType": "12 oz",
    "imageName": "16288.jpg",
    "defaultImage": "16288.jpg",
    "updatedTimestamp": "Jan 23, 2021 8:02:30 PM",
    "createdTimestamp": "Jan 23, 2021 8:02:30 PM",
    "isNewlyAdded": false,
    "isActive": true,
    "isDealsEnabled": false,
    "quantity": 0
  },
  {
    "id": 14825,
    "code": "Market Basket Sea Men's Shower Gel",
    "desc": "Market Basket Sea Men's Shower Gel",
    "shortDesc": "Market Basket Sea Men's Shower Gel",
    "tags": [
      "Shower Gel"
    ],
    "categories": [
      {
        "code": "Personal Care",
        "desc": "Personal Care"
      }
    ],
    "subCategories": [
      {
        "code": "Body Wash, Soap & Hair Care",
        "desc": "Body Wash, Soap & Hair Care"
      }
    ],
    "brands": [
      {
        "code": "Market Basket",
        "desc": "Market Basket"
      }
    ],
    "price": {
      "basePrice": 3.21,
      "discountPrice": 3.21
    },
    "type": {
      "code": "Shower Gel",
      "desc": "Shower Gel"
    },
    "weight": "20 fl oz",
    "UpcCode": "",
    "tax": 1.0,
    "spiceLevel": "",
    "aiselNo": "13",
    "store": "Market Basket",
    "weightType": "20 fl oz",
    "imageName": "Market Basket.jpg",
    "defaultImage": "Market Basket.jpg",
    "updatedTimestamp": "Jan 23, 2021 8:02:30 PM",
    "createdTimestamp": "Jan 23, 2021 8:02:30 PM",
    "isNewlyAdded": false,
    "isActive": true,
    "isDealsEnabled": false,
    "quantity": 0
  },
  {
    "id": 14378,
    "code": "Folgers K Cup Pods Medium Dark Roast 100% Colombian",
    "desc": "Folgers K Cup Pods Medium Dark Roast 100% Colombian",
    "shortDesc": "Folgers K Cup Pods Medium Dark Roast 100% Colombian",
    "tags": [
      "Coffee"
    ],
    "categories": [
      {
        "code": "Breakfast & Dairy",
        "desc": "Breakfast & Dairy"
      }
    ],
    "subCategories": [
      {
        "code": "Tea & Coffee",
        "desc": "Tea & Coffee"
      }
    ],
    "brands": [
      {
        "code": "Folgers ",
        "desc": "Folgers "
      }
    ],
    "price": {
      "basePrice": 7.39,
      "discountPrice": 7.39
    },
    "type": {
      "code": "Coffee",
      "desc": "Coffee"
    },
    "weight": "12 count",
    "UpcCode": "",
    "tax": 0.0,
    "spiceLevel": "",
    "aiselNo": "8",
    "store": "Market Basket",
    "weightType": "12 count",
    "imageName": "3349.jpg",
    "defaultImage": "3349.jpg",
    "updatedTimestamp": "Jan 23, 2021 8:02:30 PM",
    "createdTimestamp": "Jan 23, 2021 8:02:30 PM",
    "isNewlyAdded": false,
    "isActive": true,
    "isDealsEnabled": false,
    "quantity": 0
  },
  {
    "id": 7218,
    "code": "Goya Adobo Light All Purpose Seasoning without Pepper",
    "desc": "Goya Adobo Light All Purpose Seasoning without Pepper",
    "shortDesc": "Goya Adobo Light All Purpose Seasoning without Pepper",
    "tags": [
      "Spices & Seasonings"
    ],
    "categories": [
      {
        "code": "Cooking Needs",
        "desc": "Cooking Needs"
      }
    ],
    "subCategories": [
      {
        "code": "Spices & Seasonings",
        "desc": "Spices & Seasonings"
      }
    ],
    "brands": [
      {
        "code": "Goya",
        "desc": "Goya"
      }
    ],
    "price": {
      "basePrice": 1.99,
      "discountPrice": 1.99
    },
    "type": {
      "code": "Spices & Seasonings",
      "desc": "Spices & Seasonings"
    },
    "weight": "8 oz",
    "UpcCode": "",
    "tax": 0.0,
    "spiceLevel": "",
    "aiselNo": "9",
    "store": "Market Basket",
    "weightType": "8 oz",
    "imageName": "2235.jpg",
    "defaultImage": "2235.jpg",
    "updatedTimestamp": "Jan 23, 2021 8:02:30 PM",
    "createdTimestamp": "Jan 23, 2021 8:02:30 PM",
    "isNewlyAdded": false,
    "isActive": true,
    "isDealsEnabled": false,
    "quantity": 0
  },
  {
    "id": 7426,
    "code": "Del Monte Fresh Cut Golden Corn Sweet Cream Style",
    "desc": "Del Monte Fresh Cut Golden Corn Sweet Cream Style",
    "shortDesc": "Del Monte Fresh Cut Golden Corn Sweet Cream Style",
    "tags": [
      "Canned & Jarred Vegetables"
    ],
    "categories": [
      {
        "code": "Cooking Needs",
        "desc": "Cooking Needs"
      }
    ],
    "subCategories": [
      {
        "code": "Canned Food",
        "desc": "Canned Food"
      }
    ],
    "brands": [
      {
        "code": "Del Monte",
        "desc": "Del Monte"
      }
    ],
    "price": {
      "basePrice": 1.09,
      "discountPrice": 1.09
    },
    "type": {
      "code": "Canned & Jarred Vegetables",
      "desc": "Canned & Jarred Vegetables"
    },
    "weight": "14.75 oz",
    "UpcCode": "",
    "tax": 0.0,
    "spiceLevel": "",
    "aiselNo": "9",
    "store": "Market Basket",
    "weightType": "14.75 oz",
    "imageName": "5029.jpg",
    "defaultImage": "5029.jpg",
    "updatedTimestamp": "Jan 23, 2021 8:02:30 PM",
    "createdTimestamp": "Jan 23, 2021 8:02:30 PM",
    "isNewlyAdded": false,
    "isActive": true,
    "isDealsEnabled": false,
    "quantity": 0
  },
  {
    "id": 7906,
    "code": "Amy's Organic Soups Lentil",
    "desc": "Amy's Organic Soups Lentil",
    "shortDesc": "Amy's Organic Soups Lentil",
    "tags": [
      "Soup, Broth & Bouillon"
    ],
    "categories": [
      {
        "code": "Cooking Needs",
        "desc": "Cooking Needs"
      }
    ],
    "subCategories": [
      {
        "code": "Canned Food",
        "desc": "Canned Food"
      }
    ],
    "brands": [
      {
        "code": "Amy's",
        "desc": "Amy's"
      }
    ],
    "price": {
      "basePrice": 3.69,
      "discountPrice": 3.69
    },
    "type": {
      "code": "Soup, Broth & Bouillon",
      "desc": "Soup, Broth & Bouillon"
    },
    "weight": "14.5 oz",
    "UpcCode": "",
    "tax": 0.0,
    "spiceLevel": "",
    "aiselNo": "2",
    "store": "Market Basket",
    "weightType": "14.5 oz",
    "imageName": "17219.jpg",
    "defaultImage": "17219.jpg",
    "updatedTimestamp": "Jan 23, 2021 8:02:30 PM",
    "createdTimestamp": "Jan 23, 2021 8:02:30 PM",
    "isNewlyAdded": false,
    "isActive": true,
    "isDealsEnabled": false,
    "quantity": 0
  },
  {
    "id": 8144,
    "code": "Wolfgang Puck Organic Chicken with Tuscan Style White Bean & Pesto Soup",
    "desc": "Wolfgang Puck Organic Chicken with Tuscan Style White Bean & Pesto Soup",
    "shortDesc": "Wolfgang Puck Organic Chicken with Tuscan Style White Bean & Pesto Soup",
    "tags": [
      "Soup, Broth & Bouillon"
    ],
    "categories": [
      {
        "code": "Cooking Needs",
        "desc": "Cooking Needs"
      }
    ],
    "subCategories": [
      {
        "code": "Canned Food",
        "desc": "Canned Food"
      }
    ],
    "brands": [
      {
        "code": "Wolfgang Puck",
        "desc": "Wolfgang Puck"
      }
    ],
    "price": {
      "basePrice": 3.09,
      "discountPrice": 3.09
    },
    "type": {
      "code": "Soup, Broth & Bouillon",
      "desc": "Soup, Broth & Bouillon"
    },
    "weight": "14.5 oz",
    "UpcCode": "",
    "tax": 0.0,
    "spiceLevel": "",
    "aiselNo": "2",
    "store": "Market Basket",
    "weightType": "14.5 oz",
    "imageName": "17243.jpg",
    "defaultImage": "17243.jpg",
    "updatedTimestamp": "Jan 23, 2021 8:02:30 PM",
    "createdTimestamp": "Jan 23, 2021 8:02:30 PM",
    "isNewlyAdded": false,
    "isActive": true,
    "isDealsEnabled": false,
    "quantity": 0
  },
  {
    "id": 14447,
    "code": "New England Coffee K Cup Pods Coffee Donut Shop Blend",
    "desc": "New England Coffee K Cup Pods Coffee Donut Shop Blend",
    "shortDesc": "New England Coffee K Cup Pods Coffee Donut Shop Blend",
    "tags": [
      "Coffee"
    ],
    "categories": [
      {
        "code": "Breakfast & Dairy",
        "desc": "Breakfast & Dairy"
      }
    ],
    "subCategories": [
      {
        "code": "Tea & Coffee",
        "desc": "Tea & Coffee"
      }
    ],
    "brands": [
      {
        "code": "New England Coffee",
        "desc": "New England Coffee"
      }
    ],
    "price": {
      "basePrice": 7.39,
      "discountPrice": 7.39
    },
    "type": {
      "code": "Coffee",
      "desc": "Coffee"
    },
    "weight": "12 x 0.4 oz",
    "UpcCode": "",
    "tax": 0.0,
    "spiceLevel": "",
    "aiselNo": "8",
    "store": "Market Basket",
    "weightType": "12 x 0.4 oz",
    "imageName": "3368.jpg",
    "defaultImage": "3368.jpg",
    "updatedTimestamp": "Jan 23, 2021 8:02:30 PM",
    "createdTimestamp": "Jan 23, 2021 8:02:30 PM",
    "isNewlyAdded": false,
    "isActive": true,
    "isDealsEnabled": false,
    "quantity": 0
  },
  {
    "id": 8568,
    "code": "Pure Wesson Canola Oil",
    "desc": "Pure Wesson Canola Oil",
    "shortDesc": "Pure Wesson Canola Oil",
    "tags": [
      "Oils & Vinegars"
    ],
    "categories": [
      {
        "code": "Cooking Needs",
        "desc": "Cooking Needs"
      }
    ],
    "subCategories": [
      {
        "code": "Oils & Vinegars",
        "desc": "Oils & Vinegars"
      }
    ],
    "brands": [
      {
        "code": "Pure Wesson",
        "desc": "Pure Wesson"
      }
    ],
    "price": {
      "basePrice": 4.29,
      "discountPrice": 4.29
    },
    "type": {
      "code": "Oils & Vinegars",
      "desc": "Oils & Vinegars"
    },
    "weight": "48 fl oz",
    "UpcCode": "",
    "tax": 0.0,
    "spiceLevel": "",
    "aiselNo": "2",
    "store": "Market Basket",
    "weightType": "48 fl oz",
    "imageName": "1824.jpg",
    "defaultImage": "1824.jpg",
    "updatedTimestamp": "Jan 23, 2021 8:02:30 PM",
    "createdTimestamp": "Jan 23, 2021 8:02:30 PM",
    "isNewlyAdded": false,
    "isActive": true,
    "isDealsEnabled": false,
    "quantity": 0
  },
  {
    "id": 13345,
    "code": "Garelick Farms DairyPure Half & Half",
    "desc": "Garelick Farms DairyPure Half & Half",
    "shortDesc": "Garelick Farms DairyPure Half & Half",
    "tags": [
      "Cream"
    ],
    "categories": [
      {
        "code": "Breakfast & Dairy",
        "desc": "Breakfast & Dairy"
      }
    ],
    "subCategories": [
      {
        "code": "Dairy & Eggs",
        "desc": "Dairy & Eggs"
      }
    ],
    "brands": [
      {
        "code": "Garelick Farms",
        "desc": "Garelick Farms"
      }
    ],
    "price": {
      "basePrice": 3.69,
      "discountPrice": 3.69
    },
    "type": {
      "code": "Cream",
      "desc": "Cream"
    },
    "weight": "32 fl oz",
    "UpcCode": "",
    "tax": 0.0,
    "spiceLevel": "",
    "aiselNo": "1",
    "store": "Market Basket",
    "weightType": "32 fl oz",
    "imageName": "588.jpg",
    "defaultImage": "588.jpg",
    "updatedTimestamp": "Jan 23, 2021 8:02:30 PM",
    "createdTimestamp": "Jan 23, 2021 8:02:30 PM",
    "isNewlyAdded": false,
    "isActive": true,
    "isDealsEnabled": false,
    "quantity": 0
  },
  {
    "id": 470,
    "code": "OxiClean Laundry Dark Protect Laundry Booster 40 Loads",
    "desc": "OxiClean Laundry Dark Protect Laundry Booster 40 Loads",
    "shortDesc": "OxiClean Laundry Dark Protect Laundry Booster 40 Loads",
    "tags": [
      "Laundry Detergent"
    ],
    "categories": [
      {
        "code": "Laundry & Paper Goods",
        "desc": "Laundry & Paper Goods"
      }
    ],
    "subCategories": [
      {
        "code": "Laundry",
        "desc": "Laundry"
      }
    ],
    "brands": [
      {
        "code": "Oxi Clean",
        "desc": "Oxi Clean"
      }
    ],
    "price": {
      "basePrice": 9.36,
      "discountPrice": 9.36
    },
    "type": {
      "code": "Laundry Detergent",
      "desc": "Laundry Detergent"
    },
    "weight": "50 fl oz",
    "UpcCode": "",
    "tax": 1.0,
    "spiceLevel": "",
    "aiselNo": "15",
    "store": "Market Basket",
    "weightType": "50 fl oz",
    "imageName": "No Image.jpg",
    "defaultImage": "No Image.jpg",
    "updatedTimestamp": "Jan 23, 2021 8:02:30 PM",
    "createdTimestamp": "Jan 23, 2021 8:02:30 PM",
    "isNewlyAdded": false,
    "isActive": true,
    "isDealsEnabled": false,
    "quantity": 0
  },
  {
    "id": 13948,
    "code": "Le Gruyere Emmi Gruyere Cheese",
    "desc": "Le Gruyere Emmi Gruyere Cheese",
    "shortDesc": "Le Gruyere Emmi Gruyere Cheese",
    "tags": [
      "Specialty Cheeses"
    ],
    "categories": [
      {
        "code": "Breakfast & Dairy",
        "desc": "Breakfast & Dairy"
      }
    ],
    "subCategories": [
      {
        "code": "Dairy & Eggs",
        "desc": "Dairy & Eggs"
      }
    ],
    "brands": [
      {
        "code": "Market Basket",
        "desc": "Market Basket"
      }
    ],
    "price": {
      "basePrice": 18.29,
      "discountPrice": 18.29
    },
    "type": {
      "code": "Specialty Cheeses",
      "desc": "Specialty Cheeses"
    },
    "weight": "1 per lb",
    "UpcCode": "",
    "tax": 0.0,
    "spiceLevel": "",
    "aiselNo": "1",
    "store": "Market Basket",
    "weightType": "1 per lb",
    "imageName": "17300.jpg",
    "defaultImage": "17300.jpg",
    "updatedTimestamp": "Jan 23, 2021 8:02:30 PM",
    "createdTimestamp": "Jan 23, 2021 8:02:30 PM",
    "isNewlyAdded": false,
    "isActive": true,
    "isDealsEnabled": false,
    "quantity": 0
  },
  {
    "id": 13902,
    "code": "Rolling Hills Farm Original Organic Soymilk",
    "desc": "Rolling Hills Farm Original Organic Soymilk",
    "shortDesc": "Rolling Hills Farm Original Organic Soymilk",
    "tags": [
      "Soy & Lactose-Free"
    ],
    "categories": [
      {
        "code": "Breakfast & Dairy",
        "desc": "Breakfast & Dairy"
      }
    ],
    "subCategories": [
      {
        "code": "Dairy & Eggs",
        "desc": "Dairy & Eggs"
      }
    ],
    "brands": [
      {
        "code": "Rolling Hills ",
        "desc": "Rolling Hills "
      }
    ],
    "price": {
      "basePrice": 3.09,
      "discountPrice": 3.09
    },
    "type": {
      "code": "Soy & Lactose-Free",
      "desc": "Soy & Lactose-Free"
    },
    "weight": "0.5 gal",
    "UpcCode": "",
    "tax": 0.0,
    "spiceLevel": "",
    "aiselNo": "1",
    "store": "Market Basket",
    "weightType": "0.5 gal",
    "imageName": "14798.jpg",
    "defaultImage": "14798.jpg",
    "updatedTimestamp": "Jan 23, 2021 8:02:30 PM",
    "createdTimestamp": "Jan 23, 2021 8:02:30 PM",
    "isNewlyAdded": false,
    "isActive": true,
    "isDealsEnabled": false,
    "quantity": 0
  },
  {
    "id": 12955,
    "code": "Chi chi's Chips & Tortillas Flour & Corn Enchilada Style Tortillas",
    "desc": "Chi chi's Chips & Tortillas Flour & Corn Enchilada Style Tortillas",
    "shortDesc": "Chi chi's Chips & Tortillas Flour & Corn Enchilada Style Tortillas",
    "tags": [
      "Tortillas & Flat Bread"
    ],
    "categories": [
      {
        "code": "Breakfast & Dairy",
        "desc": "Breakfast & Dairy"
      }
    ],
    "subCategories": [
      {
        "code": "Breads & Rolls",
        "desc": "Breads & Rolls"
      }
    ],
    "brands": [
      {
        "code": "CHI-CHI'S",
        "desc": "CHI-CHI'S"
      }
    ],
    "price": {
      "basePrice": 2.49,
      "discountPrice": 2.49
    },
    "type": {
      "code": "Tortillas & Flat Bread",
      "desc": "Tortillas & Flat Bread"
    },
    "weight": "16 oz",
    "UpcCode": "",
    "tax": 0.0,
    "spiceLevel": "",
    "aiselNo": "18",
    "store": "Market Basket",
    "weightType": "16 oz",
    "imageName": "17029.jpg",
    "defaultImage": "17029.jpg",
    "updatedTimestamp": "Jan 23, 2021 8:02:30 PM",
    "createdTimestamp": "Jan 23, 2021 8:02:30 PM",
    "isNewlyAdded": false,
    "isActive": true,
    "isDealsEnabled": false,
    "quantity": 0
  },
  {
    "id": 10483,
    "code": "Goya Country Style Rice & Cheese Sauce Broccoli & Cheddar",
    "desc": "Goya Country Style Rice & Cheese Sauce Broccoli & Cheddar",
    "shortDesc": "Goya Country Style Rice & Cheese Sauce Broccoli & Cheddar",
    "tags": [
      "Instant Rice"
    ],
    "categories": [
      {
        "code": "Cooking Needs",
        "desc": "Cooking Needs"
      }
    ],
    "subCategories": [
      {
        "code": "Rice & Grains",
        "desc": "Rice & Grains"
      }
    ],
    "brands": [
      {
        "code": "Goya",
        "desc": "Goya"
      }
    ],
    "price": {
      "basePrice": 2.49,
      "discountPrice": 2.49
    },
    "type": {
      "code": "Instant Rice",
      "desc": "Instant Rice"
    },
    "weight": "8 oz",
    "UpcCode": "",
    "tax": 0.0,
    "spiceLevel": "",
    "aiselNo": "7",
    "store": "Market Basket",
    "weightType": "8 oz",
    "imageName": "5749.jpg",
    "defaultImage": "5749.jpg",
    "updatedTimestamp": "Jan 23, 2021 8:02:30 PM",
    "createdTimestamp": "Jan 23, 2021 8:02:30 PM",
    "isNewlyAdded": false,
    "isActive": true,
    "isDealsEnabled": false,
    "quantity": 0
  },
  {
    "id": 13779,
    "code": "Milano's Romano Cheese",
    "desc": "Milano's Romano Cheese",
    "shortDesc": "Milano's Romano Cheese",
    "tags": [
      "Packaged Cheese"
    ],
    "categories": [
      {
        "code": "Breakfast & Dairy",
        "desc": "Breakfast & Dairy"
      }
    ],
    "subCategories": [
      {
        "code": "Dairy & Eggs",
        "desc": "Dairy & Eggs"
      }
    ],
    "brands": [
      {
        "code": "Milano's",
        "desc": "Milano's"
      }
    ],
    "price": {
      "basePrice": 6.09,
      "discountPrice": 6.09
    },
    "type": {
      "code": "Packaged Cheese",
      "desc": "Packaged Cheese"
    },
    "weight": "16 oz",
    "UpcCode": "",
    "tax": 0.0,
    "spiceLevel": "",
    "aiselNo": "1",
    "store": "Market Basket",
    "weightType": "16 oz",
    "imageName": "Market Basket.jpg",
    "defaultImage": "Market Basket.jpg",
    "updatedTimestamp": "Jan 23, 2021 8:02:30 PM",
    "createdTimestamp": "Jan 23, 2021 8:02:30 PM",
    "isNewlyAdded": false,
    "isActive": true,
    "isDealsEnabled": false,
    "quantity": 0
  },
  {
    "id": 3965,
    "code": "Kohlrabi",
    "desc": "Kohlrabi",
    "shortDesc": "Kohlrabi",
    "tags": [
      "Root Vege/ Turnip"
    ],
    "categories": [
      {
        "code": "Fresh Produce",
        "desc": "Fresh Produce"
      }
    ],
    "subCategories": [
      {
        "code": "Fresh Vegetables",
        "desc": "Fresh Vegetables"
      }
    ],
    "brands": [
      {
        "code": "Market Basket",
        "desc": "Market Basket"
      }
    ],
    "price": {
      "basePrice": 2.74,
      "discountPrice": 2.74
    },
    "type": {
      "code": "Root Vege/ Turnip",
      "desc": "Root Vege/ Turnip"
    },
    "weight": "1 bunch",
    "UpcCode": "",
    "tax": 0.0,
    "spiceLevel": "",
    "aiselNo": "20",
    "store": "Market Basket",
    "weightType": "1 bunch",
    "imageName": "f272.jpg",
    "defaultImage": "f272.jpg",
    "updatedTimestamp": "Jan 23, 2021 8:02:30 PM",
    "createdTimestamp": "Jan 23, 2021 8:02:30 PM",
    "isNewlyAdded": false,
    "isActive": true,
    "isDealsEnabled": false,
    "quantity": 0
  },
  {
    "id": 8039,
    "code": "Market Basket Beef Broth",
    "desc": "Market Basket Beef Broth",
    "shortDesc": "Market Basket Beef Broth",
    "tags": [
      "Soup, Broth & Bouillon"
    ],
    "categories": [
      {
        "code": "Cooking Needs",
        "desc": "Cooking Needs"
      }
    ],
    "subCategories": [
      {
        "code": "Canned Food",
        "desc": "Canned Food"
      }
    ],
    "brands": [
      {
        "code": "Market Basket",
        "desc": "Market Basket"
      }
    ],
    "price": {
      "basePrice": 0.69,
      "discountPrice": 0.69
    },
    "type": {
      "code": "Soup, Broth & Bouillon",
      "desc": "Soup, Broth & Bouillon"
    },
    "weight": "14.5 oz",
    "UpcCode": "",
    "tax": 0.0,
    "spiceLevel": "",
    "aiselNo": "2",
    "store": "Market Basket",
    "weightType": "14.5 oz",
    "imageName": "Market Basket.jpg",
    "defaultImage": "Market Basket.jpg",
    "updatedTimestamp": "Jan 23, 2021 8:02:30 PM",
    "createdTimestamp": "Jan 23, 2021 8:02:30 PM",
    "isNewlyAdded": false,
    "isActive": true,
    "isDealsEnabled": false,
    "quantity": 0
  },
  {
    "id": 5394,
    "code": "Mary's Gone Crackers Super Seed Classic",
    "desc": "Mary's Gone Crackers Super Seed Classic",
    "shortDesc": "Mary's Gone Crackers Super Seed Classic",
    "tags": [
      "Crackers"
    ],
    "categories": [
      {
        "code": "Chips, Cookies & Snacks",
        "desc": "Chips, Cookies & Snacks"
      }
    ],
    "subCategories": [
      {
        "code": "Cookies & Crackers",
        "desc": "Cookies & Crackers"
      }
    ],
    "brands": [
      {
        "code": "Mary's Gone Crackers",
        "desc": "Mary's Gone Crackers"
      }
    ],
    "price": {
      "basePrice": 6.23,
      "discountPrice": 6.23
    },
    "type": {
      "code": "Crackers",
      "desc": "Crackers"
    },
    "weight": "6.5 oz",
    "UpcCode": "",
    "tax": 0.0,
    "spiceLevel": "",
    "aiselNo": "6",
    "store": "Market Basket",
    "weightType": "6.5 oz",
    "imageName": "No Image.jpg",
    "defaultImage": "No Image.jpg",
    "updatedTimestamp": "Jan 23, 2021 8:02:30 PM",
    "createdTimestamp": "Jan 23, 2021 8:02:30 PM",
    "isNewlyAdded": false,
    "isActive": true,
    "isDealsEnabled": false,
    "quantity": 0
  },
  {
    "id": 5883,
    "code": "4C Iced Tea Mix Natural Lemon Flavor",
    "desc": "4C Iced Tea Mix Natural Lemon Flavor",
    "shortDesc": "4C Iced Tea Mix Natural Lemon Flavor",
    "tags": [
      "Cocoa & Drink Mixes"
    ],
    "categories": [
      {
        "code": "Beverages & Juices",
        "desc": "Beverages & Juices"
      }
    ],
    "subCategories": [
      {
        "code": "Cocoa & Drink Mixes",
        "desc": "Cocoa & Drink Mixes"
      }
    ],
    "brands": [
      {
        "code": "4C",
        "desc": "4C"
      }
    ],
    "price": {
      "basePrice": 6.24,
      "discountPrice": 6.24
    },
    "type": {
      "code": "Cocoa & Drink Mixes",
      "desc": "Cocoa & Drink Mixes"
    },
    "weight": "4 lb",
    "UpcCode": "",
    "tax": 0.0,
    "spiceLevel": "",
    "aiselNo": "17",
    "store": "Market Basket",
    "weightType": "4 lb",
    "imageName": "No Image.jpg",
    "defaultImage": "No Image.jpg",
    "updatedTimestamp": "Jan 23, 2021 8:02:29 PM",
    "createdTimestamp": "Jan 23, 2021 8:02:29 PM",
    "isNewlyAdded": false,
    "isActive": true,
    "isDealsEnabled": false,
    "quantity": 0
  },
  {
    "id": 334,
    "code": "Market Basket Slider Storage Bags",
    "desc": "Market Basket Slider Storage Bags",
    "shortDesc": "Market Basket Slider Storage Bags",
    "tags": [
      "Storage Bags"
    ],
    "categories": [
      {
        "code": "Kitchen & Cleaning",
        "desc": "Kitchen & Cleaning"
      }
    ],
    "subCategories": [
      {
        "code": "Food Storage & Kitchen Supplies",
        "desc": "Food Storage & Kitchen Supplies"
      }
    ],
    "brands": [
      {
        "code": "Market Basket",
        "desc": "Market Basket"
      }
    ],
    "price": {
      "basePrice": 2.49,
      "discountPrice": 2.49
    },
    "type": {
      "code": "Storage Bags",
      "desc": "Storage Bags"
    },
    "weight": "18 count",
    "UpcCode": "",
    "tax": 1.0,
    "spiceLevel": "",
    "aiselNo": "12",
    "store": "Market Basket",
    "weightType": "18 count",
    "imageName": "Market Basket.jpg",
    "defaultImage": "Market Basket.jpg",
    "updatedTimestamp": "Jan 23, 2021 8:02:30 PM",
    "createdTimestamp": "Jan 23, 2021 8:02:30 PM",
    "isNewlyAdded": false,
    "isActive": true,
    "isDealsEnabled": false,
    "quantity": 0
  },
  {
    "id": 5198,
    "code": "Milton's Craft Bakers Gluten Free Baked Crackers Everything",
    "desc": "Milton's Craft Bakers Gluten Free Baked Crackers Everything",
    "shortDesc": "Milton's Craft Bakers Gluten Free Baked Crackers Everything",
    "tags": [
      "Crackers"
    ],
    "categories": [
      {
        "code": "Chips, Cookies & Snacks",
        "desc": "Chips, Cookies & Snacks"
      }
    ],
    "subCategories": [
      {
        "code": "Cookies & Crackers",
        "desc": "Cookies & Crackers"
      }
    ],
    "brands": [
      {
        "code": "Milton's",
        "desc": "Milton's"
      }
    ],
    "price": {
      "basePrice": 3.91,
      "discountPrice": 3.91
    },
    "type": {
      "code": "Crackers",
      "desc": "Crackers"
    },
    "weight": "4.5 oz",
    "UpcCode": "",
    "tax": 0.0,
    "spiceLevel": "",
    "aiselNo": "6",
    "store": "Market Basket",
    "weightType": "4.5 oz",
    "imageName": "No Image.jpg",
    "defaultImage": "No Image.jpg",
    "updatedTimestamp": "Jan 23, 2021 8:02:30 PM",
    "createdTimestamp": "Jan 23, 2021 8:02:30 PM",
    "isNewlyAdded": false,
    "isActive": true,
    "isDealsEnabled": false,
    "quantity": 0
  },
  {
    "id": 9961,
    "code": "Ben & Jerry's Ice Cream Vanilla Caramel Fudge",
    "desc": "Ben & Jerry's Ice Cream Vanilla Caramel Fudge",
    "shortDesc": "Ben & Jerry's Ice Cream Vanilla Caramel Fudge",
    "tags": [
      "Ice Cream & Ice"
    ],
    "categories": [
      {
        "code": "Frozen Food",
        "desc": "Frozen Food"
      }
    ],
    "subCategories": [
      {
        "code": "Ice Cream & Ice",
        "desc": "Ice Cream & Ice"
      }
    ],
    "brands": [
      {
        "code": "Ben & Jerry's",
        "desc": "Ben & Jerry's"
      }
    ],
    "price": {
      "basePrice": 4.59,
      "discountPrice": 4.59
    },
    "type": {
      "code": "Ice Cream & Ice",
      "desc": "Ice Cream & Ice"
    },
    "weight": "1 pint",
    "UpcCode": "",
    "tax": 0.0,
    "spiceLevel": "",
    "aiselNo": "21",
    "store": "Market Basket",
    "weightType": "1 pint",
    "imageName": "3008.jpg",
    "defaultImage": "3008.jpg",
    "updatedTimestamp": "Jan 23, 2021 8:02:30 PM",
    "createdTimestamp": "Jan 23, 2021 8:02:30 PM",
    "isNewlyAdded": false,
    "isActive": true,
    "isDealsEnabled": false,
    "quantity": 0
  },
  {
    "id": 7940,
    "code": "Campbell's Condensed 25% Less Sodium Chicken Noodle Soup",
    "desc": "Campbell's Condensed 25% Less Sodium Chicken Noodle Soup",
    "shortDesc": "Campbell's Condensed 25% Less Sodium Chicken Noodle Soup",
    "tags": [
      "Soup, Broth & Bouillon"
    ],
    "categories": [
      {
        "code": "Cooking Needs",
        "desc": "Cooking Needs"
      }
    ],
    "subCategories": [
      {
        "code": "Canned Food",
        "desc": "Canned Food"
      }
    ],
    "brands": [
      {
        "code": "Campbell's",
        "desc": "Campbell's"
      }
    ],
    "price": {
      "basePrice": 2.09,
      "discountPrice": 2.09
    },
    "type": {
      "code": "Soup, Broth & Bouillon",
      "desc": "Soup, Broth & Bouillon"
    },
    "weight": "10.75 oz",
    "UpcCode": "",
    "tax": 0.0,
    "spiceLevel": "",
    "aiselNo": "2",
    "store": "Market Basket",
    "weightType": "10.75 oz",
    "imageName": "5300.jpg",
    "defaultImage": "5300.jpg",
    "updatedTimestamp": "Jan 23, 2021 8:02:30 PM",
    "createdTimestamp": "Jan 23, 2021 8:02:30 PM",
    "isNewlyAdded": false,
    "isActive": true,
    "isDealsEnabled": false,
    "quantity": 0
  },
  {
    "id": 4102,
    "code": "Market Basket Rumba Beef Hind Shank USDA Choice",
    "desc": "Market Basket Rumba Beef Hind Shank USDA Choice",
    "shortDesc": "Market Basket Rumba Beef Hind Shank USDA Choice",
    "tags": [
      "Beef"
    ],
    "categories": [
      {
        "code": "Meat & Seafood",
        "desc": "Meat & Seafood"
      }
    ],
    "subCategories": [
      {
        "code": "Meat & Seafood Counter",
        "desc": "Meat & Seafood Counter"
      }
    ],
    "brands": [
      {
        "code": "Market Basket",
        "desc": "Market Basket"
      }
    ],
    "price": {
      "basePrice": 6.5,
      "discountPrice": 6.5
    },
    "type": {
      "code": "Beef",
      "desc": "Beef"
    },
    "weight": "Approx: 1.00 lb at $6.49/lb",
    "UpcCode": "",
    "tax": 0.0,
    "spiceLevel": "",
    "aiselNo": "22",
    "store": "Market Basket",
    "weightType": "Approx: 1.00 lb at $6.49/lb",
    "imageName": "Market Basket.jpg",
    "defaultImage": "Market Basket.jpg",
    "updatedTimestamp": "Jan 23, 2021 8:02:30 PM",
    "createdTimestamp": "Jan 23, 2021 8:02:30 PM",
    "isNewlyAdded": false,
    "isActive": true,
    "isDealsEnabled": false,
    "quantity": 0
  },
  {
    "id": 12954,
    "code": "Cedar Wraps Whole Wheat",
    "desc": "Cedar Wraps Whole Wheat",
    "shortDesc": "Cedar Wraps Whole Wheat",
    "tags": [
      "Tortillas & Flat Bread"
    ],
    "categories": [
      {
        "code": "Breakfast & Dairy",
        "desc": "Breakfast & Dairy"
      }
    ],
    "subCategories": [
      {
        "code": "Breads & Rolls",
        "desc": "Breads & Rolls"
      }
    ],
    "brands": [
      {
        "code": "Cedar",
        "desc": "Cedar"
      }
    ],
    "price": {
      "basePrice": 2.79,
      "discountPrice": 2.79
    },
    "type": {
      "code": "Tortillas & Flat Bread",
      "desc": "Tortillas & Flat Bread"
    },
    "weight": "10 oz",
    "UpcCode": "",
    "tax": 0.0,
    "spiceLevel": "",
    "aiselNo": "18",
    "store": "Market Basket",
    "weightType": "10 oz",
    "imageName": "4818.jpg",
    "defaultImage": "4818.jpg",
    "updatedTimestamp": "Jan 23, 2021 8:02:30 PM",
    "createdTimestamp": "Jan 23, 2021 8:02:30 PM",
    "isNewlyAdded": false,
    "isActive": true,
    "isDealsEnabled": false,
    "quantity": 0
  },
  {
    "id": 5909,
    "code": "Starbucks Frappuccino Coffee",
    "desc": "Starbucks Frappuccino Coffee",
    "shortDesc": "Starbucks Frappuccino Coffee",
    "tags": [
      "Single To-Go Coffee"
    ],
    "categories": [
      {
        "code": "Beverages & Juices",
        "desc": "Beverages & Juices"
      }
    ],
    "subCategories": [
      {
        "code": "Tea, Coffee, Milk & Coconut Water",
        "desc": "Tea, Coffee, Milk & Coconut Water"
      }
    ],
    "brands": [
      {
        "code": "StarBucks",
        "desc": "StarBucks"
      }
    ],
    "price": {
      "basePrice": 3.36,
      "discountPrice": 3.36
    },
    "type": {
      "code": "Single To-Go Coffee",
      "desc": "Single To-Go Coffee"
    },
    "weight": "13.7 fl oz",
    "UpcCode": "",
    "tax": 0.0,
    "spiceLevel": "",
    "aiselNo": "17",
    "store": "Market Basket",
    "weightType": "13.7 fl oz",
    "imageName": "No Image.jpg",
    "defaultImage": "No Image.jpg",
    "updatedTimestamp": "Jan 23, 2021 8:02:30 PM",
    "createdTimestamp": "Jan 23, 2021 8:02:30 PM",
    "isNewlyAdded": false,
    "isActive": true,
    "isDealsEnabled": false,
    "quantity": 0
  },
  {
    "id": 14396,
    "code": "Green Mountain Coffee K Cup Pods Half Caff",
    "desc": "Green Mountain Coffee K Cup Pods Half Caff",
    "shortDesc": "Green Mountain Coffee K Cup Pods Half Caff",
    "tags": [
      "Coffee"
    ],
    "categories": [
      {
        "code": "Breakfast & Dairy",
        "desc": "Breakfast & Dairy"
      }
    ],
    "subCategories": [
      {
        "code": "Tea & Coffee",
        "desc": "Tea & Coffee"
      }
    ],
    "brands": [
      {
        "code": "Green Mountain",
        "desc": "Green Mountain"
      }
    ],
    "price": {
      "basePrice": 7.39,
      "discountPrice": 7.39
    },
    "type": {
      "code": "Coffee",
      "desc": "Coffee"
    },
    "weight": "12 count",
    "UpcCode": "",
    "tax": 0.0,
    "spiceLevel": "",
    "aiselNo": "8",
    "store": "Market Basket",
    "weightType": "12 count",
    "imageName": "3356.jpg",
    "defaultImage": "3356.jpg",
    "updatedTimestamp": "Jan 23, 2021 8:02:30 PM",
    "createdTimestamp": "Jan 23, 2021 8:02:30 PM",
    "isNewlyAdded": false,
    "isActive": true,
    "isDealsEnabled": false,
    "quantity": 0
  },
  {
    "id": 3500,
    "code": "Organic Cauliflower",
    "desc": "Organic Cauliflower",
    "shortDesc": "Organic Cauliflower",
    "tags": [
      "Cauliflower"
    ],
    "categories": [
      {
        "code": "Fresh Produce",
        "desc": "Fresh Produce"
      }
    ],
    "subCategories": [
      {
        "code": "Fresh Organic Vegetables",
        "desc": "Fresh Organic Vegetables"
      }
    ],
    "brands": [
      {
        "code": "Market Basket",
        "desc": "Market Basket"
      }
    ],
    "price": {
      "basePrice": 7.14,
      "discountPrice": 7.14
    },
    "type": {
      "code": "Cauliflower",
      "desc": "Cauliflower"
    },
    "weight": "1 count",
    "UpcCode": "",
    "tax": 0.0,
    "spiceLevel": "",
    "aiselNo": "20",
    "store": "Market Basket",
    "weightType": "1 count",
    "imageName": "f106.jpg",
    "defaultImage": "f106.jpg",
    "updatedTimestamp": "Jan 23, 2021 8:02:30 PM",
    "createdTimestamp": "Jan 23, 2021 8:02:30 PM",
    "isNewlyAdded": false,
    "isActive": true,
    "isDealsEnabled": false,
    "quantity": 0
  },
  {
    "id": 14688,
    "code": "Dial Hydrating Body Wash Spring Water",
    "desc": "Dial Hydrating Body Wash Spring Water",
    "shortDesc": "Dial Hydrating Body Wash Spring Water",
    "tags": [
      "Body Wash"
    ],
    "categories": [
      {
        "code": "Personal Care",
        "desc": "Personal Care"
      }
    ],
    "subCategories": [
      {
        "code": "Body Wash, Soap & Hair Care",
        "desc": "Body Wash, Soap & Hair Care"
      }
    ],
    "brands": [
      {
        "code": "Dial",
        "desc": "Dial"
      }
    ],
    "price": {
      "basePrice": 5.62,
      "discountPrice": 5.62
    },
    "type": {
      "code": "Body Wash",
      "desc": "Body Wash"
    },
    "weight": "16 fl oz",
    "UpcCode": "",
    "tax": 1.0,
    "spiceLevel": "",
    "aiselNo": "13",
    "store": "Market Basket",
    "weightType": "16 fl oz",
    "imageName": "6335.jpg",
    "defaultImage": "6335.jpg",
    "updatedTimestamp": "Jan 23, 2021 8:02:30 PM",
    "createdTimestamp": "Jan 23, 2021 8:02:30 PM",
    "isNewlyAdded": false,
    "isActive": true,
    "isDealsEnabled": false,
    "quantity": 0
  },
  {
    "id": 14980,
    "code": "Advil Ibuprofen",
    "desc": "Advil Ibuprofen",
    "shortDesc": "Advil Ibuprofen",
    "tags": [
      "Muscles, Joints & Pain Relief"
    ],
    "categories": [
      {
        "code": "Personal Care",
        "desc": "Personal Care"
      }
    ],
    "subCategories": [
      {
        "code": "First Aid & Healthcare",
        "desc": "First Aid & Healthcare"
      }
    ],
    "brands": [
      {
        "code": "Advil",
        "desc": "Advil"
      }
    ],
    "price": {
      "basePrice": 5.05,
      "discountPrice": 5.05
    },
    "type": {
      "code": "Muscles, Joints & Pain Relief",
      "desc": "Muscles, Joints & Pain Relief"
    },
    "weight": "24 count",
    "UpcCode": "",
    "tax": 1.0,
    "spiceLevel": "",
    "aiselNo": "13",
    "store": "Market Basket",
    "weightType": "24 count",
    "imageName": "6629.jpg",
    "defaultImage": "6629.jpg",
    "updatedTimestamp": "Jan 23, 2021 8:02:30 PM",
    "createdTimestamp": "Jan 23, 2021 8:02:30 PM",
    "isNewlyAdded": false,
    "isActive": true,
    "isDealsEnabled": false,
    "quantity": 0
  },
  {
    "id": 7201,
    "code": "Badia Star Anise",
    "desc": "Badia Star Anise",
    "shortDesc": "Badia Star Anise",
    "tags": [
      "Spices & Seasonings"
    ],
    "categories": [
      {
        "code": "Cooking Needs",
        "desc": "Cooking Needs"
      }
    ],
    "subCategories": [
      {
        "code": "Spices & Seasonings",
        "desc": "Spices & Seasonings"
      }
    ],
    "brands": [
      {
        "code": "Badia",
        "desc": "Badia"
      }
    ],
    "price": {
      "basePrice": 0.89,
      "discountPrice": 0.89
    },
    "type": {
      "code": "Spices & Seasonings",
      "desc": "Spices & Seasonings"
    },
    "weight": "0.5 oz",
    "UpcCode": "",
    "tax": 0.0,
    "spiceLevel": "",
    "aiselNo": "9",
    "store": "Market Basket",
    "weightType": "0.5 oz",
    "imageName": "2231.jpg",
    "defaultImage": "2231.jpg",
    "updatedTimestamp": "Jan 23, 2021 8:02:30 PM",
    "createdTimestamp": "Jan 23, 2021 8:02:30 PM",
    "isNewlyAdded": false,
    "isActive": true,
    "isDealsEnabled": false,
    "quantity": 0
  },
  {
    "id": 13688,
    "code": "Galbani Mozzarella Fresca",
    "desc": "Galbani Mozzarella Fresca",
    "shortDesc": "Galbani Mozzarella Fresca",
    "tags": [
      "Packaged Cheese"
    ],
    "categories": [
      {
        "code": "Breakfast & Dairy",
        "desc": "Breakfast & Dairy"
      }
    ],
    "subCategories": [
      {
        "code": "Dairy & Eggs",
        "desc": "Dairy & Eggs"
      }
    ],
    "brands": [
      {
        "code": "Galbani",
        "desc": "Galbani"
      }
    ],
    "price": {
      "basePrice": 3.29,
      "discountPrice": 3.29
    },
    "type": {
      "code": "Packaged Cheese",
      "desc": "Packaged Cheese"
    },
    "weight": "8 oz",
    "UpcCode": "",
    "tax": 0.0,
    "spiceLevel": "",
    "aiselNo": "1",
    "store": "Market Basket",
    "weightType": "8 oz",
    "imageName": "157.jpg",
    "defaultImage": "157.jpg",
    "updatedTimestamp": "Jan 23, 2021 8:02:30 PM",
    "createdTimestamp": "Jan 23, 2021 8:02:30 PM",
    "isNewlyAdded": false,
    "isActive": true,
    "isDealsEnabled": false,
    "quantity": 0
  },
  {
    "id": 14734,
    "code": "Garnier Fructis Style Anti-Humidity Smoothing Milk",
    "desc": "Garnier Fructis Style Anti-Humidity Smoothing Milk",
    "shortDesc": "Garnier Fructis Style Anti-Humidity Smoothing Milk",
    "tags": [
      "Hair Care"
    ],
    "categories": [
      {
        "code": "Personal Care",
        "desc": "Personal Care"
      }
    ],
    "subCategories": [
      {
        "code": "Body Wash, Soap & Hair Care",
        "desc": "Body Wash, Soap & Hair Care"
      }
    ],
    "brands": [
      {
        "code": "Garnier",
        "desc": "Garnier"
      }
    ],
    "price": {
      "basePrice": 5.97,
      "discountPrice": 5.97
    },
    "type": {
      "code": "Hair Care",
      "desc": "Hair Care"
    },
    "weight": "5.1 fl oz",
    "UpcCode": "",
    "tax": 1.0,
    "spiceLevel": "",
    "aiselNo": "13",
    "store": "Market Basket",
    "weightType": "5.1 fl oz",
    "imageName": "6620.jpg",
    "defaultImage": "6620.jpg",
    "updatedTimestamp": "Jan 23, 2021 8:02:30 PM",
    "createdTimestamp": "Jan 23, 2021 8:02:30 PM",
    "isNewlyAdded": false,
    "isActive": true,
    "isDealsEnabled": false,
    "quantity": 0
  },
  {
    "id": 348,
    "code": "Ziploc Storage Bags",
    "desc": "Ziploc Storage Bags",
    "shortDesc": "Ziploc Storage Bags",
    "tags": [
      "Storage Bags"
    ],
    "categories": [
      {
        "code": "Kitchen & Cleaning",
        "desc": "Kitchen & Cleaning"
      }
    ],
    "subCategories": [
      {
        "code": "Food Storage & Kitchen Supplies",
        "desc": "Food Storage & Kitchen Supplies"
      }
    ],
    "brands": [
      {
        "code": "Ziploc",
        "desc": "Ziploc"
      }
    ],
    "price": {
      "basePrice": 4.89,
      "discountPrice": 4.89
    },
    "type": {
      "code": "Storage Bags",
      "desc": "Storage Bags"
    },
    "weight": "38 count",
    "UpcCode": "",
    "tax": 1.0,
    "spiceLevel": "",
    "aiselNo": "12",
    "store": "Market Basket",
    "weightType": "38 count",
    "imageName": "4386.jpg",
    "defaultImage": "4386.jpg",
    "updatedTimestamp": "Jan 23, 2021 8:02:30 PM",
    "createdTimestamp": "Jan 23, 2021 8:02:30 PM",
    "isNewlyAdded": false,
    "isActive": true,
    "isDealsEnabled": false,
    "quantity": 0
  },
  {
    "id": 10165,
    "code": "Market Basket Light Ice Cream",
    "desc": "Market Basket Light Ice Cream",
    "shortDesc": "Market Basket Light Ice Cream",
    "tags": [
      "Ice Cream & Ice"
    ],
    "categories": [
      {
        "code": "Frozen Food",
        "desc": "Frozen Food"
      }
    ],
    "subCategories": [
      {
        "code": "Ice Cream & Ice",
        "desc": "Ice Cream & Ice"
      }
    ],
    "brands": [
      {
        "code": "Market Basket",
        "desc": "Market Basket"
      }
    ],
    "price": {
      "basePrice": 2.49,
      "discountPrice": 2.49
    },
    "type": {
      "code": "Ice Cream & Ice",
      "desc": "Ice Cream & Ice"
    },
    "weight": "1.75 quart",
    "UpcCode": "",
    "tax": 0.0,
    "spiceLevel": "",
    "aiselNo": "21",
    "store": "Market Basket",
    "weightType": "1.75 quart",
    "imageName": "Market Basket.jpg",
    "defaultImage": "Market Basket.jpg",
    "updatedTimestamp": "Jan 23, 2021 8:02:30 PM",
    "createdTimestamp": "Jan 23, 2021 8:02:30 PM",
    "isNewlyAdded": false,
    "isActive": true,
    "isDealsEnabled": false,
    "quantity": 0
  },
  {
    "id": 14525,
    "code": "Bigelow Earl Grey Black Tea Blend",
    "desc": "Bigelow Earl Grey Black Tea Blend",
    "shortDesc": "Bigelow Earl Grey Black Tea Blend",
    "tags": [
      "Tea"
    ],
    "categories": [
      {
        "code": "Breakfast & Dairy",
        "desc": "Breakfast & Dairy"
      }
    ],
    "subCategories": [
      {
        "code": "Tea & Coffee",
        "desc": "Tea & Coffee"
      }
    ],
    "brands": [
      {
        "code": "Bigelow ",
        "desc": "Bigelow "
      }
    ],
    "price": {
      "basePrice": 3.09,
      "discountPrice": 3.09
    },
    "type": {
      "code": "Tea",
      "desc": "Tea"
    },
    "weight": "10 x 1.8 oz",
    "UpcCode": "",
    "tax": 0.0,
    "spiceLevel": "",
    "aiselNo": "8",
    "store": "Market Basket",
    "weightType": "10 x 1.8 oz",
    "imageName": "3427.jpg",
    "defaultImage": "3427.jpg",
    "updatedTimestamp": "Jan 23, 2021 8:02:30 PM",
    "createdTimestamp": "Jan 23, 2021 8:02:30 PM",
    "isNewlyAdded": false,
    "isActive": true,
    "isDealsEnabled": false,
    "quantity": 0
  },
  {
    "id": 10405,
    "code": "Goya Black Beans",
    "desc": "Goya Black Beans",
    "shortDesc": "Goya Black Beans",
    "tags": [
      "Canned Food"
    ],
    "categories": [
      {
        "code": "Cooking Needs",
        "desc": "Cooking Needs"
      }
    ],
    "subCategories": [
      {
        "code": "Canned Food",
        "desc": "Canned Food"
      }
    ],
    "brands": [
      {
        "code": "Goya",
        "desc": "Goya"
      }
    ],
    "price": {
      "basePrice": 1.89,
      "discountPrice": 1.89
    },
    "type": {
      "code": "Canned Food",
      "desc": "Canned Food"
    },
    "weight": "16 oz",
    "UpcCode": "",
    "tax": 0.0,
    "spiceLevel": "",
    "aiselNo": "7",
    "store": "Market Basket",
    "weightType": "16 oz",
    "imageName": "5807.jpg",
    "defaultImage": "5807.jpg",
    "updatedTimestamp": "Jan 23, 2021 8:02:30 PM",
    "createdTimestamp": "Jan 23, 2021 8:02:30 PM",
    "isNewlyAdded": false,
    "isActive": true,
    "isDealsEnabled": false,
    "quantity": 0
  },
  {
    "id": 5193,
    "code": "Market Basket Stoned Wheat Crackers Minis",
    "desc": "Market Basket Stoned Wheat Crackers Minis",
    "shortDesc": "Market Basket Stoned Wheat Crackers Minis",
    "tags": [
      "Crackers"
    ],
    "categories": [
      {
        "code": "Chips, Cookies & Snacks",
        "desc": "Chips, Cookies & Snacks"
      }
    ],
    "subCategories": [
      {
        "code": "Cookies & Crackers",
        "desc": "Cookies & Crackers"
      }
    ],
    "brands": [
      {
        "code": "Market Basket",
        "desc": "Market Basket"
      }
    ],
    "price": {
      "basePrice": 3.13,
      "discountPrice": 3.13
    },
    "type": {
      "code": "Crackers",
      "desc": "Crackers"
    },
    "weight": "8.8 oz",
    "UpcCode": "",
    "tax": 0.0,
    "spiceLevel": "",
    "aiselNo": "6",
    "store": "Market Basket",
    "weightType": "8.8 oz",
    "imageName": "Market Basket.jpg",
    "defaultImage": "Market Basket.jpg",
    "updatedTimestamp": "Jan 23, 2021 8:02:30 PM",
    "createdTimestamp": "Jan 23, 2021 8:02:30 PM",
    "isNewlyAdded": false,
    "isActive": true,
    "isDealsEnabled": false,
    "quantity": 0
  },
  {
    "id": 14526,
    "code": "Bigelow Earl Grey Black Tea Decaffeinated",
    "desc": "Bigelow Earl Grey Black Tea Decaffeinated",
    "shortDesc": "Bigelow Earl Grey Black Tea Decaffeinated",
    "tags": [
      "Tea"
    ],
    "categories": [
      {
        "code": "Breakfast & Dairy",
        "desc": "Breakfast & Dairy"
      }
    ],
    "subCategories": [
      {
        "code": "Tea & Coffee",
        "desc": "Tea & Coffee"
      }
    ],
    "brands": [
      {
        "code": "Bigelow ",
        "desc": "Bigelow "
      }
    ],
    "price": {
      "basePrice": 3.09,
      "discountPrice": 3.09
    },
    "type": {
      "code": "Tea",
      "desc": "Tea"
    },
    "weight": "20 count",
    "UpcCode": "",
    "tax": 0.0,
    "spiceLevel": "",
    "aiselNo": "8",
    "store": "Market Basket",
    "weightType": "20 count",
    "imageName": "3420.jpg",
    "defaultImage": "3420.jpg",
    "updatedTimestamp": "Jan 23, 2021 8:02:30 PM",
    "createdTimestamp": "Jan 23, 2021 8:02:30 PM",
    "isNewlyAdded": false,
    "isActive": true,
    "isDealsEnabled": false,
    "quantity": 0
  },
  {
    "id": 9059,
    "code": "Smucker's Sugar Free Preserves Strawberry",
    "desc": "Smucker's Sugar Free Preserves Strawberry",
    "shortDesc": "Smucker's Sugar Free Preserves Strawberry",
    "tags": [
      "Spreads"
    ],
    "categories": [
      {
        "code": "Condiments & Dressings",
        "desc": "Condiments & Dressings"
      }
    ],
    "subCategories": [
      {
        "code": "Preserved Dips & Spreads",
        "desc": "Preserved Dips & Spreads"
      }
    ],
    "brands": [
      {
        "code": "Smucker's",
        "desc": "Smucker's"
      }
    ],
    "price": {
      "basePrice": 2.99,
      "discountPrice": 2.99
    },
    "type": {
      "code": "Spreads",
      "desc": "Spreads"
    },
    "weight": "12.75 oz",
    "UpcCode": "",
    "tax": 0.0,
    "spiceLevel": "",
    "aiselNo": "3",
    "store": "Market Basket",
    "weightType": "12.75 oz",
    "imageName": "1612.jpg",
    "defaultImage": "1612.jpg",
    "updatedTimestamp": "Jan 23, 2021 8:02:30 PM",
    "createdTimestamp": "Jan 23, 2021 8:02:30 PM",
    "isNewlyAdded": false,
    "isActive": true,
    "isDealsEnabled": false,
    "quantity": 0
  },
  {
    "id": 4081,
    "code": "Market Basket Beef Honeycomb Tripe",
    "desc": "Market Basket Beef Honeycomb Tripe",
    "shortDesc": "Market Basket Beef Honeycomb Tripe",
    "tags": [
      "Beef"
    ],
    "categories": [
      {
        "code": "Meat & Seafood",
        "desc": "Meat & Seafood"
      }
    ],
    "subCategories": [
      {
        "code": "Meat & Seafood Counter",
        "desc": "Meat & Seafood Counter"
      }
    ],
    "brands": [
      {
        "code": "Market Basket",
        "desc": "Market Basket"
      }
    ],
    "price": {
      "basePrice": 5.39,
      "discountPrice": 5.39
    },
    "type": {
      "code": "Beef",
      "desc": "Beef"
    },
    "weight": "1 lb",
    "UpcCode": "",
    "tax": 0.0,
    "spiceLevel": "",
    "aiselNo": "22",
    "store": "Market Basket",
    "weightType": "1 lb",
    "imageName": "Market Basket.jpg",
    "defaultImage": "Market Basket.jpg",
    "updatedTimestamp": "Jan 23, 2021 8:02:30 PM",
    "createdTimestamp": "Jan 23, 2021 8:02:30 PM",
    "isNewlyAdded": false,
    "isActive": true,
    "isDealsEnabled": false,
    "quantity": 0
  },
  {
    "id": 13614,
    "code": "Ambriola Pecorino Romano",
    "desc": "Ambriola Pecorino Romano",
    "shortDesc": "Ambriola Pecorino Romano",
    "tags": [
      "Packaged Cheese"
    ],
    "categories": [
      {
        "code": "Breakfast & Dairy",
        "desc": "Breakfast & Dairy"
      }
    ],
    "subCategories": [
      {
        "code": "Dairy & Eggs",
        "desc": "Dairy & Eggs"
      }
    ],
    "brands": [
      {
        "code": "Ambriola",
        "desc": "Ambriola"
      }
    ],
    "price": {
      "basePrice": 6.09,
      "discountPrice": 6.09
    },
    "type": {
      "code": "Packaged Cheese",
      "desc": "Packaged Cheese"
    },
    "weight": "8 oz",
    "UpcCode": "",
    "tax": 0.0,
    "spiceLevel": "",
    "aiselNo": "1",
    "store": "Market Basket",
    "weightType": "8 oz",
    "imageName": "Market Basket.jpg",
    "defaultImage": "Market Basket.jpg",
    "updatedTimestamp": "Jan 23, 2021 8:02:30 PM",
    "createdTimestamp": "Jan 23, 2021 8:02:30 PM",
    "isNewlyAdded": false,
    "isActive": true,
    "isDealsEnabled": false,
    "quantity": 0
  },
  {
    "id": 4803,
    "code": "Pier 33 Gourmet Mussels, in Butter Garlic Sauce",
    "desc": "Pier 33 Gourmet Mussels, in Butter Garlic Sauce",
    "shortDesc": "Pier 33 Gourmet Mussels, in Butter Garlic Sauce",
    "tags": [
      "Other Frozen Seafood"
    ],
    "categories": [
      {
        "code": "Meat & Seafood",
        "desc": "Meat & Seafood"
      }
    ],
    "subCategories": [
      {
        "code": "Frozen Meat & Seafood",
        "desc": "Frozen Meat & Seafood"
      }
    ],
    "brands": [
      {
        "code": "Pier 33 Gourmet",
        "desc": "Pier 33 Gourmet"
      }
    ],
    "price": {
      "basePrice": 4.89,
      "discountPrice": 4.89
    },
    "type": {
      "code": "Other Frozen Seafood",
      "desc": "Other Frozen Seafood"
    },
    "weight": "16 oz",
    "UpcCode": "",
    "tax": 0.0,
    "spiceLevel": "",
    "aiselNo": "18",
    "store": "Market Basket",
    "weightType": "16 oz",
    "imageName": "2914.jpg",
    "defaultImage": "2914.jpg",
    "updatedTimestamp": "Jan 23, 2021 8:02:30 PM",
    "createdTimestamp": "Jan 23, 2021 8:02:30 PM",
    "isNewlyAdded": false,
    "isActive": true,
    "isDealsEnabled": false,
    "quantity": 0
  },
  {
    "id": 6353,
    "code": "Polar Premium Club Soda Lime",
    "desc": "Polar Premium Club Soda Lime",
    "shortDesc": "Polar Premium Club Soda Lime",
    "tags": [
      "Soft Drinks"
    ],
    "categories": [
      {
        "code": "Beverages & Juices",
        "desc": "Beverages & Juices"
      }
    ],
    "subCategories": [
      {
        "code": "Soft Drinks & Seltzers",
        "desc": "Soft Drinks & Seltzers"
      }
    ],
    "brands": [
      {
        "code": "Polar",
        "desc": "Polar"
      }
    ],
    "price": {
      "basePrice": 1.49,
      "discountPrice": 1.49
    },
    "type": {
      "code": "Soft Drinks",
      "desc": "Soft Drinks"
    },
    "weight": "1 L",
    "UpcCode": "",
    "tax": 0.0,
    "spiceLevel": "",
    "aiselNo": "11",
    "store": "Market Basket",
    "weightType": "1 L",
    "imageName": "No Image.jpg",
    "defaultImage": "No Image.jpg",
    "updatedTimestamp": "Jan 23, 2021 8:02:30 PM",
    "createdTimestamp": "Jan 23, 2021 8:02:30 PM",
    "isNewlyAdded": false,
    "isActive": true,
    "isDealsEnabled": false,
    "quantity": 0
  },
  {
    "id": 4916,
    "code": "Ruffles Zesty Cheddar",
    "desc": "Ruffles Zesty Cheddar",
    "shortDesc": "Ruffles Zesty Cheddar",
    "tags": [
      "Chips & Pretzels"
    ],
    "categories": [
      {
        "code": "Chips, Cookies & Snacks",
        "desc": "Chips, Cookies & Snacks"
      }
    ],
    "subCategories": [
      {
        "code": "Chips & Fruit Snacks",
        "desc": "Chips & Fruit Snacks"
      }
    ],
    "brands": [
      {
        "code": "Ruffles",
        "desc": "Ruffles"
      }
    ],
    "price": {
      "basePrice": 6.23,
      "discountPrice": 6.23
    },
    "type": {
      "code": "Chips & Pretzels",
      "desc": "Chips & Pretzels"
    },
    "weight": "7.75 oz",
    "UpcCode": "",
    "tax": 0.0,
    "spiceLevel": "",
    "aiselNo": "0",
    "store": "Market Basket",
    "weightType": "7.75 oz",
    "imageName": "No Image.jpg",
    "defaultImage": "No Image.jpg",
    "updatedTimestamp": "Jan 23, 2021 8:02:30 PM",
    "createdTimestamp": "Jan 23, 2021 8:02:30 PM",
    "isNewlyAdded": false,
    "isActive": true,
    "isDealsEnabled": false,
    "quantity": 0
  },
  {
    "id": 6595,
    "code": "GOODBELLY PROBIOTIC Tropical Green FLAVOR JuiceDrink 20 Billion Probiotics Per Serving FROM ",
    "desc": "GOODBELLY PROBIOTIC Tropical Green FLAVOR JuiceDrink 20 Billion Probiotics Per Serving FROM ",
    "shortDesc": "GOODBELLY PROBIOTIC Tropical Green FLAVOR JuiceDrink 20 Billion Probiotics Per Serving FROM ",
    "tags": [
      "Refrigerated Drinks"
    ],
    "categories": [
      {
        "code": "Beverages & Juices",
        "desc": "Beverages & Juices"
      }
    ],
    "subCategories": [
      {
        "code": "Juices & Refrigerated Drinks",
        "desc": "Juices & Refrigerated Drinks"
      }
    ],
    "brands": [],
    "price": {
      "basePrice": 4.61,
      "discountPrice": 4.61
    },
    "type": {
      "code": "Refrigerated Drinks",
      "desc": "Refrigerated Drinks"
    },
    "weight": "32 fl oz",
    "UpcCode": "",
    "tax": 0.0,
    "spiceLevel": "",
    "aiselNo": "1",
    "store": "Market Basket",
    "weightType": "32 fl oz",
    "imageName": "X307.jpg",
    "defaultImage": "X307.jpg",
    "updatedTimestamp": "Jan 23, 2021 8:02:29 PM",
    "createdTimestamp": "Jan 23, 2021 8:02:29 PM",
    "isNewlyAdded": false,
    "isActive": true,
    "isDealsEnabled": false,
    "quantity": 0
  },
  {
    "id": 6941,
    "code": "Betty Crocker Super Moist Angel Food Cake Mix",
    "desc": "Betty Crocker Super Moist Angel Food Cake Mix",
    "shortDesc": "Betty Crocker Super Moist Angel Food Cake Mix",
    "tags": [
      "Doughs, Gelatins & Bake Mixes"
    ],
    "categories": [
      {
        "code": "Cooking Needs",
        "desc": "Cooking Needs"
      }
    ],
    "subCategories": [
      {
        "code": "Baking & Cooking",
        "desc": "Baking & Cooking"
      }
    ],
    "brands": [
      {
        "code": "Betty Crocker",
        "desc": "Betty Crocker"
      }
    ],
    "price": {
      "basePrice": 2.99,
      "discountPrice": 2.99
    },
    "type": {
      "code": "Doughs, Gelatins & Bake Mixes",
      "desc": "Doughs, Gelatins & Bake Mixes"
    },
    "weight": "16 oz",
    "UpcCode": "",
    "tax": 0.0,
    "spiceLevel": "",
    "aiselNo": "8",
    "store": "Market Basket",
    "weightType": "16 oz",
    "imageName": "2083.jpg",
    "defaultImage": "2083.jpg",
    "updatedTimestamp": "Jan 23, 2021 8:02:30 PM",
    "createdTimestamp": "Jan 23, 2021 8:02:30 PM",
    "isNewlyAdded": false,
    "isActive": true,
    "isDealsEnabled": false,
    "quantity": 0
  },
  {
    "id": 8733,
    "code": "Goya Mexican Green Salsa",
    "desc": "Goya Mexican Green Salsa",
    "shortDesc": "Goya Mexican Green Salsa",
    "tags": [
      "Preserved Dips & Salsa"
    ],
    "categories": [
      {
        "code": "Condiments & Dressings",
        "desc": "Condiments & Dressings"
      }
    ],
    "subCategories": [
      {
        "code": "Preserved Dips & Spreads",
        "desc": "Preserved Dips & Spreads"
      }
    ],
    "brands": [
      {
        "code": "Goya",
        "desc": "Goya"
      }
    ],
    "price": {
      "basePrice": 1.29,
      "discountPrice": 1.29
    },
    "type": {
      "code": "Preserved Dips & Salsa",
      "desc": "Preserved Dips & Salsa"
    },
    "weight": "7 oz",
    "UpcCode": "",
    "tax": 0.0,
    "spiceLevel": "",
    "aiselNo": "7",
    "store": "Market Basket",
    "weightType": "7 oz",
    "imageName": "2012.jpg",
    "defaultImage": "2012.jpg",
    "updatedTimestamp": "Jan 23, 2021 8:02:30 PM",
    "createdTimestamp": "Jan 23, 2021 8:02:30 PM",
    "isNewlyAdded": false,
    "isActive": true,
    "isDealsEnabled": false,
    "quantity": 0
  },
  {
    "id": 7307,
    "code": "McCormick Grill Mates Garden Vegetable Seasoning",
    "desc": "McCormick Grill Mates Garden Vegetable Seasoning",
    "shortDesc": "McCormick Grill Mates Garden Vegetable Seasoning",
    "tags": [
      "Spices & Seasonings"
    ],
    "categories": [
      {
        "code": "Cooking Needs",
        "desc": "Cooking Needs"
      }
    ],
    "subCategories": [
      {
        "code": "Spices & Seasonings",
        "desc": "Spices & Seasonings"
      }
    ],
    "brands": [
      {
        "code": "McCormick",
        "desc": "McCormick"
      }
    ],
    "price": {
      "basePrice": 2.49,
      "discountPrice": 2.49
    },
    "type": {
      "code": "Spices & Seasonings",
      "desc": "Spices & Seasonings"
    },
    "weight": "3.12 oz",
    "UpcCode": "",
    "tax": 0.0,
    "spiceLevel": "",
    "aiselNo": "9",
    "store": "Market Basket",
    "weightType": "3.12 oz",
    "imageName": "2273.jpg",
    "defaultImage": "2273.jpg",
    "updatedTimestamp": "Jan 23, 2021 8:02:30 PM",
    "createdTimestamp": "Jan 23, 2021 8:02:30 PM",
    "isNewlyAdded": false,
    "isActive": true,
    "isDealsEnabled": false,
    "quantity": 0
  },
  {
    "id": 7039,
    "code": "Royal Vanilla Pudding",
    "desc": "Royal Vanilla Pudding",
    "shortDesc": "Royal Vanilla Pudding",
    "tags": [
      "Doughs, Gelatins & Bake Mixes"
    ],
    "categories": [
      {
        "code": "Cooking Needs",
        "desc": "Cooking Needs"
      }
    ],
    "subCategories": [
      {
        "code": "Baking & Cooking",
        "desc": "Baking & Cooking"
      }
    ],
    "brands": [
      {
        "code": "Royal",
        "desc": "Royal"
      }
    ],
    "price": {
      "basePrice": 1.09,
      "discountPrice": 1.09
    },
    "type": {
      "code": "Doughs, Gelatins & Bake Mixes",
      "desc": "Doughs, Gelatins & Bake Mixes"
    },
    "weight": "2.75 oz",
    "UpcCode": "",
    "tax": 0.0,
    "spiceLevel": "",
    "aiselNo": "8",
    "store": "Market Basket",
    "weightType": "2.75 oz",
    "imageName": "2106.jpg",
    "defaultImage": "2106.jpg",
    "updatedTimestamp": "Jan 23, 2021 8:02:30 PM",
    "createdTimestamp": "Jan 23, 2021 8:02:30 PM",
    "isNewlyAdded": false,
    "isActive": true,
    "isDealsEnabled": false,
    "quantity": 0
  },
  {
    "id": 15318,
    "code": "Disney Princess MultiVitamin Gummies- 60 PCS",
    "desc": "Disney Princess MultiVitamin Gummies- 60 PCS",
    "shortDesc": "Disney Princess MultiVitamin Gummies- 60 PCS",
    "tags": [
      "Vitamins & Supplements"
    ],
    "categories": [
      {
        "code": "Personal Care",
        "desc": "Personal Care"
      }
    ],
    "subCategories": [
      {
        "code": "Vitamins & Proteins",
        "desc": "Vitamins & Proteins"
      }
    ],
    "brands": [
      {
        "code": "Disney",
        "desc": "Disney"
      }
    ],
    "price": {
      "basePrice": 8.5,
      "discountPrice": 8.5
    },
    "type": {
      "code": "Vitamins & Supplements",
      "desc": "Vitamins & Supplements"
    },
    "weight": "60 count",
    "UpcCode": "",
    "tax": 1.0,
    "spiceLevel": "",
    "aiselNo": "13",
    "store": "Market Basket",
    "weightType": "60 count",
    "imageName": "17850.jpg",
    "defaultImage": "17850.jpg",
    "updatedTimestamp": "Jan 23, 2021 8:02:30 PM",
    "createdTimestamp": "Jan 23, 2021 8:02:30 PM",
    "isNewlyAdded": false,
    "isActive": true,
    "isDealsEnabled": false,
    "quantity": 0
  },
  {
    "id": 14591,
    "code": "Red Rose Original Full Flavored Black Tea Bags",
    "desc": "Red Rose Original Full Flavored Black Tea Bags",
    "shortDesc": "Red Rose Original Full Flavored Black Tea Bags",
    "tags": [
      "Tea"
    ],
    "categories": [
      {
        "code": "Breakfast & Dairy",
        "desc": "Breakfast & Dairy"
      }
    ],
    "subCategories": [
      {
        "code": "Tea & Coffee",
        "desc": "Tea & Coffee"
      }
    ],
    "brands": [
      {
        "code": "Red Rose",
        "desc": "Red Rose"
      }
    ],
    "price": {
      "basePrice": 3.09,
      "discountPrice": 3.09
    },
    "type": {
      "code": "Tea",
      "desc": "Tea"
    },
    "weight": "40 count",
    "UpcCode": "",
    "tax": 0.0,
    "spiceLevel": "",
    "aiselNo": "8",
    "store": "Market Basket",
    "weightType": "40 count",
    "imageName": "3532.jpg",
    "defaultImage": "3532.jpg",
    "updatedTimestamp": "Jan 23, 2021 8:02:30 PM",
    "createdTimestamp": "Jan 23, 2021 8:02:30 PM",
    "isNewlyAdded": false,
    "isActive": true,
    "isDealsEnabled": false,
    "quantity": 0
  },
  {
    "id": 6583,
    "code": "Dole 100% JUICE Pineapple Orange Banana",
    "desc": "Dole 100% JUICE Pineapple Orange Banana",
    "shortDesc": "Dole 100% JUICE Pineapple Orange Banana",
    "tags": [
      "Refrigerated Drinks"
    ],
    "categories": [
      {
        "code": "Beverages & Juices",
        "desc": "Beverages & Juices"
      }
    ],
    "subCategories": [
      {
        "code": "Juices & Refrigerated Drinks",
        "desc": "Juices & Refrigerated Drinks"
      }
    ],
    "brands": [
      {
        "code": "Dole",
        "desc": "Dole"
      }
    ],
    "price": {
      "basePrice": 3.13,
      "discountPrice": 3.13
    },
    "type": {
      "code": "Refrigerated Drinks",
      "desc": "Refrigerated Drinks"
    },
    "weight": "59 fl oz",
    "UpcCode": "",
    "tax": 0.0,
    "spiceLevel": "",
    "aiselNo": "1",
    "store": "Market Basket",
    "weightType": "59 fl oz",
    "imageName": "X229.jpg",
    "defaultImage": "X229.jpg",
    "updatedTimestamp": "Jan 23, 2021 8:02:29 PM",
    "createdTimestamp": "Jan 23, 2021 8:02:29 PM",
    "isNewlyAdded": false,
    "isActive": true,
    "isDealsEnabled": false,
    "quantity": 0
  },
  {
    "id": 9869,
    "code": "Market Basket Frozen Mixed Vegetables",
    "desc": "Market Basket Frozen Mixed Vegetables",
    "shortDesc": "Market Basket Frozen Mixed Vegetables",
    "tags": [
      "Frozen Produce"
    ],
    "categories": [
      {
        "code": "Frozen Food",
        "desc": "Frozen Food"
      }
    ],
    "subCategories": [
      {
        "code": "Frozen Produce",
        "desc": "Frozen Produce"
      }
    ],
    "brands": [
      {
        "code": "Market Basket",
        "desc": "Market Basket"
      }
    ],
    "price": {
      "basePrice": 2.49,
      "discountPrice": 2.49
    },
    "type": {
      "code": "Frozen Produce",
      "desc": "Frozen Produce"
    },
    "weight": "32 oz",
    "UpcCode": "",
    "tax": 0.0,
    "spiceLevel": "",
    "aiselNo": "19",
    "store": "Market Basket",
    "weightType": "32 oz",
    "imageName": "Market Basket.jpg",
    "defaultImage": "Market Basket.jpg",
    "updatedTimestamp": "Jan 23, 2021 8:02:30 PM",
    "createdTimestamp": "Jan 23, 2021 8:02:30 PM",
    "isNewlyAdded": false,
    "isActive": true,
    "isDealsEnabled": false,
    "quantity": 0
  },
  {
    "id": 8477,
    "code": "Wrights Liquid Smoke, Hickory",
    "desc": "Wrights Liquid Smoke, Hickory",
    "shortDesc": "Wrights Liquid Smoke, Hickory",
    "tags": [
      "Marinades & Meat Preparation"
    ],
    "categories": [
      {
        "code": "Condiments & Dressings",
        "desc": "Condiments & Dressings"
      }
    ],
    "subCategories": [
      {
        "code": "Marinades, Ketchup & Sauces",
        "desc": "Marinades, Ketchup & Sauces"
      }
    ],
    "brands": [
      {
        "code": "Wrights",
        "desc": "Wrights"
      }
    ],
    "price": {
      "basePrice": 2.79,
      "discountPrice": 2.79
    },
    "type": {
      "code": "Marinades & Meat Preparation",
      "desc": "Marinades & Meat Preparation"
    },
    "weight": "3.5 oz",
    "UpcCode": "",
    "tax": 0.0,
    "spiceLevel": "",
    "aiselNo": "9",
    "store": "Market Basket",
    "weightType": "3.5 oz",
    "imageName": "15578.jpg",
    "defaultImage": "15578.jpg",
    "updatedTimestamp": "Jan 23, 2021 8:02:30 PM",
    "createdTimestamp": "Jan 23, 2021 8:02:30 PM",
    "isNewlyAdded": false,
    "isActive": true,
    "isDealsEnabled": false,
    "quantity": 0
  },
  {
    "id": 4267,
    "code": "Ducktrap River of Maine Smoked Atlantic Salmon",
    "desc": "Ducktrap River of Maine Smoked Atlantic Salmon",
    "shortDesc": "Ducktrap River of Maine Smoked Atlantic Salmon",
    "tags": [
      "Salmon"
    ],
    "categories": [
      {
        "code": "Meat & Seafood",
        "desc": "Meat & Seafood"
      }
    ],
    "subCategories": [
      {
        "code": "Packaged Meat & Seafood",
        "desc": "Packaged Meat & Seafood"
      }
    ],
    "brands": [
      {
        "code": "River",
        "desc": "River"
      }
    ],
    "price": {
      "basePrice": 10.99,
      "discountPrice": 10.99
    },
    "type": {
      "code": "Salmon",
      "desc": "Salmon"
    },
    "weight": "4 oz",
    "UpcCode": "",
    "tax": 0.0,
    "spiceLevel": "",
    "aiselNo": "22",
    "store": "Market Basket",
    "weightType": "4 oz",
    "imageName": "4138.jpg",
    "defaultImage": "4138.jpg",
    "updatedTimestamp": "Jan 23, 2021 8:02:30 PM",
    "createdTimestamp": "Jan 23, 2021 8:02:30 PM",
    "isNewlyAdded": false,
    "isActive": true,
    "isDealsEnabled": false,
    "quantity": 0
  },
  {
    "id": 3681,
    "code": "Fruit Platter With Dip",
    "desc": "Fruit Platter With Dip",
    "shortDesc": "Fruit Platter With Dip",
    "tags": [
      "Mixed Fruit platters and bowls"
    ],
    "categories": [
      {
        "code": "Fresh Produce",
        "desc": "Fresh Produce"
      }
    ],
    "subCategories": [
      {
        "code": "Fresh Fruits",
        "desc": "Fresh Fruits"
      }
    ],
    "brands": [
      {
        "code": "Market Basket",
        "desc": "Market Basket"
      }
    ],
    "price": {
      "basePrice": 27.82,
      "discountPrice": 27.82
    },
    "type": {
      "code": "Mixed Fruit platters and bowls",
      "desc": "Mixed Fruit platters and bowls"
    },
    "weight": "1 each",
    "UpcCode": "",
    "tax": 0.0,
    "spiceLevel": "",
    "aiselNo": "20",
    "store": "Market Basket",
    "weightType": "1 each",
    "imageName": "Market Basket.jpg",
    "defaultImage": "Market Basket.jpg",
    "updatedTimestamp": "Jan 23, 2021 8:02:30 PM",
    "createdTimestamp": "Jan 23, 2021 8:02:30 PM",
    "isNewlyAdded": false,
    "isActive": true,
    "isDealsEnabled": false,
    "quantity": 0
  },
  {
    "id": 4655,
    "code": "Chicken of the Sea Whole Oysters",
    "desc": "Chicken of the Sea Whole Oysters",
    "shortDesc": "Chicken of the Sea Whole Oysters",
    "tags": [
      "Canned Oysters"
    ],
    "categories": [
      {
        "code": "Meat & Seafood",
        "desc": "Meat & Seafood"
      }
    ],
    "subCategories": [
      {
        "code": "Canned Meat & Seafood",
        "desc": "Canned Meat & Seafood"
      }
    ],
    "brands": [
      {
        "code": "Chicken of the Sea",
        "desc": "Chicken of the Sea"
      }
    ],
    "price": {
      "basePrice": 3.09,
      "discountPrice": 3.09
    },
    "type": {
      "code": "Canned Oysters",
      "desc": "Canned Oysters"
    },
    "weight": "8 oz",
    "UpcCode": "",
    "tax": 0.0,
    "spiceLevel": "",
    "aiselNo": "2",
    "store": "Market Basket",
    "weightType": "8 oz",
    "imageName": "5217.jpg",
    "defaultImage": "5217.jpg",
    "updatedTimestamp": "Jan 23, 2021 8:02:30 PM",
    "createdTimestamp": "Jan 23, 2021 8:02:30 PM",
    "isNewlyAdded": false,
    "isActive": true,
    "isDealsEnabled": false,
    "quantity": 0
  },
  {
    "id": 7496,
    "code": "Libby's 100% Pure Pumpkin",
    "desc": "Libby's 100% Pure Pumpkin",
    "shortDesc": "Libby's 100% Pure Pumpkin",
    "tags": [
      "Canned & Jarred Vegetables"
    ],
    "categories": [
      {
        "code": "Cooking Needs",
        "desc": "Cooking Needs"
      }
    ],
    "subCategories": [
      {
        "code": "Canned Food",
        "desc": "Canned Food"
      }
    ],
    "brands": [
      {
        "code": "Libby's",
        "desc": "Libby's"
      }
    ],
    "price": {
      "basePrice": 2.49,
      "discountPrice": 2.49
    },
    "type": {
      "code": "Canned & Jarred Vegetables",
      "desc": "Canned & Jarred Vegetables"
    },
    "weight": "29 oz",
    "UpcCode": "",
    "tax": 0.0,
    "spiceLevel": "",
    "aiselNo": "9",
    "store": "Market Basket",
    "weightType": "29 oz",
    "imageName": "5089.jpg",
    "defaultImage": "5089.jpg",
    "updatedTimestamp": "Jan 23, 2021 8:02:30 PM",
    "createdTimestamp": "Jan 23, 2021 8:02:30 PM",
    "isNewlyAdded": false,
    "isActive": true,
    "isDealsEnabled": false,
    "quantity": 0
  },
  {
    "id": 5173,
    "code": "Dare Breton Herb & Garlic Gluten Free",
    "desc": "Dare Breton Herb & Garlic Gluten Free",
    "shortDesc": "Dare Breton Herb & Garlic Gluten Free",
    "tags": [
      "Crackers"
    ],
    "categories": [
      {
        "code": "Chips, Cookies & Snacks",
        "desc": "Chips, Cookies & Snacks"
      }
    ],
    "subCategories": [
      {
        "code": "Cookies & Crackers",
        "desc": "Cookies & Crackers"
      }
    ],
    "brands": [
      {
        "code": "Dare",
        "desc": "Dare"
      }
    ],
    "price": {
      "basePrice": 3.13,
      "discountPrice": 3.13
    },
    "type": {
      "code": "Crackers",
      "desc": "Crackers"
    },
    "weight": "4.76 oz",
    "UpcCode": "",
    "tax": 0.0,
    "spiceLevel": "",
    "aiselNo": "6",
    "store": "Market Basket",
    "weightType": "4.76 oz",
    "imageName": "No Image.jpg",
    "defaultImage": "No Image.jpg",
    "updatedTimestamp": "Jan 23, 2021 8:02:30 PM",
    "createdTimestamp": "Jan 23, 2021 8:02:30 PM",
    "isNewlyAdded": false,
    "isActive": true,
    "isDealsEnabled": false,
    "quantity": 0
  },
  {
    "id": 4947,
    "code": "Snyder's of Hanover Pretzels, Unsalted Mini Pretzels",
    "desc": "Snyder's of Hanover Pretzels, Unsalted Mini Pretzels",
    "shortDesc": "Snyder's of Hanover Pretzels, Unsalted Mini Pretzels",
    "tags": [
      "Chips & Pretzels"
    ],
    "categories": [
      {
        "code": "Chips, Cookies & Snacks",
        "desc": "Chips, Cookies & Snacks"
      }
    ],
    "subCategories": [
      {
        "code": "Chips & Fruit Snacks",
        "desc": "Chips & Fruit Snacks"
      }
    ],
    "brands": [
      {
        "code": "Snyder's of Hanover",
        "desc": "Snyder's of Hanover"
      }
    ],
    "price": {
      "basePrice": 5.45,
      "discountPrice": 5.45
    },
    "type": {
      "code": "Chips & Pretzels",
      "desc": "Chips & Pretzels"
    },
    "weight": "12 oz",
    "UpcCode": "",
    "tax": 0.0,
    "spiceLevel": "",
    "aiselNo": "0",
    "store": "Market Basket",
    "weightType": "12 oz",
    "imageName": "908.jpg",
    "defaultImage": "908.jpg",
    "updatedTimestamp": "Jan 23, 2021 8:02:30 PM",
    "createdTimestamp": "Jan 23, 2021 8:02:30 PM",
    "isNewlyAdded": false,
    "isActive": true,
    "isDealsEnabled": false,
    "quantity": 0
  },
  {
    "id": 6654,
    "code": "Purity Organic Purity Organic Coconut Water",
    "desc": "Purity Organic Purity Organic Coconut Water",
    "shortDesc": "Purity Organic Purity Organic Coconut Water",
    "tags": [
      "Coconut Water"
    ],
    "categories": [
      {
        "code": "Beverages & Juices",
        "desc": "Beverages & Juices"
      }
    ],
    "subCategories": [
      {
        "code": "Tea, Coffee, Milk & Coconut Water",
        "desc": "Tea, Coffee, Milk & Coconut Water"
      }
    ],
    "brands": [
      {
        "code": "Purity Organic",
        "desc": "Purity Organic"
      }
    ],
    "price": {
      "basePrice": 5.49,
      "discountPrice": 5.49
    },
    "type": {
      "code": "Coconut Water",
      "desc": "Coconut Water"
    },
    "weight": "33.8 fl oz",
    "UpcCode": "",
    "tax": 0.0,
    "spiceLevel": "",
    "aiselNo": "7",
    "store": "Market Basket",
    "weightType": "33.8 fl oz",
    "imageName": "16515.jpg",
    "defaultImage": "16515.jpg",
    "updatedTimestamp": "Jan 23, 2021 8:02:29 PM",
    "createdTimestamp": "Jan 23, 2021 8:02:29 PM",
    "isNewlyAdded": false,
    "isActive": true,
    "isDealsEnabled": false,
    "quantity": 0
  },
  {
    "id": 9897,
    "code": "McKenzie's Southland Yellow Turnips",
    "desc": "McKenzie's Southland Yellow Turnips",
    "shortDesc": "McKenzie's Southland Yellow Turnips",
    "tags": [
      "Frozen Produce"
    ],
    "categories": [
      {
        "code": "Frozen Food",
        "desc": "Frozen Food"
      }
    ],
    "subCategories": [
      {
        "code": "Frozen Produce",
        "desc": "Frozen Produce"
      }
    ],
    "brands": [
      {
        "code": "McKenzie's",
        "desc": "McKenzie's"
      }
    ],
    "price": {
      "basePrice": 1.99,
      "discountPrice": 1.99
    },
    "type": {
      "code": "Frozen Produce",
      "desc": "Frozen Produce"
    },
    "weight": "12 oz",
    "UpcCode": "",
    "tax": 0.0,
    "spiceLevel": "",
    "aiselNo": "19",
    "store": "Market Basket",
    "weightType": "12 oz",
    "imageName": "15765.jpg",
    "defaultImage": "15765.jpg",
    "updatedTimestamp": "Jan 23, 2021 8:02:30 PM",
    "createdTimestamp": "Jan 23, 2021 8:02:30 PM",
    "isNewlyAdded": false,
    "isActive": true,
    "isDealsEnabled": false,
    "quantity": 0
  },
  {
    "id": 5335,
    "code": "belVita Bites Cinnamon Brown Sugar",
    "desc": "belVita Bites Cinnamon Brown Sugar",
    "shortDesc": "belVita Bites Cinnamon Brown Sugar",
    "tags": [
      "Cookies & Cakes"
    ],
    "categories": [
      {
        "code": "Chips, Cookies & Snacks",
        "desc": "Chips, Cookies & Snacks"
      }
    ],
    "subCategories": [
      {
        "code": "Cookies & Crackers",
        "desc": "Cookies & Crackers"
      }
    ],
    "brands": [
      {
        "code": "belVita",
        "desc": "belVita"
      }
    ],
    "price": {
      "basePrice": 4.69,
      "discountPrice": 4.69
    },
    "type": {
      "code": "Cookies & Cakes",
      "desc": "Cookies & Cakes"
    },
    "weight": "8.8 oz",
    "UpcCode": "",
    "tax": 0.0,
    "spiceLevel": "",
    "aiselNo": "6",
    "store": "Market Basket",
    "weightType": "8.8 oz",
    "imageName": "No Image.jpg",
    "defaultImage": "No Image.jpg",
    "updatedTimestamp": "Jan 23, 2021 8:02:30 PM",
    "createdTimestamp": "Jan 23, 2021 8:02:30 PM",
    "isNewlyAdded": false,
    "isActive": true,
    "isDealsEnabled": false,
    "quantity": 0
  },
  {
    "id": 3805,
    "code": "Organic Beets",
    "desc": "Organic Beets",
    "shortDesc": "Organic Beets",
    "tags": [
      "Beet"
    ],
    "categories": [
      {
        "code": "Fresh Produce",
        "desc": "Fresh Produce"
      }
    ],
    "subCategories": [
      {
        "code": "Fresh Organic Vegetables",
        "desc": "Fresh Organic Vegetables"
      }
    ],
    "brands": [
      {
        "code": "Market Basket",
        "desc": "Market Basket"
      }
    ],
    "price": {
      "basePrice": 4.24,
      "discountPrice": 4.24
    },
    "type": {
      "code": "Beet",
      "desc": "Beet"
    },
    "weight": "1 count",
    "UpcCode": "",
    "tax": 0.0,
    "spiceLevel": "",
    "aiselNo": "20",
    "store": "Market Basket",
    "weightType": "1 count",
    "imageName": "FP119.jpg",
    "defaultImage": "FP119.jpg",
    "updatedTimestamp": "Jan 23, 2021 8:02:30 PM",
    "createdTimestamp": "Jan 23, 2021 8:02:30 PM",
    "isNewlyAdded": false,
    "isActive": true,
    "isDealsEnabled": false,
    "quantity": 0
  },
  {
    "id": 523,
    "code": "Arm & Hammer Plus the Power of OxiClean Stain Fighters Fresh Scent Laundry Detergent",
    "desc": "Arm & Hammer Plus the Power of OxiClean Stain Fighters Fresh Scent Laundry Detergent",
    "shortDesc": "Arm & Hammer Plus the Power of OxiClean Stain Fighters Fresh Scent Laundry Detergent",
    "tags": [
      "Laundry Detergent"
    ],
    "categories": [
      {
        "code": "Laundry & Paper Goods",
        "desc": "Laundry & Paper Goods"
      }
    ],
    "subCategories": [
      {
        "code": "Laundry",
        "desc": "Laundry"
      }
    ],
    "brands": [
      {
        "code": "Arm & Hammer",
        "desc": "Arm & Hammer"
      }
    ],
    "price": {
      "basePrice": 9.99,
      "discountPrice": 9.99
    },
    "type": {
      "code": "Laundry Detergent",
      "desc": "Laundry Detergent"
    },
    "weight": "122.5 fl oz",
    "UpcCode": "",
    "tax": 1.0,
    "spiceLevel": "",
    "aiselNo": "15",
    "store": "Market Basket",
    "weightType": "122.5 fl oz",
    "imageName": "No Image.jpg",
    "defaultImage": "No Image.jpg",
    "updatedTimestamp": "Jan 23, 2021 8:02:30 PM",
    "createdTimestamp": "Jan 23, 2021 8:02:30 PM",
    "isNewlyAdded": false,
    "isActive": true,
    "isDealsEnabled": false,
    "quantity": 0
  },
  {
    "id": 13737,
    "code": "Market Basket Grated Parmesan Cheese",
    "desc": "Market Basket Grated Parmesan Cheese",
    "shortDesc": "Market Basket Grated Parmesan Cheese",
    "tags": [
      "Packaged Cheese"
    ],
    "categories": [
      {
        "code": "Breakfast & Dairy",
        "desc": "Breakfast & Dairy"
      }
    ],
    "subCategories": [
      {
        "code": "Dairy & Eggs",
        "desc": "Dairy & Eggs"
      }
    ],
    "brands": [
      {
        "code": "Market Basket",
        "desc": "Market Basket"
      }
    ],
    "price": {
      "basePrice": 4.89,
      "discountPrice": 4.89
    },
    "type": {
      "code": "Packaged Cheese",
      "desc": "Packaged Cheese"
    },
    "weight": "16 oz",
    "UpcCode": "",
    "tax": 0.0,
    "spiceLevel": "",
    "aiselNo": "1",
    "store": "Market Basket",
    "weightType": "16 oz",
    "imageName": "Market Basket.jpg",
    "defaultImage": "Market Basket.jpg",
    "updatedTimestamp": "Jan 23, 2021 8:02:30 PM",
    "createdTimestamp": "Jan 23, 2021 8:02:30 PM",
    "isNewlyAdded": false,
    "isActive": true,
    "isDealsEnabled": false,
    "quantity": 0
  },
  {
    "id": 13347,
    "code": "Hood Country Creamer Coffee Creamer",
    "desc": "Hood Country Creamer Coffee Creamer",
    "shortDesc": "Hood Country Creamer Coffee Creamer",
    "tags": [
      "Cream"
    ],
    "categories": [
      {
        "code": "Breakfast & Dairy",
        "desc": "Breakfast & Dairy"
      }
    ],
    "subCategories": [
      {
        "code": "Dairy & Eggs",
        "desc": "Dairy & Eggs"
      }
    ],
    "brands": [
      {
        "code": "Hood",
        "desc": "Hood"
      }
    ],
    "price": {
      "basePrice": 1.29,
      "discountPrice": 1.29
    },
    "type": {
      "code": "Cream",
      "desc": "Cream"
    },
    "weight": "32 fl oz",
    "UpcCode": "",
    "tax": 0.0,
    "spiceLevel": "",
    "aiselNo": "1",
    "store": "Market Basket",
    "weightType": "32 fl oz",
    "imageName": "575.jpg",
    "defaultImage": "575.jpg",
    "updatedTimestamp": "Jan 23, 2021 8:02:30 PM",
    "createdTimestamp": "Jan 23, 2021 8:02:30 PM",
    "isNewlyAdded": false,
    "isActive": true,
    "isDealsEnabled": false,
    "quantity": 0
  },
  {
    "id": 6347,
    "code": "Polar Zero Sugar Ginger Ale Soda",
    "desc": "Polar Zero Sugar Ginger Ale Soda",
    "shortDesc": "Polar Zero Sugar Ginger Ale Soda",
    "tags": [
      "Ginger Ale"
    ],
    "categories": [
      {
        "code": "Beverages & Juices",
        "desc": "Beverages & Juices"
      }
    ],
    "subCategories": [
      {
        "code": "Ginger Ale & Ginger Beer",
        "desc": "Ginger Ale & Ginger Beer"
      }
    ],
    "brands": [
      {
        "code": "Polar",
        "desc": "Polar"
      }
    ],
    "price": {
      "basePrice": 1.74,
      "discountPrice": 1.74
    },
    "type": {
      "code": "Ginger Ale",
      "desc": "Ginger Ale"
    },
    "weight": "2 L",
    "UpcCode": "",
    "tax": 0.0,
    "spiceLevel": "",
    "aiselNo": "11",
    "store": "Market Basket",
    "weightType": "2 L",
    "imageName": "No Image.jpg",
    "defaultImage": "No Image.jpg",
    "updatedTimestamp": "Jan 23, 2021 8:02:29 PM",
    "createdTimestamp": "Jan 23, 2021 8:02:29 PM",
    "isNewlyAdded": false,
    "isActive": true,
    "isDealsEnabled": false,
    "quantity": 0
  },
  {
    "id": 6109,
    "code": "Crush Orange Soda",
    "desc": "Crush Orange Soda",
    "shortDesc": "Crush Orange Soda",
    "tags": [
      "Soft Drinks"
    ],
    "categories": [
      {
        "code": "Beverages & Juices",
        "desc": "Beverages & Juices"
      }
    ],
    "subCategories": [
      {
        "code": "Soft Drinks & Seltzers",
        "desc": "Soft Drinks & Seltzers"
      }
    ],
    "brands": [
      {
        "code": "Crush",
        "desc": "Crush"
      }
    ],
    "price": {
      "basePrice": 5.0,
      "discountPrice": 5.0
    },
    "type": {
      "code": "Soft Drinks",
      "desc": "Soft Drinks"
    },
    "weight": "6 x 16.9 fl oz",
    "UpcCode": "",
    "tax": 0.0,
    "spiceLevel": "",
    "aiselNo": "17",
    "store": "Market Basket",
    "weightType": "6 x 16.9 fl oz",
    "imageName": "No Image.jpg",
    "defaultImage": "No Image.jpg",
    "updatedTimestamp": "Jan 23, 2021 8:02:30 PM",
    "createdTimestamp": "Jan 23, 2021 8:02:30 PM",
    "isNewlyAdded": false,
    "isActive": true,
    "isDealsEnabled": false,
    "quantity": 0
  },
  {
    "id": 3461,
    "code": "Bag Cara Cara Oranges",
    "desc": "Bag Cara Cara Oranges",
    "shortDesc": "Bag Cara Cara Oranges",
    "tags": [
      "Orange"
    ],
    "categories": [
      {
        "code": "Fresh Produce",
        "desc": "Fresh Produce"
      }
    ],
    "subCategories": [
      {
        "code": "Fresh Fruits",
        "desc": "Fresh Fruits"
      }
    ],
    "brands": [
      {
        "code": "Market Basket",
        "desc": "Market Basket"
      }
    ],
    "price": {
      "basePrice": 5.49,
      "discountPrice": 5.49
    },
    "type": {
      "code": "Orange",
      "desc": "Orange"
    },
    "weight": "1 bag(s)",
    "UpcCode": "",
    "tax": 0.0,
    "spiceLevel": "",
    "aiselNo": "20",
    "store": "Market Basket",
    "weightType": "1 bag(s)",
    "imageName": "No Image.jpg",
    "defaultImage": "No Image.jpg",
    "updatedTimestamp": "Jan 23, 2021 8:02:30 PM",
    "createdTimestamp": "Jan 23, 2021 8:02:30 PM",
    "isNewlyAdded": false,
    "isActive": true,
    "isDealsEnabled": false,
    "quantity": 0
  },
  {
    "id": 4997,
    "code": "Utz Ripples Original Potato Chips Big Bag",
    "desc": "Utz Ripples Original Potato Chips Big Bag",
    "shortDesc": "Utz Ripples Original Potato Chips Big Bag",
    "tags": [
      "Chips & Pretzels"
    ],
    "categories": [
      {
        "code": "Chips, Cookies & Snacks",
        "desc": "Chips, Cookies & Snacks"
      }
    ],
    "subCategories": [
      {
        "code": "Chips & Fruit Snacks",
        "desc": "Chips & Fruit Snacks"
      }
    ],
    "brands": [
      {
        "code": "Utz",
        "desc": "Utz"
      }
    ],
    "price": {
      "basePrice": 4.69,
      "discountPrice": 4.69
    },
    "type": {
      "code": "Chips & Pretzels",
      "desc": "Chips & Pretzels"
    },
    "weight": "14.5 oz",
    "UpcCode": "",
    "tax": 0.0,
    "spiceLevel": "",
    "aiselNo": "0",
    "store": "Market Basket",
    "weightType": "14.5 oz",
    "imageName": "861.jpg",
    "defaultImage": "861.jpg",
    "updatedTimestamp": "Jan 23, 2021 8:02:30 PM",
    "createdTimestamp": "Jan 23, 2021 8:02:30 PM",
    "isNewlyAdded": false,
    "isActive": true,
    "isDealsEnabled": false,
    "quantity": 0
  },
  {
    "id": 9418,
    "code": "Birds Eye Garlic Chicken",
    "desc": "Birds Eye Garlic Chicken",
    "shortDesc": "Birds Eye Garlic Chicken",
    "tags": [
      "Frozen Meal"
    ],
    "categories": [
      {
        "code": "Frozen Food",
        "desc": "Frozen Food"
      }
    ],
    "subCategories": [
      {
        "code": "Frozen Dinners & Entrees",
        "desc": "Frozen Dinners & Entrees"
      }
    ],
    "brands": [
      {
        "code": "Birds Eye",
        "desc": "Birds Eye"
      }
    ],
    "price": {
      "basePrice": 4.89,
      "discountPrice": 4.89
    },
    "type": {
      "code": "Frozen Meal",
      "desc": "Frozen Meal"
    },
    "weight": "21 oz",
    "UpcCode": "",
    "tax": 0.0,
    "spiceLevel": "",
    "aiselNo": "18",
    "store": "Market Basket",
    "weightType": "21 oz",
    "imageName": "2790.jpg",
    "defaultImage": "2790.jpg",
    "updatedTimestamp": "Jan 23, 2021 8:02:30 PM",
    "createdTimestamp": "Jan 23, 2021 8:02:30 PM",
    "isNewlyAdded": false,
    "isActive": true,
    "isDealsEnabled": false,
    "quantity": 0
  },
  {
    "id": 14986,
    "code": "Aleve Pain Reliever Tablets",
    "desc": "Aleve Pain Reliever Tablets",
    "shortDesc": "Aleve Pain Reliever Tablets",
    "tags": [
      "Muscles, Joints & Pain Relief"
    ],
    "categories": [
      {
        "code": "Personal Care",
        "desc": "Personal Care"
      }
    ],
    "subCategories": [
      {
        "code": "First Aid & Healthcare",
        "desc": "First Aid & Healthcare"
      }
    ],
    "brands": [
      {
        "code": "Aleve",
        "desc": "Aleve"
      }
    ],
    "price": {
      "basePrice": 14.02,
      "discountPrice": 14.02
    },
    "type": {
      "code": "Muscles, Joints & Pain Relief",
      "desc": "Muscles, Joints & Pain Relief"
    },
    "weight": "100 count",
    "UpcCode": "",
    "tax": 1.0,
    "spiceLevel": "",
    "aiselNo": "13",
    "store": "Market Basket",
    "weightType": "100 count",
    "imageName": "6639.jpg",
    "defaultImage": "6639.jpg",
    "updatedTimestamp": "Jan 23, 2021 8:02:30 PM",
    "createdTimestamp": "Jan 23, 2021 8:02:30 PM",
    "isNewlyAdded": false,
    "isActive": true,
    "isDealsEnabled": false,
    "quantity": 0
  },
  {
    "id": 15290,
    "code": "Ensure Original Nutrition Shake Strawberry Ready-to-Drink Bottles",
    "desc": "Ensure Original Nutrition Shake Strawberry Ready-to-Drink Bottles",
    "shortDesc": "Ensure Original Nutrition Shake Strawberry Ready-to-Drink Bottles",
    "tags": [
      "Protien Drinks"
    ],
    "categories": [
      {
        "code": "Personal Care",
        "desc": "Personal Care"
      }
    ],
    "subCategories": [
      {
        "code": "Vitamins & Proteins",
        "desc": "Vitamins & Proteins"
      }
    ],
    "brands": [
      {
        "code": "Ensure",
        "desc": "Ensure"
      }
    ],
    "price": {
      "basePrice": 12.64,
      "discountPrice": 12.64
    },
    "type": {
      "code": "Protien Drinks",
      "desc": "Protien Drinks"
    },
    "weight": "6 x 8 fl oz",
    "UpcCode": "",
    "tax": 1.0,
    "spiceLevel": "",
    "aiselNo": "13",
    "store": "Market Basket",
    "weightType": "6 x 8 fl oz",
    "imageName": "6723.jpg",
    "defaultImage": "6723.jpg",
    "updatedTimestamp": "Jan 23, 2021 8:02:30 PM",
    "createdTimestamp": "Jan 23, 2021 8:02:30 PM",
    "isNewlyAdded": false,
    "isActive": true,
    "isDealsEnabled": false,
    "quantity": 0
  },
  {
    "id": 9111,
    "code": "Coleman Breaded Chicken Breast Nuggets",
    "desc": "Coleman Breaded Chicken Breast Nuggets",
    "shortDesc": "Coleman Breaded Chicken Breast Nuggets",
    "tags": [
      "Frozen Appetizers & Sides"
    ],
    "categories": [
      {
        "code": "Frozen Food",
        "desc": "Frozen Food"
      }
    ],
    "subCategories": [
      {
        "code": "Frozen Dinners & Entrees",
        "desc": "Frozen Dinners & Entrees"
      }
    ],
    "brands": [
      {
        "code": "Coleman",
        "desc": "Coleman"
      }
    ],
    "price": {
      "basePrice": 5.79,
      "discountPrice": 5.79
    },
    "type": {
      "code": "Frozen Appetizers & Sides",
      "desc": "Frozen Appetizers & Sides"
    },
    "weight": "0.5 lb",
    "UpcCode": "",
    "tax": 0.0,
    "spiceLevel": "",
    "aiselNo": "18",
    "store": "Market Basket",
    "weightType": "0.5 lb",
    "imageName": "15844.jpg",
    "defaultImage": "15844.jpg",
    "updatedTimestamp": "Jan 23, 2021 8:02:30 PM",
    "createdTimestamp": "Jan 23, 2021 8:02:30 PM",
    "isNewlyAdded": false,
    "isActive": true,
    "isDealsEnabled": false,
    "quantity": 0
  },
  {
    "id": 4654,
    "code": "Chicken of the Sea Whole Baby Clams",
    "desc": "Chicken of the Sea Whole Baby Clams",
    "shortDesc": "Chicken of the Sea Whole Baby Clams",
    "tags": [
      "Canned Clams"
    ],
    "categories": [
      {
        "code": "Meat & Seafood",
        "desc": "Meat & Seafood"
      }
    ],
    "subCategories": [
      {
        "code": "Canned Meat & Seafood",
        "desc": "Canned Meat & Seafood"
      }
    ],
    "brands": [
      {
        "code": "Chicken of the Sea",
        "desc": "Chicken of the Sea"
      }
    ],
    "price": {
      "basePrice": 2.19,
      "discountPrice": 2.19
    },
    "type": {
      "code": "Canned Clams",
      "desc": "Canned Clams"
    },
    "weight": "10 oz",
    "UpcCode": "",
    "tax": 0.0,
    "spiceLevel": "",
    "aiselNo": "2",
    "store": "Market Basket",
    "weightType": "10 oz",
    "imageName": "5219.jpg",
    "defaultImage": "5219.jpg",
    "updatedTimestamp": "Jan 23, 2021 8:02:30 PM",
    "createdTimestamp": "Jan 23, 2021 8:02:30 PM",
    "isNewlyAdded": false,
    "isActive": true,
    "isDealsEnabled": false,
    "quantity": 0
  },
  {
    "id": 14355,
    "code": "Dunkin' Donuts Dunkin Donuts French Vanilla Ground Coffee",
    "desc": "Dunkin' Donuts Dunkin Donuts French Vanilla Ground Coffee",
    "shortDesc": "Dunkin' Donuts Dunkin Donuts French Vanilla Ground Coffee",
    "tags": [
      "Coffee"
    ],
    "categories": [
      {
        "code": "Breakfast & Dairy",
        "desc": "Breakfast & Dairy"
      }
    ],
    "subCategories": [
      {
        "code": "Tea & Coffee",
        "desc": "Tea & Coffee"
      }
    ],
    "brands": [
      {
        "code": "Dunkin' Donuts",
        "desc": "Dunkin' Donuts"
      }
    ],
    "price": {
      "basePrice": 8.59,
      "discountPrice": 8.59
    },
    "type": {
      "code": "Coffee",
      "desc": "Coffee"
    },
    "weight": "12 oz",
    "UpcCode": "",
    "tax": 0.0,
    "spiceLevel": "",
    "aiselNo": "8",
    "store": "Market Basket",
    "weightType": "12 oz",
    "imageName": "3380.jpg",
    "defaultImage": "3380.jpg",
    "updatedTimestamp": "Jan 23, 2021 8:02:30 PM",
    "createdTimestamp": "Jan 23, 2021 8:02:30 PM",
    "isNewlyAdded": false,
    "isActive": true,
    "isDealsEnabled": false,
    "quantity": 0
  },
  {
    "id": 531,
    "code": "Arm & Hammer Clean Scentsations Scent booster Purifying Waters",
    "desc": "Arm & Hammer Clean Scentsations Scent booster Purifying Waters",
    "shortDesc": "Arm & Hammer Clean Scentsations Scent booster Purifying Waters",
    "tags": [
      "Scent Booster"
    ],
    "categories": [
      {
        "code": "Laundry & Paper Goods",
        "desc": "Laundry & Paper Goods"
      }
    ],
    "subCategories": [
      {
        "code": "Laundry",
        "desc": "Laundry"
      }
    ],
    "brands": [
      {
        "code": "Arm & Hammer",
        "desc": "Arm & Hammer"
      }
    ],
    "price": {
      "basePrice": 4.99,
      "discountPrice": 4.99
    },
    "type": {
      "code": "Scent Booster",
      "desc": "Scent Booster"
    },
    "weight": "24 oz",
    "UpcCode": "",
    "tax": 1.0,
    "spiceLevel": "",
    "aiselNo": "15",
    "store": "Market Basket",
    "weightType": "24 oz",
    "imageName": "No Image.jpg",
    "defaultImage": "No Image.jpg",
    "updatedTimestamp": "Jan 23, 2021 8:02:30 PM",
    "createdTimestamp": "Jan 23, 2021 8:02:30 PM",
    "isNewlyAdded": false,
    "isActive": true,
    "isDealsEnabled": false,
    "quantity": 0
  },
  {
    "id": 10413,
    "code": "Goya Lentils",
    "desc": "Goya Lentils",
    "shortDesc": "Goya Lentils",
    "tags": [
      "Canned Food"
    ],
    "categories": [
      {
        "code": "Cooking Needs",
        "desc": "Cooking Needs"
      }
    ],
    "subCategories": [
      {
        "code": "Canned Food",
        "desc": "Canned Food"
      }
    ],
    "brands": [
      {
        "code": "Goya",
        "desc": "Goya"
      }
    ],
    "price": {
      "basePrice": 5.19,
      "discountPrice": 5.19
    },
    "type": {
      "code": "Canned Food",
      "desc": "Canned Food"
    },
    "weight": "4 lb",
    "UpcCode": "",
    "tax": 0.0,
    "spiceLevel": "",
    "aiselNo": "7",
    "store": "Market Basket",
    "weightType": "4 lb",
    "imageName": "5817.jpg",
    "defaultImage": "5817.jpg",
    "updatedTimestamp": "Jan 23, 2021 8:02:30 PM",
    "createdTimestamp": "Jan 23, 2021 8:02:30 PM",
    "isNewlyAdded": false,
    "isActive": true,
    "isDealsEnabled": false,
    "quantity": 0
  },
  {
    "id": 6696,
    "code": "Atkins Snack Bar Cranberry Almond",
    "desc": "Atkins Snack Bar Cranberry Almond",
    "shortDesc": "Atkins Snack Bar Cranberry Almond",
    "tags": [
      "Protien Bars"
    ],
    "categories": [
      {
        "code": "Breakfast & Dairy",
        "desc": "Breakfast & Dairy"
      }
    ],
    "subCategories": [
      {
        "code": "Bars & Pastries",
        "desc": "Bars & Pastries"
      }
    ],
    "brands": [
      {
        "code": "Atkins",
        "desc": "Atkins"
      }
    ],
    "price": {
      "basePrice": 7.39,
      "discountPrice": 7.39
    },
    "type": {
      "code": "Protien Bars",
      "desc": "Protien Bars"
    },
    "weight": "5 x 1.23 oz",
    "UpcCode": "",
    "tax": 0.0,
    "spiceLevel": "",
    "aiselNo": "5",
    "store": "Market Basket",
    "weightType": "5 x 1.23 oz",
    "imageName": "17672.jpg",
    "defaultImage": "17672.jpg",
    "updatedTimestamp": "Jan 23, 2021 8:02:30 PM",
    "createdTimestamp": "Jan 23, 2021 8:02:30 PM",
    "isNewlyAdded": false,
    "isActive": true,
    "isDealsEnabled": false,
    "quantity": 0
  },
  {
    "id": 462,
    "code": "Sun Triple Clean fresh morning breeze 134 medium loads laundry detergent",
    "desc": "Sun Triple Clean fresh morning breeze 134 medium loads laundry detergent",
    "shortDesc": "Sun Triple Clean fresh morning breeze 134 medium loads laundry detergent",
    "tags": [
      "Laundry Detergent"
    ],
    "categories": [
      {
        "code": "Laundry & Paper Goods",
        "desc": "Laundry & Paper Goods"
      }
    ],
    "subCategories": [
      {
        "code": "Laundry",
        "desc": "Laundry"
      }
    ],
    "brands": [
      {
        "code": "Sun",
        "desc": "Sun"
      }
    ],
    "price": {
      "basePrice": 7.49,
      "discountPrice": 7.49
    },
    "type": {
      "code": "Laundry Detergent",
      "desc": "Laundry Detergent"
    },
    "weight": "188 fl oz",
    "UpcCode": "",
    "tax": 1.0,
    "spiceLevel": "",
    "aiselNo": "15",
    "store": "Market Basket",
    "weightType": "188 fl oz",
    "imageName": "No Image.jpg",
    "defaultImage": "No Image.jpg",
    "updatedTimestamp": "Jan 23, 2021 8:02:30 PM",
    "createdTimestamp": "Jan 23, 2021 8:02:30 PM",
    "isNewlyAdded": false,
    "isActive": true,
    "isDealsEnabled": false,
    "quantity": 0
  },
  {
    "id": 6256,
    "code": "Dasani Purified Water",
    "desc": "Dasani Purified Water",
    "shortDesc": "Dasani Purified Water",
    "tags": [
      "Water"
    ],
    "categories": [
      {
        "code": "Beverages & Juices",
        "desc": "Beverages & Juices"
      }
    ],
    "subCategories": [
      {
        "code": "Water",
        "desc": "Water"
      }
    ],
    "brands": [
      {
        "code": "Dasani",
        "desc": "Dasani"
      }
    ],
    "price": {
      "basePrice": 3.13,
      "discountPrice": 3.13
    },
    "type": {
      "code": "Water",
      "desc": "Water"
    },
    "weight": "8 x 12 fl oz",
    "UpcCode": "",
    "tax": 0.0,
    "spiceLevel": "",
    "aiselNo": "11",
    "store": "Market Basket",
    "weightType": "8 x 12 fl oz",
    "imageName": "No Image.jpg",
    "defaultImage": "No Image.jpg",
    "updatedTimestamp": "Jan 23, 2021 8:02:30 PM",
    "createdTimestamp": "Jan 23, 2021 8:02:30 PM",
    "isNewlyAdded": false,
    "isActive": true,
    "isDealsEnabled": false,
    "quantity": 0
  },
  {
    "id": 5328,
    "code": "Nature's Bakery Fig Bar Original Fig",
    "desc": "Nature's Bakery Fig Bar Original Fig",
    "shortDesc": "Nature's Bakery Fig Bar Original Fig",
    "tags": [
      "Breakfast Bars"
    ],
    "categories": [
      {
        "code": "Breakfast & Dairy",
        "desc": "Breakfast & Dairy"
      }
    ],
    "subCategories": [
      {
        "code": "Bars & Pastries",
        "desc": "Bars & Pastries"
      }
    ],
    "brands": [
      {
        "code": "Nature's Bakery",
        "desc": "Nature's Bakery"
      }
    ],
    "price": {
      "basePrice": 4.69,
      "discountPrice": 4.69
    },
    "type": {
      "code": "Breakfast Bars",
      "desc": "Breakfast Bars"
    },
    "weight": "6 x 2 oz",
    "UpcCode": "",
    "tax": 0.0,
    "spiceLevel": "",
    "aiselNo": "6",
    "store": "Market Basket",
    "weightType": "6 x 2 oz",
    "imageName": "No Image.jpg",
    "defaultImage": "No Image.jpg",
    "updatedTimestamp": "Jan 23, 2021 8:02:30 PM",
    "createdTimestamp": "Jan 23, 2021 8:02:30 PM",
    "isNewlyAdded": false,
    "isActive": true,
    "isDealsEnabled": false,
    "quantity": 0
  },
  {
    "id": 7223,
    "code": "Goya Garlic Minced",
    "desc": "Goya Garlic Minced",
    "shortDesc": "Goya Garlic Minced",
    "tags": [
      "Spices & Seasonings"
    ],
    "categories": [
      {
        "code": "Cooking Needs",
        "desc": "Cooking Needs"
      }
    ],
    "subCategories": [
      {
        "code": "Spices & Seasonings",
        "desc": "Spices & Seasonings"
      }
    ],
    "brands": [
      {
        "code": "Goya",
        "desc": "Goya"
      }
    ],
    "price": {
      "basePrice": 2.09,
      "discountPrice": 2.09
    },
    "type": {
      "code": "Spices & Seasonings",
      "desc": "Spices & Seasonings"
    },
    "weight": "4.5 oz",
    "UpcCode": "",
    "tax": 0.0,
    "spiceLevel": "",
    "aiselNo": "9",
    "store": "Market Basket",
    "weightType": "4.5 oz",
    "imageName": "2241.jpg",
    "defaultImage": "2241.jpg",
    "updatedTimestamp": "Jan 23, 2021 8:02:30 PM",
    "createdTimestamp": "Jan 23, 2021 8:02:30 PM",
    "isNewlyAdded": false,
    "isActive": true,
    "isDealsEnabled": false,
    "quantity": 0
  },
  {
    "id": 5306,
    "code": "Nabisco Ginger Snaps",
    "desc": "Nabisco Ginger Snaps",
    "shortDesc": "Nabisco Ginger Snaps",
    "tags": [
      "Crackers"
    ],
    "categories": [
      {
        "code": "Chips, Cookies & Snacks",
        "desc": "Chips, Cookies & Snacks"
      }
    ],
    "subCategories": [
      {
        "code": "Cookies & Crackers",
        "desc": "Cookies & Crackers"
      }
    ],
    "brands": [
      {
        "code": "Nabisco",
        "desc": "Nabisco"
      }
    ],
    "price": {
      "basePrice": 7.17,
      "discountPrice": 7.17
    },
    "type": {
      "code": "Crackers",
      "desc": "Crackers"
    },
    "weight": "1 lb",
    "UpcCode": "",
    "tax": 0.0,
    "spiceLevel": "",
    "aiselNo": "6",
    "store": "Market Basket",
    "weightType": "1 lb",
    "imageName": "No Image.jpg",
    "defaultImage": "No Image.jpg",
    "updatedTimestamp": "Jan 23, 2021 8:02:30 PM",
    "createdTimestamp": "Jan 23, 2021 8:02:30 PM",
    "isNewlyAdded": false,
    "isActive": true,
    "isDealsEnabled": false,
    "quantity": 0
  },
  {
    "id": 9384,
    "code": "Seneca 100% Apple Juice Concentrate",
    "desc": "Seneca 100% Apple Juice Concentrate",
    "shortDesc": "Seneca 100% Apple Juice Concentrate",
    "tags": [
      "Frozen Juice"
    ],
    "categories": [
      {
        "code": "Frozen Food",
        "desc": "Frozen Food"
      }
    ],
    "subCategories": [
      {
        "code": "Frozen Fruit & Juice",
        "desc": "Frozen Fruit & Juice"
      }
    ],
    "brands": [
      {
        "code": "Seneca",
        "desc": "Seneca"
      }
    ],
    "price": {
      "basePrice": 1.99,
      "discountPrice": 1.99
    },
    "type": {
      "code": "Frozen Juice",
      "desc": "Frozen Juice"
    },
    "weight": "12 fl oz",
    "UpcCode": "",
    "tax": 0.0,
    "spiceLevel": "",
    "aiselNo": "21",
    "store": "Market Basket",
    "weightType": "12 fl oz",
    "imageName": "16063.jpg",
    "defaultImage": "16063.jpg",
    "updatedTimestamp": "Jan 23, 2021 8:02:30 PM",
    "createdTimestamp": "Jan 23, 2021 8:02:30 PM",
    "isNewlyAdded": false,
    "isActive": true,
    "isDealsEnabled": false,
    "quantity": 0
  },
  {
    "id": 5890,
    "code": "Dunkin' Donuts Iced Coffee Espresso",
    "desc": "Dunkin' Donuts Iced Coffee Espresso",
    "shortDesc": "Dunkin' Donuts Iced Coffee Espresso",
    "tags": [
      "Single To-Go Coffee"
    ],
    "categories": [
      {
        "code": "Beverages & Juices",
        "desc": "Beverages & Juices"
      }
    ],
    "subCategories": [
      {
        "code": "Tea, Coffee, Milk & Coconut Water",
        "desc": "Tea, Coffee, Milk & Coconut Water"
      }
    ],
    "brands": [
      {
        "code": "Dunkin' Donuts",
        "desc": "Dunkin' Donuts"
      }
    ],
    "price": {
      "basePrice": 3.13,
      "discountPrice": 3.13
    },
    "type": {
      "code": "Single To-Go Coffee",
      "desc": "Single To-Go Coffee"
    },
    "weight": "13.7 fl oz",
    "UpcCode": "",
    "tax": 0.0,
    "spiceLevel": "",
    "aiselNo": "17",
    "store": "Market Basket",
    "weightType": "13.7 fl oz",
    "imageName": "No Image.jpg",
    "defaultImage": "No Image.jpg",
    "updatedTimestamp": "Jan 23, 2021 8:02:30 PM",
    "createdTimestamp": "Jan 23, 2021 8:02:30 PM",
    "isNewlyAdded": false,
    "isActive": true,
    "isDealsEnabled": false,
    "quantity": 0
  },
  {
    "id": 7452,
    "code": "Goya Sauce Tomato",
    "desc": "Goya Sauce Tomato",
    "shortDesc": "Goya Sauce Tomato",
    "tags": [
      "Canned & Jarred Vegetables"
    ],
    "categories": [
      {
        "code": "Cooking Needs",
        "desc": "Cooking Needs"
      }
    ],
    "subCategories": [
      {
        "code": "Canned Food",
        "desc": "Canned Food"
      }
    ],
    "brands": [
      {
        "code": "Goya",
        "desc": "Goya"
      }
    ],
    "price": {
      "basePrice": 0.69,
      "discountPrice": 0.69
    },
    "type": {
      "code": "Canned & Jarred Vegetables",
      "desc": "Canned & Jarred Vegetables"
    },
    "weight": "8 oz",
    "UpcCode": "",
    "tax": 0.0,
    "spiceLevel": "",
    "aiselNo": "9",
    "store": "Market Basket",
    "weightType": "8 oz",
    "imageName": "5048.jpg",
    "defaultImage": "5048.jpg",
    "updatedTimestamp": "Jan 23, 2021 8:02:30 PM",
    "createdTimestamp": "Jan 23, 2021 8:02:30 PM",
    "isNewlyAdded": false,
    "isActive": true,
    "isDealsEnabled": false,
    "quantity": 0
  },
  {
    "id": 13282,
    "code": "Fleischmann's Original Soft Spread Quarters Sticks",
    "desc": "Fleischmann's Original Soft Spread Quarters Sticks",
    "shortDesc": "Fleischmann's Original Soft Spread Quarters Sticks",
    "tags": [
      "Butter"
    ],
    "categories": [
      {
        "code": "Breakfast & Dairy",
        "desc": "Breakfast & Dairy"
      }
    ],
    "subCategories": [
      {
        "code": "Dairy & Eggs",
        "desc": "Dairy & Eggs"
      }
    ],
    "brands": [
      {
        "code": "Fleischmann's",
        "desc": "Fleischmann's"
      }
    ],
    "price": {
      "basePrice": 4.89,
      "discountPrice": 4.89
    },
    "type": {
      "code": "Butter",
      "desc": "Butter"
    },
    "weight": "16 oz",
    "UpcCode": "",
    "tax": 0.0,
    "spiceLevel": "",
    "aiselNo": "1",
    "store": "Market Basket",
    "weightType": "16 oz",
    "imageName": "14783.jpg",
    "defaultImage": "14783.jpg",
    "updatedTimestamp": "Jan 23, 2021 8:02:30 PM",
    "createdTimestamp": "Jan 23, 2021 8:02:30 PM",
    "isNewlyAdded": false,
    "isActive": true,
    "isDealsEnabled": false,
    "quantity": 0
  },
  {
    "id": 7791,
    "code": "Market Basket Green Lima Beans",
    "desc": "Market Basket Green Lima Beans",
    "shortDesc": "Market Basket Green Lima Beans",
    "tags": [
      "Canned Meals & Beans"
    ],
    "categories": [
      {
        "code": "Cooking Needs",
        "desc": "Cooking Needs"
      }
    ],
    "subCategories": [
      {
        "code": "Canned Food",
        "desc": "Canned Food"
      }
    ],
    "brands": [
      {
        "code": "Market Basket",
        "desc": "Market Basket"
      }
    ],
    "price": {
      "basePrice": 0.99,
      "discountPrice": 0.99
    },
    "type": {
      "code": "Canned Meals & Beans",
      "desc": "Canned Meals & Beans"
    },
    "weight": "8.5 oz",
    "UpcCode": "",
    "tax": 0.0,
    "spiceLevel": "",
    "aiselNo": "2",
    "store": "Market Basket",
    "weightType": "8.5 oz",
    "imageName": "5093.jpg",
    "defaultImage": "5093.jpg",
    "updatedTimestamp": "Jan 23, 2021 8:02:30 PM",
    "createdTimestamp": "Jan 23, 2021 8:02:30 PM",
    "isNewlyAdded": false,
    "isActive": true,
    "isDealsEnabled": false,
    "quantity": 0
  },
  {
    "id": 3759,
    "code": "HerbThyme Farms Poultry Bouquet",
    "desc": "HerbThyme Farms Poultry Bouquet",
    "shortDesc": "HerbThyme Farms Poultry Bouquet",
    "tags": [
      "Poultry Bouquet"
    ],
    "categories": [
      {
        "code": "Fresh Produce",
        "desc": "Fresh Produce"
      }
    ],
    "subCategories": [
      {
        "code": "Fresh Herbs",
        "desc": "Fresh Herbs"
      }
    ],
    "brands": [
      {
        "code": "HerbThyme Farms",
        "desc": "HerbThyme Farms"
      }
    ],
    "price": {
      "basePrice": 2.86,
      "discountPrice": 2.86
    },
    "type": {
      "code": "Poultry Bouquet",
      "desc": "Poultry Bouquet"
    },
    "weight": "0.67 oz",
    "UpcCode": "",
    "tax": 0.0,
    "spiceLevel": "",
    "aiselNo": "20",
    "store": "Market Basket",
    "weightType": "0.67 oz",
    "imageName": "FP54.jpg",
    "defaultImage": "FP54.jpg",
    "updatedTimestamp": "Jan 23, 2021 8:02:30 PM",
    "createdTimestamp": "Jan 23, 2021 8:02:30 PM",
    "isNewlyAdded": false,
    "isActive": true,
    "isDealsEnabled": false,
    "quantity": 0
  },
  {
    "id": 6953,
    "code": "Duncan Hines Classic White Cake Mix",
    "desc": "Duncan Hines Classic White Cake Mix",
    "shortDesc": "Duncan Hines Classic White Cake Mix",
    "tags": [
      "Doughs, Gelatins & Bake Mixes"
    ],
    "categories": [
      {
        "code": "Cooking Needs",
        "desc": "Cooking Needs"
      }
    ],
    "subCategories": [
      {
        "code": "Baking & Cooking",
        "desc": "Baking & Cooking"
      }
    ],
    "brands": [
      {
        "code": "Duncan Hines",
        "desc": "Duncan Hines"
      }
    ],
    "price": {
      "basePrice": 1.89,
      "discountPrice": 1.89
    },
    "type": {
      "code": "Doughs, Gelatins & Bake Mixes",
      "desc": "Doughs, Gelatins & Bake Mixes"
    },
    "weight": "15.25 oz",
    "UpcCode": "",
    "tax": 0.0,
    "spiceLevel": "",
    "aiselNo": "8",
    "store": "Market Basket",
    "weightType": "15.25 oz",
    "imageName": "2093.jpg",
    "defaultImage": "2093.jpg",
    "updatedTimestamp": "Jan 23, 2021 8:02:30 PM",
    "createdTimestamp": "Jan 23, 2021 8:02:30 PM",
    "isNewlyAdded": false,
    "isActive": true,
    "isDealsEnabled": false,
    "quantity": 0
  },
  {
    "id": 13899,
    "code": "Parmalat 1% Lowfat Milk Vitamin A&D",
    "desc": "Parmalat 1% Lowfat Milk Vitamin A&D",
    "shortDesc": "Parmalat 1% Lowfat Milk Vitamin A&D",
    "tags": [
      "Soy & Lactose-Free"
    ],
    "categories": [
      {
        "code": "Breakfast & Dairy",
        "desc": "Breakfast & Dairy"
      }
    ],
    "subCategories": [
      {
        "code": "Dairy & Eggs",
        "desc": "Dairy & Eggs"
      }
    ],
    "brands": [
      {
        "code": "Parmalat",
        "desc": "Parmalat"
      }
    ],
    "price": {
      "basePrice": 2.49,
      "discountPrice": 2.49
    },
    "type": {
      "code": "Soy & Lactose-Free",
      "desc": "Soy & Lactose-Free"
    },
    "weight": "1 count",
    "UpcCode": "",
    "tax": 0.0,
    "spiceLevel": "",
    "aiselNo": "1",
    "store": "Market Basket",
    "weightType": "1 count",
    "imageName": "14796.jpg",
    "defaultImage": "14796.jpg",
    "updatedTimestamp": "Jan 23, 2021 8:02:30 PM",
    "createdTimestamp": "Jan 23, 2021 8:02:30 PM",
    "isNewlyAdded": false,
    "isActive": true,
    "isDealsEnabled": false,
    "quantity": 0
  },
  {
    "id": 14455,
    "code": "Peet's Coffee Colombia Luminosa Light Roast Ground Coffee",
    "desc": "Peet's Coffee Colombia Luminosa Light Roast Ground Coffee",
    "shortDesc": "Peet's Coffee Colombia Luminosa Light Roast Ground Coffee",
    "tags": [
      "Coffee"
    ],
    "categories": [
      {
        "code": "Breakfast & Dairy",
        "desc": "Breakfast & Dairy"
      }
    ],
    "subCategories": [
      {
        "code": "Tea & Coffee",
        "desc": "Tea & Coffee"
      }
    ],
    "brands": [
      {
        "code": "Peet's Coffee",
        "desc": "Peet's Coffee"
      }
    ],
    "price": {
      "basePrice": 10.99,
      "discountPrice": 10.99
    },
    "type": {
      "code": "Coffee",
      "desc": "Coffee"
    },
    "weight": "12 oz",
    "UpcCode": "",
    "tax": 0.0,
    "spiceLevel": "",
    "aiselNo": "8",
    "store": "Market Basket",
    "weightType": "12 oz",
    "imageName": "3334.jpg",
    "defaultImage": "3334.jpg",
    "updatedTimestamp": "Jan 23, 2021 8:02:30 PM",
    "createdTimestamp": "Jan 23, 2021 8:02:30 PM",
    "isNewlyAdded": false,
    "isActive": true,
    "isDealsEnabled": false,
    "quantity": 0
  },
  {
    "id": 4218,
    "code": "Market Basket Leg Quarters",
    "desc": "Market Basket Leg Quarters",
    "shortDesc": "Market Basket Leg Quarters",
    "tags": [
      "Chicken Leg"
    ],
    "categories": [
      {
        "code": "Meat & Seafood",
        "desc": "Meat & Seafood"
      }
    ],
    "subCategories": [
      {
        "code": "Packaged Meat & Seafood",
        "desc": "Packaged Meat & Seafood"
      }
    ],
    "brands": [
      {
        "code": "Market Basket",
        "desc": "Market Basket"
      }
    ],
    "price": {
      "basePrice": 3.89,
      "discountPrice": 3.89
    },
    "type": {
      "code": "Chicken Leg",
      "desc": "Chicken Leg"
    },
    "weight": "Approx: 3.02 lb at $1.29/lb",
    "UpcCode": "",
    "tax": 0.0,
    "spiceLevel": "",
    "aiselNo": "22",
    "store": "Market Basket",
    "weightType": "Approx: 3.02 lb at $1.29/lb",
    "imageName": "Market Basket.jpg",
    "defaultImage": "Market Basket.jpg",
    "updatedTimestamp": "Jan 23, 2021 8:02:30 PM",
    "createdTimestamp": "Jan 23, 2021 8:02:30 PM",
    "isNewlyAdded": false,
    "isActive": true,
    "isDealsEnabled": false,
    "quantity": 0
  },
  {
    "id": 10149,
    "code": "Marinos Italian Ices Marinos Watermelon Italian Ice",
    "desc": "Marinos Italian Ices Marinos Watermelon Italian Ice",
    "shortDesc": "Marinos Italian Ices Marinos Watermelon Italian Ice",
    "tags": [
      "Ice Cream & Ice"
    ],
    "categories": [
      {
        "code": "Frozen Food",
        "desc": "Frozen Food"
      }
    ],
    "subCategories": [
      {
        "code": "Ice Cream & Ice",
        "desc": "Ice Cream & Ice"
      }
    ],
    "brands": [
      {
        "code": "Marinos",
        "desc": "Marinos"
      }
    ],
    "price": {
      "basePrice": 2.49,
      "discountPrice": 2.49
    },
    "type": {
      "code": "Ice Cream & Ice",
      "desc": "Ice Cream & Ice"
    },
    "weight": "6 fl oz",
    "UpcCode": "",
    "tax": 0.0,
    "spiceLevel": "",
    "aiselNo": "21",
    "store": "Market Basket",
    "weightType": "6 fl oz",
    "imageName": "16186.jpg",
    "defaultImage": "16186.jpg",
    "updatedTimestamp": "Jan 23, 2021 8:02:30 PM",
    "createdTimestamp": "Jan 23, 2021 8:02:30 PM",
    "isNewlyAdded": false,
    "isActive": true,
    "isDealsEnabled": false,
    "quantity": 0
  },
  {
    "id": 5503,
    "code": "M&M Milk Chocolate Candies With Peanut",
    "desc": "M&M Milk Chocolate Candies With Peanut",
    "shortDesc": "M&M Milk Chocolate Candies With Peanut",
    "tags": [
      "Candy & Chocolate"
    ],
    "categories": [
      {
        "code": "Chips, Cookies & Snacks",
        "desc": "Chips, Cookies & Snacks"
      }
    ],
    "subCategories": [
      {
        "code": "Candy & Chocolates",
        "desc": "Candy & Chocolates"
      }
    ],
    "brands": [
      {
        "code": "M&M",
        "desc": "M&M"
      }
    ],
    "price": {
      "basePrice": 3.69,
      "discountPrice": 3.69
    },
    "type": {
      "code": "Candy & Chocolate",
      "desc": "Candy & Chocolate"
    },
    "weight": "14 oz",
    "UpcCode": "",
    "tax": 0.0,
    "spiceLevel": "",
    "aiselNo": "3",
    "store": "Market Basket",
    "weightType": "14 oz",
    "imageName": "No Image.jpg",
    "defaultImage": "No Image.jpg",
    "updatedTimestamp": "Jan 23, 2021 8:02:30 PM",
    "createdTimestamp": "Jan 23, 2021 8:02:30 PM",
    "isNewlyAdded": false,
    "isActive": true,
    "isDealsEnabled": false,
    "quantity": 0
  },
  {
    "id": 13369,
    "code": "Market Basket Half And Half",
    "desc": "Market Basket Half And Half",
    "shortDesc": "Market Basket Half And Half",
    "tags": [
      "Cream"
    ],
    "categories": [
      {
        "code": "Breakfast & Dairy",
        "desc": "Breakfast & Dairy"
      }
    ],
    "subCategories": [
      {
        "code": "Dairy & Eggs",
        "desc": "Dairy & Eggs"
      }
    ],
    "brands": [
      {
        "code": "Market Basket",
        "desc": "Market Basket"
      }
    ],
    "price": {
      "basePrice": 4.59,
      "discountPrice": 4.59
    },
    "type": {
      "code": "Cream",
      "desc": "Cream"
    },
    "weight": "64 fl oz",
    "UpcCode": "",
    "tax": 0.0,
    "spiceLevel": "",
    "aiselNo": "1",
    "store": "Market Basket",
    "weightType": "64 fl oz",
    "imageName": "Market Basket.jpg",
    "defaultImage": "Market Basket.jpg",
    "updatedTimestamp": "Jan 23, 2021 8:02:30 PM",
    "createdTimestamp": "Jan 23, 2021 8:02:30 PM",
    "isNewlyAdded": false,
    "isActive": true,
    "isDealsEnabled": false,
    "quantity": 0
  },
  {
    "id": 10243,
    "code": "Turkey Hill All Natural Salted Caramel Ice Cream",
    "desc": "Turkey Hill All Natural Salted Caramel Ice Cream",
    "shortDesc": "Turkey Hill All Natural Salted Caramel Ice Cream",
    "tags": [
      "Ice Cream & Ice"
    ],
    "categories": [
      {
        "code": "Frozen Food",
        "desc": "Frozen Food"
      }
    ],
    "subCategories": [
      {
        "code": "Ice Cream & Ice",
        "desc": "Ice Cream & Ice"
      }
    ],
    "brands": [
      {
        "code": "Turkey Hill",
        "desc": "Turkey Hill"
      }
    ],
    "price": {
      "basePrice": 4.59,
      "discountPrice": 4.59
    },
    "type": {
      "code": "Ice Cream & Ice",
      "desc": "Ice Cream & Ice"
    },
    "weight": "48 fl oz",
    "UpcCode": "",
    "tax": 0.0,
    "spiceLevel": "",
    "aiselNo": "21",
    "store": "Market Basket",
    "weightType": "48 fl oz",
    "imageName": "3134.jpg",
    "defaultImage": "3134.jpg",
    "updatedTimestamp": "Jan 23, 2021 8:02:30 PM",
    "createdTimestamp": "Jan 23, 2021 8:02:30 PM",
    "isNewlyAdded": false,
    "isActive": true,
    "isDealsEnabled": false,
    "quantity": 0
  },
  {
    "id": 6344,
    "code": "Polar Diet Ginger Ale Cans",
    "desc": "Polar Diet Ginger Ale Cans",
    "shortDesc": "Polar Diet Ginger Ale Cans",
    "tags": [
      "Ginger Ale"
    ],
    "categories": [
      {
        "code": "Beverages & Juices",
        "desc": "Beverages & Juices"
      }
    ],
    "subCategories": [
      {
        "code": "Ginger Ale & Ginger Beer",
        "desc": "Ginger Ale & Ginger Beer"
      }
    ],
    "brands": [
      {
        "code": "Polar",
        "desc": "Polar"
      }
    ],
    "price": {
      "basePrice": 4.99,
      "discountPrice": 4.99
    },
    "type": {
      "code": "Ginger Ale",
      "desc": "Ginger Ale"
    },
    "weight": "12 x 12 fl oz",
    "UpcCode": "",
    "tax": 0.0,
    "spiceLevel": "",
    "aiselNo": "11",
    "store": "Market Basket",
    "weightType": "12 x 12 fl oz",
    "imageName": "No Image.jpg",
    "defaultImage": "No Image.jpg",
    "updatedTimestamp": "Jan 23, 2021 8:02:29 PM",
    "createdTimestamp": "Jan 23, 2021 8:02:29 PM",
    "isNewlyAdded": false,
    "isActive": true,
    "isDealsEnabled": false,
    "quantity": 0
  },
  {
    "id": 14879,
    "code": "Always Pads, Maxi, Regular, Lightly Scented",
    "desc": "Always Pads, Maxi, Regular, Lightly Scented",
    "shortDesc": "Always Pads, Maxi, Regular, Lightly Scented",
    "tags": [
      "Menstrual Pads"
    ],
    "categories": [
      {
        "code": "Personal Care",
        "desc": "Personal Care"
      }
    ],
    "subCategories": [
      {
        "code": "Feminine Care",
        "desc": "Feminine Care"
      }
    ],
    "brands": [
      {
        "code": "Always",
        "desc": "Always"
      }
    ],
    "price": {
      "basePrice": 4.7,
      "discountPrice": 4.7
    },
    "type": {
      "code": "Menstrual Pads",
      "desc": "Menstrual Pads"
    },
    "weight": "22 count",
    "UpcCode": "",
    "tax": 1.0,
    "spiceLevel": "",
    "aiselNo": "13",
    "store": "Market Basket",
    "weightType": "22 count",
    "imageName": "6494.jpg",
    "defaultImage": "6494.jpg",
    "updatedTimestamp": "Jan 23, 2021 8:02:30 PM",
    "createdTimestamp": "Jan 23, 2021 8:02:30 PM",
    "isNewlyAdded": false,
    "isActive": true,
    "isDealsEnabled": false,
    "quantity": 0
  },
  {
    "id": 3824,
    "code": "Spice World Peeled Garlic Organic",
    "desc": "Spice World Peeled Garlic Organic",
    "shortDesc": "Spice World Peeled Garlic Organic",
    "tags": [
      "Garlic"
    ],
    "categories": [
      {
        "code": "Fresh Produce",
        "desc": "Fresh Produce"
      }
    ],
    "subCategories": [
      {
        "code": "Fresh Organic Vegetables",
        "desc": "Fresh Organic Vegetables"
      }
    ],
    "brands": [
      {
        "code": "Spice World",
        "desc": "Spice World"
      }
    ],
    "price": {
      "basePrice": 4.24,
      "discountPrice": 4.24
    },
    "type": {
      "code": "Garlic",
      "desc": "Garlic"
    },
    "weight": "6 oz container",
    "UpcCode": "",
    "tax": 0.0,
    "spiceLevel": "",
    "aiselNo": "20",
    "store": "Market Basket",
    "weightType": "6 oz container",
    "imageName": "28.jpg",
    "defaultImage": "28.jpg",
    "updatedTimestamp": "Jan 23, 2021 8:02:30 PM",
    "createdTimestamp": "Jan 23, 2021 8:02:30 PM",
    "isNewlyAdded": false,
    "isActive": true,
    "isDealsEnabled": false,
    "quantity": 0
  },
  {
    "id": 7451,
    "code": "Goya Salad Cut Hearts of Palm",
    "desc": "Goya Salad Cut Hearts of Palm",
    "shortDesc": "Goya Salad Cut Hearts of Palm",
    "tags": [
      "Canned & Jarred Vegetables"
    ],
    "categories": [
      {
        "code": "Cooking Needs",
        "desc": "Cooking Needs"
      }
    ],
    "subCategories": [
      {
        "code": "Canned Food",
        "desc": "Canned Food"
      }
    ],
    "brands": [
      {
        "code": "Goya",
        "desc": "Goya"
      }
    ],
    "price": {
      "basePrice": 2.69,
      "discountPrice": 2.69
    },
    "type": {
      "code": "Canned & Jarred Vegetables",
      "desc": "Canned & Jarred Vegetables"
    },
    "weight": "14.1 oz",
    "UpcCode": "",
    "tax": 0.0,
    "spiceLevel": "",
    "aiselNo": "9",
    "store": "Market Basket",
    "weightType": "14.1 oz",
    "imageName": "5041.jpg",
    "defaultImage": "5041.jpg",
    "updatedTimestamp": "Jan 23, 2021 8:02:30 PM",
    "createdTimestamp": "Jan 23, 2021 8:02:30 PM",
    "isNewlyAdded": false,
    "isActive": true,
    "isDealsEnabled": false,
    "quantity": 0
  },
  {
    "id": 200,
    "code": "Brillo Steel Wool Soap Pads",
    "desc": "Brillo Steel Wool Soap Pads",
    "shortDesc": "Brillo Steel Wool Soap Pads",
    "tags": [
      "Scrub Sponge"
    ],
    "categories": [
      {
        "code": "Kitchen & Cleaning",
        "desc": "Kitchen & Cleaning"
      }
    ],
    "subCategories": [
      {
        "code": "Cleaning Products",
        "desc": "Cleaning Products"
      }
    ],
    "brands": [
      {
        "code": "Brillo",
        "desc": "Brillo"
      }
    ],
    "price": {
      "basePrice": 2.19,
      "discountPrice": 2.19
    },
    "type": {
      "code": "Scrub Sponge",
      "desc": "Scrub Sponge"
    },
    "weight": "10 count",
    "UpcCode": "",
    "tax": 1.0,
    "spiceLevel": "",
    "aiselNo": "15",
    "store": "Market Basket",
    "weightType": "10 count",
    "imageName": "16763.jpg",
    "defaultImage": "16763.jpg",
    "updatedTimestamp": "Jan 23, 2021 8:02:30 PM",
    "createdTimestamp": "Jan 23, 2021 8:02:30 PM",
    "isNewlyAdded": false,
    "isActive": true,
    "isDealsEnabled": false,
    "quantity": 0
  },
  {
    "id": 9400,
    "code": "Atkins Crustless Chicken Pot Pie ",
    "desc": "Atkins Crustless Chicken Pot Pie ",
    "shortDesc": "Atkins Crustless Chicken Pot Pie ",
    "tags": [
      "Frozen Dessert"
    ],
    "categories": [
      {
        "code": "Frozen Food",
        "desc": "Frozen Food"
      }
    ],
    "subCategories": [
      {
        "code": "Frozen Dessert",
        "desc": "Frozen Dessert"
      }
    ],
    "brands": [
      {
        "code": "Atkins",
        "desc": "Atkins"
      }
    ],
    "price": {
      "basePrice": 4.36,
      "discountPrice": 4.36
    },
    "type": {
      "code": "Frozen Dessert",
      "desc": "Frozen Dessert"
    },
    "weight": "9 oz",
    "UpcCode": "637480090322",
    "tax": 0.0,
    "spiceLevel": "",
    "aiselNo": "18",
    "store": "Market Basket",
    "weightType": "9 oz",
    "imageName": "X4184.jpg",
    "defaultImage": "X4184.jpg",
    "updatedTimestamp": "Jan 23, 2021 8:02:29 PM",
    "createdTimestamp": "Jan 23, 2021 8:02:29 PM",
    "isNewlyAdded": false,
    "isActive": true,
    "isDealsEnabled": false,
    "quantity": 0
  },
  {
    "id": 4200,
    "code": "Chicken Breasts",
    "desc": "Chicken Breasts",
    "shortDesc": "Chicken Breasts",
    "tags": [
      "Chicken Breast"
    ],
    "categories": [
      {
        "code": "Meat & Seafood",
        "desc": "Meat & Seafood"
      }
    ],
    "subCategories": [
      {
        "code": "Packaged Meat & Seafood",
        "desc": "Packaged Meat & Seafood"
      }
    ],
    "brands": [
      {
        "code": "Market Basket",
        "desc": "Market Basket"
      }
    ],
    "price": {
      "basePrice": 8.19,
      "discountPrice": 8.19
    },
    "type": {
      "code": "Chicken Breast",
      "desc": "Chicken Breast"
    },
    "weight": "24 oz",
    "UpcCode": "",
    "tax": 0.0,
    "spiceLevel": "",
    "aiselNo": "22",
    "store": "Market Basket",
    "weightType": "24 oz",
    "imageName": "Market Basket.jpg",
    "defaultImage": "Market Basket.jpg",
    "updatedTimestamp": "Jan 23, 2021 8:02:30 PM",
    "createdTimestamp": "Jan 23, 2021 8:02:30 PM",
    "isNewlyAdded": false,
    "isActive": true,
    "isDealsEnabled": false,
    "quantity": 0
  },
  {
    "id": 6407,
    "code": "Spindrift Sparkling Water Cranberry Raspberry",
    "desc": "Spindrift Sparkling Water Cranberry Raspberry",
    "shortDesc": "Spindrift Sparkling Water Cranberry Raspberry",
    "tags": [
      "Sparkling Water"
    ],
    "categories": [
      {
        "code": "Beverages & Juices",
        "desc": "Beverages & Juices"
      }
    ],
    "subCategories": [
      {
        "code": "Water",
        "desc": "Water"
      }
    ],
    "brands": [
      {
        "code": "Spindrift",
        "desc": "Spindrift"
      }
    ],
    "price": {
      "basePrice": 6.24,
      "discountPrice": 6.24
    },
    "type": {
      "code": "Sparkling Water",
      "desc": "Sparkling Water"
    },
    "weight": "8 x 12 fl oz",
    "UpcCode": "",
    "tax": 0.0,
    "spiceLevel": "",
    "aiselNo": "11",
    "store": "Market Basket",
    "weightType": "8 x 12 fl oz",
    "imageName": "16215.jpg",
    "defaultImage": "16215.jpg",
    "updatedTimestamp": "Jan 23, 2021 8:02:30 PM",
    "createdTimestamp": "Jan 23, 2021 8:02:30 PM",
    "isNewlyAdded": false,
    "isActive": true,
    "isDealsEnabled": false,
    "quantity": 0
  },
  {
    "id": 5107,
    "code": "Pepperidge Farm Bordeaux Caramelized Crisp Cookies",
    "desc": "Pepperidge Farm Bordeaux Caramelized Crisp Cookies",
    "shortDesc": "Pepperidge Farm Bordeaux Caramelized Crisp Cookies",
    "tags": [
      "Cookies & Cakes"
    ],
    "categories": [
      {
        "code": "Chips, Cookies & Snacks",
        "desc": "Chips, Cookies & Snacks"
      }
    ],
    "subCategories": [
      {
        "code": "Cookies & Crackers",
        "desc": "Cookies & Crackers"
      }
    ],
    "brands": [
      {
        "code": "Pepperidge Farm",
        "desc": "Pepperidge Farm"
      }
    ],
    "price": {
      "basePrice": 4.69,
      "discountPrice": 4.69
    },
    "type": {
      "code": "Cookies & Cakes",
      "desc": "Cookies & Cakes"
    },
    "weight": "6.75 oz",
    "UpcCode": "",
    "tax": 0.0,
    "spiceLevel": "",
    "aiselNo": "6",
    "store": "Market Basket",
    "weightType": "6.75 oz",
    "imageName": "15045.jpg",
    "defaultImage": "15045.jpg",
    "updatedTimestamp": "Jan 23, 2021 8:02:30 PM",
    "createdTimestamp": "Jan 23, 2021 8:02:30 PM",
    "isNewlyAdded": false,
    "isActive": true,
    "isDealsEnabled": false,
    "quantity": 0
  },
  {
    "id": 542,
    "code": "all stainlifters original 60 packs Laundry Detergent",
    "desc": "all stainlifters original 60 packs Laundry Detergent",
    "shortDesc": "all stainlifters original 60 packs Laundry Detergent",
    "tags": [
      "Laundry Detergent"
    ],
    "categories": [
      {
        "code": "Laundry & Paper Goods",
        "desc": "Laundry & Paper Goods"
      }
    ],
    "subCategories": [
      {
        "code": "Laundry",
        "desc": "Laundry"
      }
    ],
    "brands": [
      {
        "code": "all",
        "desc": "all"
      }
    ],
    "price": {
      "basePrice": 13.11,
      "discountPrice": 13.11
    },
    "type": {
      "code": "Laundry Detergent",
      "desc": "Laundry Detergent"
    },
    "weight": "39.7 oz",
    "UpcCode": "",
    "tax": 1.0,
    "spiceLevel": "",
    "aiselNo": "15",
    "store": "Market Basket",
    "weightType": "39.7 oz",
    "imageName": "No Image.jpg",
    "defaultImage": "No Image.jpg",
    "updatedTimestamp": "Jan 23, 2021 8:02:30 PM",
    "createdTimestamp": "Jan 23, 2021 8:02:30 PM",
    "isNewlyAdded": false,
    "isActive": true,
    "isDealsEnabled": false,
    "quantity": 0
  },
  {
    "id": 8703,
    "code": "Trappey's Hot Jalapeno Peppers",
    "desc": "Trappey's Hot Jalapeno Peppers",
    "shortDesc": "Trappey's Hot Jalapeno Peppers",
    "tags": [
      "Pickled Goods & Olives"
    ],
    "categories": [
      {
        "code": "Condiments & Dressings",
        "desc": "Condiments & Dressings"
      }
    ],
    "subCategories": [
      {
        "code": "Pickled Goods & Olives",
        "desc": "Pickled Goods & Olives"
      }
    ],
    "brands": [
      {
        "code": "Trappey's",
        "desc": "Trappey's"
      }
    ],
    "price": {
      "basePrice": 2.99,
      "discountPrice": 2.99
    },
    "type": {
      "code": "Pickled Goods & Olives",
      "desc": "Pickled Goods & Olives"
    },
    "weight": "12 oz",
    "UpcCode": "",
    "tax": 0.0,
    "spiceLevel": "",
    "aiselNo": "2",
    "store": "Market Basket",
    "weightType": "12 oz",
    "imageName": "15536.jpg",
    "defaultImage": "15536.jpg",
    "updatedTimestamp": "Jan 23, 2021 8:02:30 PM",
    "createdTimestamp": "Jan 23, 2021 8:02:30 PM",
    "isNewlyAdded": false,
    "isActive": true,
    "isDealsEnabled": false,
    "quantity": 0
  },
  {
    "id": 13855,
    "code": "Swiss Miss Classic Butterscotch Pudding",
    "desc": "Swiss Miss Classic Butterscotch Pudding",
    "shortDesc": "Swiss Miss Classic Butterscotch Pudding",
    "tags": [
      "Refrigerated Pudding & Desserts"
    ],
    "categories": [
      {
        "code": "Breakfast & Dairy",
        "desc": "Breakfast & Dairy"
      }
    ],
    "subCategories": [
      {
        "code": "Dairy & Eggs",
        "desc": "Dairy & Eggs"
      }
    ],
    "brands": [
      {
        "code": "Swiss Miss",
        "desc": "Swiss Miss"
      }
    ],
    "price": {
      "basePrice": 2.49,
      "discountPrice": 2.49
    },
    "type": {
      "code": "Refrigerated Pudding & Desserts",
      "desc": "Refrigerated Pudding & Desserts"
    },
    "weight": "24 oz",
    "UpcCode": "",
    "tax": 0.0,
    "spiceLevel": "",
    "aiselNo": "19",
    "store": "Market Basket",
    "weightType": "24 oz",
    "imageName": "829.jpg",
    "defaultImage": "829.jpg",
    "updatedTimestamp": "Jan 23, 2021 8:02:30 PM",
    "createdTimestamp": "Jan 23, 2021 8:02:30 PM",
    "isNewlyAdded": false,
    "isActive": true,
    "isDealsEnabled": false,
    "quantity": 0
  },
  {
    "id": 8574,
    "code": "Smart Balance Cholesterol Free Vegetable Oil Blend",
    "desc": "Smart Balance Cholesterol Free Vegetable Oil Blend",
    "shortDesc": "Smart Balance Cholesterol Free Vegetable Oil Blend",
    "tags": [
      "Oils & Vinegars"
    ],
    "categories": [
      {
        "code": "Cooking Needs",
        "desc": "Cooking Needs"
      }
    ],
    "subCategories": [
      {
        "code": "Oils & Vinegars",
        "desc": "Oils & Vinegars"
      }
    ],
    "brands": [
      {
        "code": "Smart Balance",
        "desc": "Smart Balance"
      }
    ],
    "price": {
      "basePrice": 5.19,
      "discountPrice": 5.19
    },
    "type": {
      "code": "Oils & Vinegars",
      "desc": "Oils & Vinegars"
    },
    "weight": "48 fl oz",
    "UpcCode": "",
    "tax": 0.0,
    "spiceLevel": "",
    "aiselNo": "2",
    "store": "Market Basket",
    "weightType": "48 fl oz",
    "imageName": "15479.jpg",
    "defaultImage": "15479.jpg",
    "updatedTimestamp": "Jan 23, 2021 8:02:30 PM",
    "createdTimestamp": "Jan 23, 2021 8:02:30 PM",
    "isNewlyAdded": false,
    "isActive": true,
    "isDealsEnabled": false,
    "quantity": 0
  },
  {
    "id": 9795,
    "code": "Cascadian Farm Premium Organic Strawberries",
    "desc": "Cascadian Farm Premium Organic Strawberries",
    "shortDesc": "Cascadian Farm Premium Organic Strawberries",
    "tags": [
      "Frozen Produce"
    ],
    "categories": [
      {
        "code": "Frozen Food",
        "desc": "Frozen Food"
      }
    ],
    "subCategories": [
      {
        "code": "Frozen Produce",
        "desc": "Frozen Produce"
      }
    ],
    "brands": [
      {
        "code": "Cascadian Farm",
        "desc": "Cascadian Farm"
      }
    ],
    "price": {
      "basePrice": 4.89,
      "discountPrice": 4.89
    },
    "type": {
      "code": "Frozen Produce",
      "desc": "Frozen Produce"
    },
    "weight": "10 oz",
    "UpcCode": "",
    "tax": 0.0,
    "spiceLevel": "",
    "aiselNo": "19",
    "store": "Market Basket",
    "weightType": "10 oz",
    "imageName": "2482.jpg",
    "defaultImage": "2482.jpg",
    "updatedTimestamp": "Jan 23, 2021 8:02:30 PM",
    "createdTimestamp": "Jan 23, 2021 8:02:30 PM",
    "isNewlyAdded": false,
    "isActive": true,
    "isDealsEnabled": false,
    "quantity": 0
  },
  {
    "id": 10038,
    "code": "Friendly's Premium Ice Cream Chocolate Almond Chip",
    "desc": "Friendly's Premium Ice Cream Chocolate Almond Chip",
    "shortDesc": "Friendly's Premium Ice Cream Chocolate Almond Chip",
    "tags": [
      "Ice Cream & Ice"
    ],
    "categories": [
      {
        "code": "Frozen Food",
        "desc": "Frozen Food"
      }
    ],
    "subCategories": [
      {
        "code": "Ice Cream & Ice",
        "desc": "Ice Cream & Ice"
      }
    ],
    "brands": [
      {
        "code": "Friendly's",
        "desc": "Friendly's"
      }
    ],
    "price": {
      "basePrice": 3.69,
      "discountPrice": 3.69
    },
    "type": {
      "code": "Ice Cream & Ice",
      "desc": "Ice Cream & Ice"
    },
    "weight": "1.5 quart",
    "UpcCode": "",
    "tax": 0.0,
    "spiceLevel": "",
    "aiselNo": "21",
    "store": "Market Basket",
    "weightType": "1.5 quart",
    "imageName": "3042.jpg",
    "defaultImage": "3042.jpg",
    "updatedTimestamp": "Jan 23, 2021 8:02:30 PM",
    "createdTimestamp": "Jan 23, 2021 8:02:30 PM",
    "isNewlyAdded": false,
    "isActive": true,
    "isDealsEnabled": false,
    "quantity": 0
  },
  {
    "id": 6180,
    "code": "Pepsi Diet Wild Cherry Box of Cans",
    "desc": "Pepsi Diet Wild Cherry Box of Cans",
    "shortDesc": "Pepsi Diet Wild Cherry Box of Cans",
    "tags": [
      "Soft Drinks"
    ],
    "categories": [
      {
        "code": "Beverages & Juices",
        "desc": "Beverages & Juices"
      }
    ],
    "subCategories": [
      {
        "code": "Soft Drinks & Seltzers",
        "desc": "Soft Drinks & Seltzers"
      }
    ],
    "brands": [
      {
        "code": "Pepsi",
        "desc": "Pepsi"
      }
    ],
    "price": {
      "basePrice": 4.38,
      "discountPrice": 4.38
    },
    "type": {
      "code": "Soft Drinks",
      "desc": "Soft Drinks"
    },
    "weight": "12 x 12 fl oz",
    "UpcCode": "",
    "tax": 0.0,
    "spiceLevel": "",
    "aiselNo": "17",
    "store": "Market Basket",
    "weightType": "12 x 12 fl oz",
    "imageName": "3928.jpg",
    "defaultImage": "3928.jpg",
    "updatedTimestamp": "Jan 23, 2021 8:02:30 PM",
    "createdTimestamp": "Jan 23, 2021 8:02:30 PM",
    "isNewlyAdded": false,
    "isActive": true,
    "isDealsEnabled": false,
    "quantity": 0
  },
  {
    "id": 464,
    "code": "Sun Triple Clean plus OXI original fresh 117 medium loads laundry detergent",
    "desc": "Sun Triple Clean plus OXI original fresh 117 medium loads laundry detergent",
    "shortDesc": "Sun Triple Clean plus OXI original fresh 117 medium loads laundry detergent",
    "tags": [
      "Laundry Detergent"
    ],
    "categories": [
      {
        "code": "Laundry & Paper Goods",
        "desc": "Laundry & Paper Goods"
      }
    ],
    "subCategories": [
      {
        "code": "Laundry",
        "desc": "Laundry"
      }
    ],
    "brands": [
      {
        "code": "Sun",
        "desc": "Sun"
      }
    ],
    "price": {
      "basePrice": 7.49,
      "discountPrice": 7.49
    },
    "type": {
      "code": "Laundry Detergent",
      "desc": "Laundry Detergent"
    },
    "weight": "188 fl oz",
    "UpcCode": "",
    "tax": 1.0,
    "spiceLevel": "",
    "aiselNo": "15",
    "store": "Market Basket",
    "weightType": "188 fl oz",
    "imageName": "No Image.jpg",
    "defaultImage": "No Image.jpg",
    "updatedTimestamp": "Jan 23, 2021 8:02:30 PM",
    "createdTimestamp": "Jan 23, 2021 8:02:30 PM",
    "isNewlyAdded": false,
    "isActive": true,
    "isDealsEnabled": false,
    "quantity": 0
  },
  {
    "id": 6859,
    "code": "Hershey's Cocoa Special Dark",
    "desc": "Hershey's Cocoa Special Dark",
    "shortDesc": "Hershey's Cocoa Special Dark",
    "tags": [
      "Baking Ingredients"
    ],
    "categories": [
      {
        "code": "Cooking Needs",
        "desc": "Cooking Needs"
      }
    ],
    "subCategories": [
      {
        "code": "Baking & Cooking",
        "desc": "Baking & Cooking"
      }
    ],
    "brands": [
      {
        "code": "Hershey's",
        "desc": "Hershey's"
      }
    ],
    "price": {
      "basePrice": 4.09,
      "discountPrice": 4.09
    },
    "type": {
      "code": "Baking Ingredients",
      "desc": "Baking Ingredients"
    },
    "weight": "8 oz",
    "UpcCode": "",
    "tax": 0.0,
    "spiceLevel": "",
    "aiselNo": "8",
    "store": "Market Basket",
    "weightType": "8 oz",
    "imageName": "2373.jpg",
    "defaultImage": "2373.jpg",
    "updatedTimestamp": "Jan 23, 2021 8:02:30 PM",
    "createdTimestamp": "Jan 23, 2021 8:02:30 PM",
    "isNewlyAdded": false,
    "isActive": true,
    "isDealsEnabled": false,
    "quantity": 0
  },
  {
    "id": 14934,
    "code": "Vicks Vaporub VapoRub Ointment",
    "desc": "Vicks Vaporub VapoRub Ointment",
    "shortDesc": "Vicks Vaporub VapoRub Ointment",
    "tags": [
      "Cold, Flu & Allergy"
    ],
    "categories": [
      {
        "code": "Personal Care",
        "desc": "Personal Care"
      }
    ],
    "subCategories": [
      {
        "code": "First Aid & Healthcare",
        "desc": "First Aid & Healthcare"
      }
    ],
    "brands": [
      {
        "code": "Vicks",
        "desc": "Vicks"
      }
    ],
    "price": {
      "basePrice": 7.35,
      "discountPrice": 7.35
    },
    "type": {
      "code": "Cold, Flu & Allergy",
      "desc": "Cold, Flu & Allergy"
    },
    "weight": "1.76 oz",
    "UpcCode": "",
    "tax": 1.0,
    "spiceLevel": "",
    "aiselNo": "13",
    "store": "Market Basket",
    "weightType": "1.76 oz",
    "imageName": "18177.jpg",
    "defaultImage": "18177.jpg",
    "updatedTimestamp": "Jan 23, 2021 8:02:30 PM",
    "createdTimestamp": "Jan 23, 2021 8:02:30 PM",
    "isNewlyAdded": false,
    "isActive": true,
    "isDealsEnabled": false,
    "quantity": 0
  },
  {
    "id": 14367,
    "code": "Folgers Coffee",
    "desc": "Folgers Coffee",
    "shortDesc": "Folgers Coffee",
    "tags": [
      "Coffee"
    ],
    "categories": [
      {
        "code": "Breakfast & Dairy",
        "desc": "Breakfast & Dairy"
      }
    ],
    "subCategories": [
      {
        "code": "Tea & Coffee",
        "desc": "Tea & Coffee"
      }
    ],
    "brands": [
      {
        "code": "Folgers ",
        "desc": "Folgers "
      }
    ],
    "price": {
      "basePrice": 6.09,
      "discountPrice": 6.09
    },
    "type": {
      "code": "Coffee",
      "desc": "Coffee"
    },
    "weight": "10.3 oz",
    "UpcCode": "",
    "tax": 0.0,
    "spiceLevel": "",
    "aiselNo": "8",
    "store": "Market Basket",
    "weightType": "10.3 oz",
    "imageName": "3337.jpg",
    "defaultImage": "3337.jpg",
    "updatedTimestamp": "Jan 23, 2021 8:02:30 PM",
    "createdTimestamp": "Jan 23, 2021 8:02:30 PM",
    "isNewlyAdded": false,
    "isActive": true,
    "isDealsEnabled": false,
    "quantity": 0
  },
  {
    "id": 4649,
    "code": "Chicken of the Sea Chunk White in Water To Go Tuna Cups",
    "desc": "Chicken of the Sea Chunk White in Water To Go Tuna Cups",
    "shortDesc": "Chicken of the Sea Chunk White in Water To Go Tuna Cups",
    "tags": [
      "Canned Tuna"
    ],
    "categories": [
      {
        "code": "Meat & Seafood",
        "desc": "Meat & Seafood"
      }
    ],
    "subCategories": [
      {
        "code": "Canned Meat & Seafood",
        "desc": "Canned Meat & Seafood"
      }
    ],
    "brands": [
      {
        "code": "Chicken of the Sea",
        "desc": "Chicken of the Sea"
      }
    ],
    "price": {
      "basePrice": 3.69,
      "discountPrice": 3.69
    },
    "type": {
      "code": "Canned Tuna",
      "desc": "Canned Tuna"
    },
    "weight": "2 x 2.8 oz",
    "UpcCode": "",
    "tax": 0.0,
    "spiceLevel": "",
    "aiselNo": "2",
    "store": "Market Basket",
    "weightType": "2 x 2.8 oz",
    "imageName": "5214.jpg",
    "defaultImage": "5214.jpg",
    "updatedTimestamp": "Jan 23, 2021 8:02:30 PM",
    "createdTimestamp": "Jan 23, 2021 8:02:30 PM",
    "isNewlyAdded": false,
    "isActive": true,
    "isDealsEnabled": false,
    "quantity": 0
  },
  {
    "id": 6485,
    "code": "Teddie Premium Selection Extra Large Virginia Peanuts",
    "desc": "Teddie Premium Selection Extra Large Virginia Peanuts",
    "shortDesc": "Teddie Premium Selection Extra Large Virginia Peanuts",
    "tags": [
      "Nuts, Seeds & Dried Fruit"
    ],
    "categories": [
      {
        "code": "Chips, Cookies & Snacks",
        "desc": "Chips, Cookies & Snacks"
      }
    ],
    "subCategories": [
      {
        "code": "Nuts, Seeds & Dried Fruit",
        "desc": "Nuts, Seeds & Dried Fruit"
      }
    ],
    "brands": [
      {
        "code": "Teddie Premium Selection",
        "desc": "Teddie Premium Selection"
      }
    ],
    "price": {
      "basePrice": 3.13,
      "discountPrice": 3.13
    },
    "type": {
      "code": "Nuts, Seeds & Dried Fruit",
      "desc": "Nuts, Seeds & Dried Fruit"
    },
    "weight": "9 oz",
    "UpcCode": "",
    "tax": 0.0,
    "spiceLevel": "",
    "aiselNo": "6",
    "store": "Market Basket",
    "weightType": "9 oz",
    "imageName": "No Image.jpg",
    "defaultImage": "No Image.jpg",
    "updatedTimestamp": "Jan 23, 2021 8:02:30 PM",
    "createdTimestamp": "Jan 23, 2021 8:02:30 PM",
    "isNewlyAdded": false,
    "isActive": true,
    "isDealsEnabled": false,
    "quantity": 0
  },
  {
    "id": 8412,
    "code": "Heinz HomeStyle Pork Gravy",
    "desc": "Heinz HomeStyle Pork Gravy",
    "shortDesc": "Heinz HomeStyle Pork Gravy",
    "tags": [
      "Marinades & Meat Preparation"
    ],
    "categories": [
      {
        "code": "Condiments & Dressings",
        "desc": "Condiments & Dressings"
      }
    ],
    "subCategories": [
      {
        "code": "Marinades, Ketchup & Sauces",
        "desc": "Marinades, Ketchup & Sauces"
      }
    ],
    "brands": [
      {
        "code": "Heinz",
        "desc": "Heinz"
      }
    ],
    "price": {
      "basePrice": 2.09,
      "discountPrice": 2.09
    },
    "type": {
      "code": "Marinades & Meat Preparation",
      "desc": "Marinades & Meat Preparation"
    },
    "weight": "12 oz",
    "UpcCode": "",
    "tax": 0.0,
    "spiceLevel": "",
    "aiselNo": "9",
    "store": "Market Basket",
    "weightType": "12 oz",
    "imageName": "1960.jpg",
    "defaultImage": "1960.jpg",
    "updatedTimestamp": "Jan 23, 2021 8:02:30 PM",
    "createdTimestamp": "Jan 23, 2021 8:02:30 PM",
    "isNewlyAdded": false,
    "isActive": true,
    "isDealsEnabled": false,
    "quantity": 0
  },
  {
    "id": 8759,
    "code": "Mrs. Renfro's Gourmet Salsas Ghost Pepper Salsa Caution: Scary Hot",
    "desc": "Mrs. Renfro's Gourmet Salsas Ghost Pepper Salsa Caution: Scary Hot",
    "shortDesc": "Mrs. Renfro's Gourmet Salsas Ghost Pepper Salsa Caution: Scary Hot",
    "tags": [
      "Preserved Dips & Salsa"
    ],
    "categories": [
      {
        "code": "Condiments & Dressings",
        "desc": "Condiments & Dressings"
      }
    ],
    "subCategories": [
      {
        "code": "Preserved Dips & Spreads",
        "desc": "Preserved Dips & Spreads"
      }
    ],
    "brands": [
      {
        "code": "Mrs. Renfro's",
        "desc": "Mrs. Renfro's"
      }
    ],
    "price": {
      "basePrice": 3.69,
      "discountPrice": 3.69
    },
    "type": {
      "code": "Preserved Dips & Salsa",
      "desc": "Preserved Dips & Salsa"
    },
    "weight": "16 oz",
    "UpcCode": "",
    "tax": 0.0,
    "spiceLevel": "",
    "aiselNo": "1",
    "store": "Market Basket",
    "weightType": "16 oz",
    "imageName": "2000.jpg",
    "defaultImage": "2000.jpg",
    "updatedTimestamp": "Jan 23, 2021 8:02:30 PM",
    "createdTimestamp": "Jan 23, 2021 8:02:30 PM",
    "isNewlyAdded": false,
    "isActive": true,
    "isDealsEnabled": false,
    "quantity": 0
  },
  {
    "id": 7911,
    "code": "Bar Harbor Chowder, Condensed, Fish, New England Style",
    "desc": "Bar Harbor Chowder, Condensed, Fish, New England Style",
    "shortDesc": "Bar Harbor Chowder, Condensed, Fish, New England Style",
    "tags": [
      "Soup, Broth & Bouillon"
    ],
    "categories": [
      {
        "code": "Cooking Needs",
        "desc": "Cooking Needs"
      }
    ],
    "subCategories": [
      {
        "code": "Canned Food",
        "desc": "Canned Food"
      }
    ],
    "brands": [
      {
        "code": "Bar Harbor",
        "desc": "Bar Harbor"
      }
    ],
    "price": {
      "basePrice": 3.09,
      "discountPrice": 3.09
    },
    "type": {
      "code": "Soup, Broth & Bouillon",
      "desc": "Soup, Broth & Bouillon"
    },
    "weight": "15 oz",
    "UpcCode": "",
    "tax": 0.0,
    "spiceLevel": "",
    "aiselNo": "2",
    "store": "Market Basket",
    "weightType": "15 oz",
    "imageName": "17270.jpg",
    "defaultImage": "17270.jpg",
    "updatedTimestamp": "Jan 23, 2021 8:02:30 PM",
    "createdTimestamp": "Jan 23, 2021 8:02:30 PM",
    "isNewlyAdded": false,
    "isActive": true,
    "isDealsEnabled": false,
    "quantity": 0
  },
  {
    "id": 3983,
    "code": "Rutabaga",
    "desc": "Rutabaga",
    "shortDesc": "Rutabaga",
    "tags": [
      "Speciality Produce"
    ],
    "categories": [
      {
        "code": "Fresh Produce",
        "desc": "Fresh Produce"
      }
    ],
    "subCategories": [
      {
        "code": "Fresh Vegetables",
        "desc": "Fresh Vegetables"
      }
    ],
    "brands": [
      {
        "code": "Market Basket",
        "desc": "Market Basket"
      }
    ],
    "price": {
      "basePrice": 2.28,
      "discountPrice": 2.28
    },
    "type": {
      "code": "Speciality Produce",
      "desc": "Speciality Produce"
    },
    "weight": "1 count",
    "UpcCode": "",
    "tax": 0.0,
    "spiceLevel": "",
    "aiselNo": "20",
    "store": "Market Basket",
    "weightType": "1 count",
    "imageName": "14365.jpg",
    "defaultImage": "14365.jpg",
    "updatedTimestamp": "Jan 23, 2021 8:02:30 PM",
    "createdTimestamp": "Jan 23, 2021 8:02:30 PM",
    "isNewlyAdded": false,
    "isActive": true,
    "isDealsEnabled": false,
    "quantity": 0
  },
  {
    "id": 4301,
    "code": "Market Basket Fish Heads",
    "desc": "Market Basket Fish Heads",
    "shortDesc": "Market Basket Fish Heads",
    "tags": [
      "Other Seafood"
    ],
    "categories": [
      {
        "code": "Meat & Seafood",
        "desc": "Meat & Seafood"
      }
    ],
    "subCategories": [
      {
        "code": "Meat & Seafood Counter",
        "desc": "Meat & Seafood Counter"
      }
    ],
    "brands": [
      {
        "code": "Market Basket",
        "desc": "Market Basket"
      }
    ],
    "price": {
      "basePrice": 3.34,
      "discountPrice": 3.34
    },
    "type": {
      "code": "Other Seafood",
      "desc": "Other Seafood"
    },
    "weight": "Approx: 1.34 lb at $2.49/lb",
    "UpcCode": "",
    "tax": 0.0,
    "spiceLevel": "",
    "aiselNo": "22",
    "store": "Market Basket",
    "weightType": "Approx: 1.34 lb at $2.49/lb",
    "imageName": "Market Basket.jpg",
    "defaultImage": "Market Basket.jpg",
    "updatedTimestamp": "Jan 23, 2021 8:02:30 PM",
    "createdTimestamp": "Jan 23, 2021 8:02:30 PM",
    "isNewlyAdded": false,
    "isActive": true,
    "isDealsEnabled": false,
    "quantity": 0
  },
  {
    "id": 13600,
    "code": "Market Basket Whipped Cream Cheese",
    "desc": "Market Basket Whipped Cream Cheese",
    "shortDesc": "Market Basket Whipped Cream Cheese",
    "tags": [
      "Other Creams & Cheeses"
    ],
    "categories": [
      {
        "code": "Breakfast & Dairy",
        "desc": "Breakfast & Dairy"
      }
    ],
    "subCategories": [
      {
        "code": "Dairy & Eggs",
        "desc": "Dairy & Eggs"
      }
    ],
    "brands": [
      {
        "code": "Market Basket",
        "desc": "Market Basket"
      }
    ],
    "price": {
      "basePrice": 2.09,
      "discountPrice": 2.09
    },
    "type": {
      "code": "Other Creams & Cheeses",
      "desc": "Other Creams & Cheeses"
    },
    "weight": "8 oz",
    "UpcCode": "",
    "tax": 0.0,
    "spiceLevel": "",
    "aiselNo": "1",
    "store": "Market Basket",
    "weightType": "8 oz",
    "imageName": "Market Basket.jpg",
    "defaultImage": "Market Basket.jpg",
    "updatedTimestamp": "Jan 23, 2021 8:02:30 PM",
    "createdTimestamp": "Jan 23, 2021 8:02:30 PM",
    "isNewlyAdded": false,
    "isActive": true,
    "isDealsEnabled": false,
    "quantity": 0
  },
  {
    "id": 10164,
    "code": "Market Basket Ice Cream Sandwiches, 12 Ct",
    "desc": "Market Basket Ice Cream Sandwiches, 12 Ct",
    "shortDesc": "Market Basket Ice Cream Sandwiches, 12 Ct",
    "tags": [
      "Ice Cream & Ice"
    ],
    "categories": [
      {
        "code": "Frozen Food",
        "desc": "Frozen Food"
      }
    ],
    "subCategories": [
      {
        "code": "Ice Cream & Ice",
        "desc": "Ice Cream & Ice"
      }
    ],
    "brands": [
      {
        "code": "Market Basket",
        "desc": "Market Basket"
      }
    ],
    "price": {
      "basePrice": 3.59,
      "discountPrice": 3.59
    },
    "type": {
      "code": "Ice Cream & Ice",
      "desc": "Ice Cream & Ice"
    },
    "weight": "38.4 oz",
    "UpcCode": "",
    "tax": 0.0,
    "spiceLevel": "",
    "aiselNo": "21",
    "store": "Market Basket",
    "weightType": "38.4 oz",
    "imageName": "Market Basket.jpg",
    "defaultImage": "Market Basket.jpg",
    "updatedTimestamp": "Jan 23, 2021 8:02:30 PM",
    "createdTimestamp": "Jan 23, 2021 8:02:30 PM",
    "isNewlyAdded": false,
    "isActive": true,
    "isDealsEnabled": false,
    "quantity": 0
  },
  {
    "id": 14372,
    "code": "Folgers Coffee, Classic Decaf, Ground, Tub",
    "desc": "Folgers Coffee, Classic Decaf, Ground, Tub",
    "shortDesc": "Folgers Coffee, Classic Decaf, Ground, Tub",
    "tags": [
      "Coffee"
    ],
    "categories": [
      {
        "code": "Breakfast & Dairy",
        "desc": "Breakfast & Dairy"
      }
    ],
    "subCategories": [
      {
        "code": "Tea & Coffee",
        "desc": "Tea & Coffee"
      }
    ],
    "brands": [
      {
        "code": "Folgers ",
        "desc": "Folgers "
      }
    ],
    "price": {
      "basePrice": 10.99,
      "discountPrice": 10.99
    },
    "type": {
      "code": "Coffee",
      "desc": "Coffee"
    },
    "weight": "22.6 oz",
    "UpcCode": "",
    "tax": 0.0,
    "spiceLevel": "",
    "aiselNo": "8",
    "store": "Market Basket",
    "weightType": "22.6 oz",
    "imageName": "3347.jpg",
    "defaultImage": "3347.jpg",
    "updatedTimestamp": "Jan 23, 2021 8:02:30 PM",
    "createdTimestamp": "Jan 23, 2021 8:02:30 PM",
    "isNewlyAdded": false,
    "isActive": true,
    "isDealsEnabled": false,
    "quantity": 0
  },
  {
    "id": 9183,
    "code": "Our Best Sandwhich Size Meatballs",
    "desc": "Our Best Sandwhich Size Meatballs",
    "shortDesc": "Our Best Sandwhich Size Meatballs",
    "tags": [
      "Frozen Appetizers & Sides"
    ],
    "categories": [
      {
        "code": "Frozen Food",
        "desc": "Frozen Food"
      }
    ],
    "subCategories": [
      {
        "code": "Frozen Dinners & Entrees",
        "desc": "Frozen Dinners & Entrees"
      }
    ],
    "brands": [
      {
        "code": "Our Best",
        "desc": "Our Best"
      }
    ],
    "price": {
      "basePrice": 6.69,
      "discountPrice": 6.69
    },
    "type": {
      "code": "Frozen Appetizers & Sides",
      "desc": "Frozen Appetizers & Sides"
    },
    "weight": "32 oz",
    "UpcCode": "",
    "tax": 0.0,
    "spiceLevel": "",
    "aiselNo": "18",
    "store": "Market Basket",
    "weightType": "32 oz",
    "imageName": "Market Basket.jpg",
    "defaultImage": "Market Basket.jpg",
    "updatedTimestamp": "Jan 23, 2021 8:02:30 PM",
    "createdTimestamp": "Jan 23, 2021 8:02:30 PM",
    "isNewlyAdded": false,
    "isActive": true,
    "isDealsEnabled": false,
    "quantity": 0
  },
  {
    "id": 9995,
    "code": "Brigham's Ice Cream Strawberry",
    "desc": "Brigham's Ice Cream Strawberry",
    "shortDesc": "Brigham's Ice Cream Strawberry",
    "tags": [
      "Ice Cream & Ice"
    ],
    "categories": [
      {
        "code": "Frozen Food",
        "desc": "Frozen Food"
      }
    ],
    "subCategories": [
      {
        "code": "Ice Cream & Ice",
        "desc": "Ice Cream & Ice"
      }
    ],
    "brands": [
      {
        "code": "Brigham's Ice Cream",
        "desc": "Brigham's Ice Cream"
      }
    ],
    "price": {
      "basePrice": 3.69,
      "discountPrice": 3.69
    },
    "type": {
      "code": "Ice Cream & Ice",
      "desc": "Ice Cream & Ice"
    },
    "weight": "1 quart",
    "UpcCode": "",
    "tax": 0.0,
    "spiceLevel": "",
    "aiselNo": "21",
    "store": "Market Basket",
    "weightType": "1 quart",
    "imageName": "16192.jpg",
    "defaultImage": "16192.jpg",
    "updatedTimestamp": "Jan 23, 2021 8:02:30 PM",
    "createdTimestamp": "Jan 23, 2021 8:02:30 PM",
    "isNewlyAdded": false,
    "isActive": true,
    "isDealsEnabled": false,
    "quantity": 0
  },
  {
    "id": 5854,
    "code": "Market Basket Jumbo Topping Cherries",
    "desc": "Market Basket Jumbo Topping Cherries",
    "shortDesc": "Market Basket Jumbo Topping Cherries",
    "tags": [
      "Ice Cream Toppings"
    ],
    "categories": [
      {
        "code": "Richardson's Farm Ice Cream",
        "desc": "Richardson's Farm Ice Cream"
      }
    ],
    "subCategories": [
      {
        "code": "Ice Cream Toppings",
        "desc": "Ice Cream Toppings"
      }
    ],
    "brands": [
      {
        "code": "Market Basket",
        "desc": "Market Basket"
      }
    ],
    "price": {
      "basePrice": 1.89,
      "discountPrice": 1.89
    },
    "type": {
      "code": "Ice Cream Toppings",
      "desc": "Ice Cream Toppings"
    },
    "weight": "12 oz",
    "UpcCode": "",
    "tax": 0.0,
    "spiceLevel": "",
    "aiselNo": "20",
    "store": "Market Basket",
    "weightType": "12 oz",
    "imageName": "Market Basket.jpg",
    "defaultImage": "Market Basket.jpg",
    "updatedTimestamp": "Jan 23, 2021 8:02:30 PM",
    "createdTimestamp": "Jan 23, 2021 8:02:30 PM",
    "isNewlyAdded": false,
    "isActive": true,
    "isDealsEnabled": false,
    "quantity": 0
  },
  {
    "id": 13400,
    "code": "Egg Beaters Original",
    "desc": "Egg Beaters Original",
    "shortDesc": "Egg Beaters Original",
    "tags": [
      "Eggs"
    ],
    "categories": [
      {
        "code": "Breakfast & Dairy",
        "desc": "Breakfast & Dairy"
      }
    ],
    "subCategories": [
      {
        "code": "Dairy & Eggs",
        "desc": "Dairy & Eggs"
      }
    ],
    "brands": [
      {
        "code": "Egg Beaters",
        "desc": "Egg Beaters"
      }
    ],
    "price": {
      "basePrice": 3.09,
      "discountPrice": 3.09
    },
    "type": {
      "code": "Eggs",
      "desc": "Eggs"
    },
    "weight": "16 oz",
    "UpcCode": "",
    "tax": 0.0,
    "spiceLevel": "",
    "aiselNo": "1",
    "store": "Market Basket",
    "weightType": "16 oz",
    "imageName": "602.jpg",
    "defaultImage": "602.jpg",
    "updatedTimestamp": "Jan 23, 2021 8:02:30 PM",
    "createdTimestamp": "Jan 23, 2021 8:02:30 PM",
    "isNewlyAdded": false,
    "isActive": true,
    "isDealsEnabled": false,
    "quantity": 0
  },
  {
    "id": 4308,
    "code": "Lean Boneless Pork Loin",
    "desc": "Lean Boneless Pork Loin",
    "shortDesc": "Lean Boneless Pork Loin",
    "tags": [
      "Pork"
    ],
    "categories": [
      {
        "code": "Meat & Seafood",
        "desc": "Meat & Seafood"
      }
    ],
    "subCategories": [
      {
        "code": "Meat & Seafood Counter",
        "desc": "Meat & Seafood Counter"
      }
    ],
    "brands": [
      {
        "code": "Market Basket",
        "desc": "Market Basket"
      }
    ],
    "price": {
      "basePrice": 4.09,
      "discountPrice": 4.09
    },
    "type": {
      "code": "Pork",
      "desc": "Pork"
    },
    "weight": "1 lb",
    "UpcCode": "",
    "tax": 0.0,
    "spiceLevel": "",
    "aiselNo": "22",
    "store": "Market Basket",
    "weightType": "1 lb",
    "imageName": "Market Basket.jpg",
    "defaultImage": "Market Basket.jpg",
    "updatedTimestamp": "Jan 23, 2021 8:02:30 PM",
    "createdTimestamp": "Jan 23, 2021 8:02:30 PM",
    "isNewlyAdded": false,
    "isActive": true,
    "isDealsEnabled": false,
    "quantity": 0
  },
  {
    "id": 7741,
    "code": "Goya Beans Red Kidney",
    "desc": "Goya Beans Red Kidney",
    "shortDesc": "Goya Beans Red Kidney",
    "tags": [
      "Canned Meals & Beans"
    ],
    "categories": [
      {
        "code": "Cooking Needs",
        "desc": "Cooking Needs"
      }
    ],
    "subCategories": [
      {
        "code": "Canned Food",
        "desc": "Canned Food"
      }
    ],
    "brands": [
      {
        "code": "Goya",
        "desc": "Goya"
      }
    ],
    "price": {
      "basePrice": 2.19,
      "discountPrice": 2.19
    },
    "type": {
      "code": "Canned Meals & Beans",
      "desc": "Canned Meals & Beans"
    },
    "weight": "29 oz",
    "UpcCode": "",
    "tax": 0.0,
    "spiceLevel": "",
    "aiselNo": "7",
    "store": "Market Basket",
    "weightType": "29 oz",
    "imageName": "5114.jpg",
    "defaultImage": "5114.jpg",
    "updatedTimestamp": "Jan 23, 2021 8:02:30 PM",
    "createdTimestamp": "Jan 23, 2021 8:02:30 PM",
    "isNewlyAdded": false,
    "isActive": true,
    "isDealsEnabled": false,
    "quantity": 0
  },
  {
    "id": 12994,
    "code": "Bran Flakes Whole Grain Wheat Cereal",
    "desc": "Bran Flakes Whole Grain Wheat Cereal",
    "shortDesc": "Bran Flakes Whole Grain Wheat Cereal",
    "tags": [
      "Cereal"
    ],
    "categories": [
      {
        "code": "Breakfast & Dairy",
        "desc": "Breakfast & Dairy"
      }
    ],
    "subCategories": [
      {
        "code": "Cereal",
        "desc": "Cereal"
      }
    ],
    "brands": [
      {
        "code": "Bran Flakes",
        "desc": "Bran Flakes"
      }
    ],
    "price": {
      "basePrice": 3.69,
      "discountPrice": 3.69
    },
    "type": {
      "code": "Cereal",
      "desc": "Cereal"
    },
    "weight": "16 oz",
    "UpcCode": "",
    "tax": 0.0,
    "spiceLevel": "",
    "aiselNo": "5",
    "store": "Market Basket",
    "weightType": "16 oz",
    "imageName": "17543.jpg",
    "defaultImage": "17543.jpg",
    "updatedTimestamp": "Jan 23, 2021 8:02:30 PM",
    "createdTimestamp": "Jan 23, 2021 8:02:30 PM",
    "isNewlyAdded": false,
    "isActive": true,
    "isDealsEnabled": false,
    "quantity": 0
  },
  {
    "id": 5108,
    "code": "Pepperidge Farm Brussels Dark Chocolate Cookies",
    "desc": "Pepperidge Farm Brussels Dark Chocolate Cookies",
    "shortDesc": "Pepperidge Farm Brussels Dark Chocolate Cookies",
    "tags": [
      "Cookies & Cakes"
    ],
    "categories": [
      {
        "code": "Chips, Cookies & Snacks",
        "desc": "Chips, Cookies & Snacks"
      }
    ],
    "subCategories": [
      {
        "code": "Cookies & Crackers",
        "desc": "Cookies & Crackers"
      }
    ],
    "brands": [
      {
        "code": "Pepperidge Farm",
        "desc": "Pepperidge Farm"
      }
    ],
    "price": {
      "basePrice": 4.69,
      "discountPrice": 4.69
    },
    "type": {
      "code": "Cookies & Cakes",
      "desc": "Cookies & Cakes"
    },
    "weight": "5.25 oz",
    "UpcCode": "",
    "tax": 0.0,
    "spiceLevel": "",
    "aiselNo": "6",
    "store": "Market Basket",
    "weightType": "5.25 oz",
    "imageName": "15041.jpg",
    "defaultImage": "15041.jpg",
    "updatedTimestamp": "Jan 23, 2021 8:02:30 PM",
    "createdTimestamp": "Jan 23, 2021 8:02:30 PM",
    "isNewlyAdded": false,
    "isActive": true,
    "isDealsEnabled": false,
    "quantity": 0
  },
  {
    "id": 14647,
    "code": "Twinings of London Loose Tea Earl Grey Tea",
    "desc": "Twinings of London Loose Tea Earl Grey Tea",
    "shortDesc": "Twinings of London Loose Tea Earl Grey Tea",
    "tags": [
      "Tea"
    ],
    "categories": [
      {
        "code": "Breakfast & Dairy",
        "desc": "Breakfast & Dairy"
      }
    ],
    "subCategories": [
      {
        "code": "Tea & Coffee",
        "desc": "Tea & Coffee"
      }
    ],
    "brands": [
      {
        "code": "Twinings",
        "desc": "Twinings"
      }
    ],
    "price": {
      "basePrice": 6.09,
      "discountPrice": 6.09
    },
    "type": {
      "code": "Tea",
      "desc": "Tea"
    },
    "weight": "3.53 oz",
    "UpcCode": "",
    "tax": 0.0,
    "spiceLevel": "",
    "aiselNo": "8",
    "store": "Market Basket",
    "weightType": "3.53 oz",
    "imageName": "3440.jpg",
    "defaultImage": "3440.jpg",
    "updatedTimestamp": "Jan 23, 2021 8:02:30 PM",
    "createdTimestamp": "Jan 23, 2021 8:02:30 PM",
    "isNewlyAdded": false,
    "isActive": true,
    "isDealsEnabled": false,
    "quantity": 0
  },
  {
    "id": 14613,
    "code": "AriZona Iced Tea, Sun Brewed, with Lemon",
    "desc": "AriZona Iced Tea, Sun Brewed, with Lemon",
    "shortDesc": "AriZona Iced Tea, Sun Brewed, with Lemon",
    "tags": [
      "Tea"
    ],
    "categories": [
      {
        "code": "Beverages & Juices",
        "desc": "Beverages & Juices"
      }
    ],
    "subCategories": [
      {
        "code": "Tea, Coffee, Milk & Coconut Water",
        "desc": "Tea, Coffee, Milk & Coconut Water"
      }
    ],
    "brands": [
      {
        "code": "Sun",
        "desc": "Sun"
      }
    ],
    "price": {
      "basePrice": 1.29,
      "discountPrice": 1.29
    },
    "type": {
      "code": "Tea",
      "desc": "Tea"
    },
    "weight": "23 fl oz",
    "UpcCode": "",
    "tax": 0.0,
    "spiceLevel": "",
    "aiselNo": "8",
    "store": "Market Basket",
    "weightType": "23 fl oz",
    "imageName": "3465.jpg",
    "defaultImage": "3465.jpg",
    "updatedTimestamp": "Jan 23, 2021 8:02:30 PM",
    "createdTimestamp": "Jan 23, 2021 8:02:30 PM",
    "isNewlyAdded": false,
    "isActive": true,
    "isDealsEnabled": false,
    "quantity": 0
  },
  {
    "id": 9143,
    "code": "Market Basket Diced Hash Browns",
    "desc": "Market Basket Diced Hash Browns",
    "shortDesc": "Market Basket Diced Hash Browns",
    "tags": [
      "Frozen Appetizers & Sides"
    ],
    "categories": [
      {
        "code": "Frozen Food",
        "desc": "Frozen Food"
      }
    ],
    "subCategories": [
      {
        "code": "Frozen Dinners & Entrees",
        "desc": "Frozen Dinners & Entrees"
      }
    ],
    "brands": [
      {
        "code": "Market Basket",
        "desc": "Market Basket"
      }
    ],
    "price": {
      "basePrice": 2.39,
      "discountPrice": 2.39
    },
    "type": {
      "code": "Frozen Appetizers & Sides",
      "desc": "Frozen Appetizers & Sides"
    },
    "weight": "30 oz",
    "UpcCode": "",
    "tax": 0.0,
    "spiceLevel": "",
    "aiselNo": "18",
    "store": "Market Basket",
    "weightType": "30 oz",
    "imageName": "Market Basket.jpg",
    "defaultImage": "Market Basket.jpg",
    "updatedTimestamp": "Jan 23, 2021 8:02:30 PM",
    "createdTimestamp": "Jan 23, 2021 8:02:30 PM",
    "isNewlyAdded": false,
    "isActive": true,
    "isDealsEnabled": false,
    "quantity": 0
  },
  {
    "id": 7519,
    "code": "Market Basket No Salt Added Whole Kernel Golden Sweetcorn",
    "desc": "Market Basket No Salt Added Whole Kernel Golden Sweetcorn",
    "shortDesc": "Market Basket No Salt Added Whole Kernel Golden Sweetcorn",
    "tags": [
      "Canned & Jarred Vegetables"
    ],
    "categories": [
      {
        "code": "Cooking Needs",
        "desc": "Cooking Needs"
      }
    ],
    "subCategories": [
      {
        "code": "Canned Food",
        "desc": "Canned Food"
      }
    ],
    "brands": [
      {
        "code": "Market Basket",
        "desc": "Market Basket"
      }
    ],
    "price": {
      "basePrice": 0.79,
      "discountPrice": 0.79
    },
    "type": {
      "code": "Canned & Jarred Vegetables",
      "desc": "Canned & Jarred Vegetables"
    },
    "weight": "15.25 oz",
    "UpcCode": "",
    "tax": 0.0,
    "spiceLevel": "",
    "aiselNo": "9",
    "store": "Market Basket",
    "weightType": "15.25 oz",
    "imageName": "Market Basket.jpg",
    "defaultImage": "Market Basket.jpg",
    "updatedTimestamp": "Jan 23, 2021 8:02:30 PM",
    "createdTimestamp": "Jan 23, 2021 8:02:30 PM",
    "isNewlyAdded": false,
    "isActive": true,
    "isDealsEnabled": false,
    "quantity": 0
  },
  {
    "id": 14654,
    "code": "Yogi Green Tea Super Antioxidant Bags, Box",
    "desc": "Yogi Green Tea Super Antioxidant Bags, Box",
    "shortDesc": "Yogi Green Tea Super Antioxidant Bags, Box",
    "tags": [
      "Tea"
    ],
    "categories": [
      {
        "code": "Breakfast & Dairy",
        "desc": "Breakfast & Dairy"
      }
    ],
    "subCategories": [
      {
        "code": "Tea & Coffee",
        "desc": "Tea & Coffee"
      }
    ],
    "brands": [
      {
        "code": "Yogi",
        "desc": "Yogi"
      }
    ],
    "price": {
      "basePrice": 4.89,
      "discountPrice": 4.89
    },
    "type": {
      "code": "Tea",
      "desc": "Tea"
    },
    "weight": "16 count",
    "UpcCode": "",
    "tax": 0.0,
    "spiceLevel": "",
    "aiselNo": "8",
    "store": "Market Basket",
    "weightType": "16 count",
    "imageName": "3510.jpg",
    "defaultImage": "3510.jpg",
    "updatedTimestamp": "Jan 23, 2021 8:02:30 PM",
    "createdTimestamp": "Jan 23, 2021 8:02:30 PM",
    "isNewlyAdded": false,
    "isActive": true,
    "isDealsEnabled": false,
    "quantity": 0
  },
  {
    "id": 316,
    "code": "Hefty Ez Foil 16 1/8 X 11 3/4 X 2 7/8\" Roaster Pan",
    "desc": "Hefty Ez Foil 16 1/8 X 11 3/4 X 2 7/8\" Roaster Pan",
    "shortDesc": "Hefty Ez Foil 16 1/8 X 11 3/4 X 2 7/8\" Roaster Pan",
    "tags": [
      "Roaster Pans"
    ],
    "categories": [
      {
        "code": "Kitchen & Cleaning",
        "desc": "Kitchen & Cleaning"
      }
    ],
    "subCategories": [
      {
        "code": "Food Storage & Kitchen Supplies",
        "desc": "Food Storage & Kitchen Supplies"
      }
    ],
    "brands": [
      {
        "code": "Hefty",
        "desc": "Hefty"
      }
    ],
    "price": {
      "basePrice": 3.09,
      "discountPrice": 3.09
    },
    "type": {
      "code": "Roaster Pans",
      "desc": "Roaster Pans"
    },
    "weight": "1 count",
    "UpcCode": "",
    "tax": 1.0,
    "spiceLevel": "",
    "aiselNo": "12",
    "store": "Market Basket",
    "weightType": "1 count",
    "imageName": "4467.jpg",
    "defaultImage": "4467.jpg",
    "updatedTimestamp": "Jan 23, 2021 8:02:30 PM",
    "createdTimestamp": "Jan 23, 2021 8:02:30 PM",
    "isNewlyAdded": false,
    "isActive": true,
    "isDealsEnabled": false,
    "quantity": 0
  },
  {
    "id": 14726,
    "code": "Garnier Fructis Bounce-Back Hold Hairspray Full Control",
    "desc": "Garnier Fructis Bounce-Back Hold Hairspray Full Control",
    "shortDesc": "Garnier Fructis Bounce-Back Hold Hairspray Full Control",
    "tags": [
      "Hair Care"
    ],
    "categories": [
      {
        "code": "Personal Care",
        "desc": "Personal Care"
      }
    ],
    "subCategories": [
      {
        "code": "Body Wash, Soap & Hair Care",
        "desc": "Body Wash, Soap & Hair Care"
      }
    ],
    "brands": [
      {
        "code": "Garnier",
        "desc": "Garnier"
      }
    ],
    "price": {
      "basePrice": 5.97,
      "discountPrice": 5.97
    },
    "type": {
      "code": "Hair Care",
      "desc": "Hair Care"
    },
    "weight": "8.5 oz",
    "UpcCode": "",
    "tax": 1.0,
    "spiceLevel": "",
    "aiselNo": "13",
    "store": "Market Basket",
    "weightType": "8.5 oz",
    "imageName": "6617.jpg",
    "defaultImage": "6617.jpg",
    "updatedTimestamp": "Jan 23, 2021 8:02:30 PM",
    "createdTimestamp": "Jan 23, 2021 8:02:30 PM",
    "isNewlyAdded": false,
    "isActive": true,
    "isDealsEnabled": false,
    "quantity": 0
  },
  {
    "id": 9875,
    "code": "Market Basket Petite Peas",
    "desc": "Market Basket Petite Peas",
    "shortDesc": "Market Basket Petite Peas",
    "tags": [
      "Frozen Produce"
    ],
    "categories": [
      {
        "code": "Frozen Food",
        "desc": "Frozen Food"
      }
    ],
    "subCategories": [
      {
        "code": "Frozen Produce",
        "desc": "Frozen Produce"
      }
    ],
    "brands": [
      {
        "code": "Market Basket",
        "desc": "Market Basket"
      }
    ],
    "price": {
      "basePrice": 1.69,
      "discountPrice": 1.69
    },
    "type": {
      "code": "Frozen Produce",
      "desc": "Frozen Produce"
    },
    "weight": "16 oz",
    "UpcCode": "",
    "tax": 0.0,
    "spiceLevel": "",
    "aiselNo": "19",
    "store": "Market Basket",
    "weightType": "16 oz",
    "imageName": "Market Basket.jpg",
    "defaultImage": "Market Basket.jpg",
    "updatedTimestamp": "Jan 23, 2021 8:02:30 PM",
    "createdTimestamp": "Jan 23, 2021 8:02:30 PM",
    "isNewlyAdded": false,
    "isActive": true,
    "isDealsEnabled": false,
    "quantity": 0
  },
  {
    "id": 14364,
    "code": "Eight O'Clock Coffee Eight O'Clock Whole Bean 100% Colombian Peaks Coffee",
    "desc": "Eight O'Clock Coffee Eight O'Clock Whole Bean 100% Colombian Peaks Coffee",
    "shortDesc": "Eight O'Clock Coffee Eight O'Clock Whole Bean 100% Colombian Peaks Coffee",
    "tags": [
      "Coffee"
    ],
    "categories": [
      {
        "code": "Breakfast & Dairy",
        "desc": "Breakfast & Dairy"
      }
    ],
    "subCategories": [
      {
        "code": "Tea & Coffee",
        "desc": "Tea & Coffee"
      }
    ],
    "brands": [
      {
        "code": "Eight O'Clock",
        "desc": "Eight O'Clock"
      }
    ],
    "price": {
      "basePrice": 9.79,
      "discountPrice": 9.79
    },
    "type": {
      "code": "Coffee",
      "desc": "Coffee"
    },
    "weight": "22 oz",
    "UpcCode": "",
    "tax": 0.0,
    "spiceLevel": "",
    "aiselNo": "8",
    "store": "Market Basket",
    "weightType": "22 oz",
    "imageName": "16274.jpg",
    "defaultImage": "16274.jpg",
    "updatedTimestamp": "Jan 23, 2021 8:02:30 PM",
    "createdTimestamp": "Jan 23, 2021 8:02:30 PM",
    "isNewlyAdded": false,
    "isActive": true,
    "isDealsEnabled": false,
    "quantity": 0
  },
  {
    "id": 3966,
    "code": "Purple top Turnip",
    "desc": "Purple top Turnip",
    "shortDesc": "Purple top Turnip",
    "tags": [
      "Root Vege/ Turnip"
    ],
    "categories": [
      {
        "code": "Fresh Produce",
        "desc": "Fresh Produce"
      }
    ],
    "subCategories": [
      {
        "code": "Fresh Vegetables",
        "desc": "Fresh Vegetables"
      }
    ],
    "brands": [
      {
        "code": "Market Basket",
        "desc": "Market Basket"
      }
    ],
    "price": {
      "basePrice": 1.09,
      "discountPrice": 1.09
    },
    "type": {
      "code": "Root Vege/ Turnip",
      "desc": "Root Vege/ Turnip"
    },
    "weight": "1 lb",
    "UpcCode": "",
    "tax": 0.0,
    "spiceLevel": "",
    "aiselNo": "20",
    "store": "Market Basket",
    "weightType": "1 lb",
    "imageName": "f273.jpg",
    "defaultImage": "f273.jpg",
    "updatedTimestamp": "Jan 23, 2021 8:02:30 PM",
    "createdTimestamp": "Jan 23, 2021 8:02:30 PM",
    "isNewlyAdded": false,
    "isActive": true,
    "isDealsEnabled": false,
    "quantity": 0
  },
  {
    "id": 5749,
    "code": "Larabar Cherry Pie",
    "desc": "Larabar Cherry Pie",
    "shortDesc": "Larabar Cherry Pie",
    "tags": [
      "Protien Bars"
    ],
    "categories": [
      {
        "code": "Breakfast & Dairy",
        "desc": "Breakfast & Dairy"
      }
    ],
    "subCategories": [
      {
        "code": "Bars & Pastries",
        "desc": "Bars & Pastries"
      }
    ],
    "brands": [
      {
        "code": "Larabar",
        "desc": "Larabar"
      }
    ],
    "price": {
      "basePrice": 1.25,
      "discountPrice": 1.25
    },
    "type": {
      "code": "Protien Bars",
      "desc": "Protien Bars"
    },
    "weight": "1.7 oz",
    "UpcCode": "",
    "tax": 0.0,
    "spiceLevel": "",
    "aiselNo": "3",
    "store": "Market Basket",
    "weightType": "1.7 oz",
    "imageName": "1313.jpg",
    "defaultImage": "1313.jpg",
    "updatedTimestamp": "Jan 23, 2021 8:02:30 PM",
    "createdTimestamp": "Jan 23, 2021 8:02:30 PM",
    "isNewlyAdded": false,
    "isActive": true,
    "isDealsEnabled": false,
    "quantity": 0
  },
  {
    "id": 306,
    "code": "Hefty Ez Foil 9.69\" Dia. X 1.33\" Pie Pans",
    "desc": "Hefty Ez Foil 9.69\" Dia. X 1.33\" Pie Pans",
    "shortDesc": "Hefty Ez Foil 9.69\" Dia. X 1.33\" Pie Pans",
    "tags": [
      "Pie Pans"
    ],
    "categories": [
      {
        "code": "Kitchen & Cleaning",
        "desc": "Kitchen & Cleaning"
      }
    ],
    "subCategories": [
      {
        "code": "Food Storage & Kitchen Supplies",
        "desc": "Food Storage & Kitchen Supplies"
      }
    ],
    "brands": [
      {
        "code": "Hefty",
        "desc": "Hefty"
      }
    ],
    "price": {
      "basePrice": 2.49,
      "discountPrice": 2.49
    },
    "type": {
      "code": "Pie Pans",
      "desc": "Pie Pans"
    },
    "weight": "2 count",
    "UpcCode": "",
    "tax": 1.0,
    "spiceLevel": "",
    "aiselNo": "12",
    "store": "Market Basket",
    "weightType": "2 count",
    "imageName": "4469.jpg",
    "defaultImage": "4469.jpg",
    "updatedTimestamp": "Jan 23, 2021 8:02:30 PM",
    "createdTimestamp": "Jan 23, 2021 8:02:30 PM",
    "isNewlyAdded": false,
    "isActive": true,
    "isDealsEnabled": false,
    "quantity": 0
  },
  {
    "id": 15031,
    "code": "Dry Idea Advanced Dry Clear Gel Unscented Antiperspirant & Deodorant",
    "desc": "Dry Idea Advanced Dry Clear Gel Unscented Antiperspirant & Deodorant",
    "shortDesc": "Dry Idea Advanced Dry Clear Gel Unscented Antiperspirant & Deodorant",
    "tags": [
      "Deodorants"
    ],
    "categories": [
      {
        "code": "Personal Care",
        "desc": "Personal Care"
      }
    ],
    "subCategories": [
      {
        "code": "Personal Needs",
        "desc": "Personal Needs"
      }
    ],
    "brands": [
      {
        "code": "Dry Idea",
        "desc": "Dry Idea"
      }
    ],
    "price": {
      "basePrice": 5.39,
      "discountPrice": 5.39
    },
    "type": {
      "code": "Deodorants",
      "desc": "Deodorants"
    },
    "weight": "3 fl oz",
    "UpcCode": "",
    "tax": 1.0,
    "spiceLevel": "",
    "aiselNo": "13",
    "store": "Market Basket",
    "weightType": "3 fl oz",
    "imageName": "17693.jpg",
    "defaultImage": "17693.jpg",
    "updatedTimestamp": "Jan 23, 2021 8:02:30 PM",
    "createdTimestamp": "Jan 23, 2021 8:02:30 PM",
    "isNewlyAdded": false,
    "isActive": true,
    "isDealsEnabled": false,
    "quantity": 0
  },
  {
    "id": 6337,
    "code": "Polar Original Seltzer",
    "desc": "Polar Original Seltzer",
    "shortDesc": "Polar Original Seltzer",
    "tags": [
      "Seltzer"
    ],
    "categories": [
      {
        "code": "Beverages & Juices",
        "desc": "Beverages & Juices"
      }
    ],
    "subCategories": [
      {
        "code": "Soft Drinks & Seltzers",
        "desc": "Soft Drinks & Seltzers"
      }
    ],
    "brands": [
      {
        "code": "Polar",
        "desc": "Polar"
      }
    ],
    "price": {
      "basePrice": 1.24,
      "discountPrice": 1.24
    },
    "type": {
      "code": "Seltzer",
      "desc": "Seltzer"
    },
    "weight": "2 L",
    "UpcCode": "",
    "tax": 0.0,
    "spiceLevel": "",
    "aiselNo": "11",
    "store": "Market Basket",
    "weightType": "2 L",
    "imageName": "No Image.jpg",
    "defaultImage": "No Image.jpg",
    "updatedTimestamp": "Jan 23, 2021 8:02:30 PM",
    "createdTimestamp": "Jan 23, 2021 8:02:30 PM",
    "isNewlyAdded": false,
    "isActive": true,
    "isDealsEnabled": false,
    "quantity": 0
  },
  {
    "id": 8753,
    "code": "Market Basket Medium Salsa",
    "desc": "Market Basket Medium Salsa",
    "shortDesc": "Market Basket Medium Salsa",
    "tags": [
      "Preserved Dips & Salsa"
    ],
    "categories": [
      {
        "code": "Condiments & Dressings",
        "desc": "Condiments & Dressings"
      }
    ],
    "subCategories": [
      {
        "code": "Preserved Dips & Spreads",
        "desc": "Preserved Dips & Spreads"
      }
    ],
    "brands": [
      {
        "code": "Market Basket",
        "desc": "Market Basket"
      }
    ],
    "price": {
      "basePrice": 1.89,
      "discountPrice": 1.89
    },
    "type": {
      "code": "Preserved Dips & Salsa",
      "desc": "Preserved Dips & Salsa"
    },
    "weight": "16 oz",
    "UpcCode": "",
    "tax": 0.0,
    "spiceLevel": "",
    "aiselNo": "1",
    "store": "Market Basket",
    "weightType": "16 oz",
    "imageName": "Market Basket.jpg",
    "defaultImage": "Market Basket.jpg",
    "updatedTimestamp": "Jan 23, 2021 8:02:30 PM",
    "createdTimestamp": "Jan 23, 2021 8:02:30 PM",
    "isNewlyAdded": false,
    "isActive": true,
    "isDealsEnabled": false,
    "quantity": 0
  },
  {
    "id": 4753,
    "code": "Weight Watchers Boneless Skinless Uncooked Chicken Tenders",
    "desc": "Weight Watchers Boneless Skinless Uncooked Chicken Tenders",
    "shortDesc": "Weight Watchers Boneless Skinless Uncooked Chicken Tenders",
    "tags": [
      "Chicken Products"
    ],
    "categories": [
      {
        "code": "Meat & Seafood",
        "desc": "Meat & Seafood"
      }
    ],
    "subCategories": [
      {
        "code": "Frozen Meat & Seafood",
        "desc": "Frozen Meat & Seafood"
      }
    ],
    "brands": [
      {
        "code": "Weight Watchers",
        "desc": "Weight Watchers"
      }
    ],
    "price": {
      "basePrice": 8.59,
      "discountPrice": 8.59
    },
    "type": {
      "code": "Chicken Products",
      "desc": "Chicken Products"
    },
    "weight": "30 oz",
    "UpcCode": "",
    "tax": 0.0,
    "spiceLevel": "",
    "aiselNo": "18",
    "store": "Market Basket",
    "weightType": "30 oz",
    "imageName": "No Image.jpg",
    "defaultImage": "No Image.jpg",
    "updatedTimestamp": "Jan 23, 2021 8:02:30 PM",
    "createdTimestamp": "Jan 23, 2021 8:02:30 PM",
    "isNewlyAdded": false,
    "isActive": true,
    "isDealsEnabled": false,
    "quantity": 0
  },
  {
    "id": 6441,
    "code": "Market Basket Orange Soda",
    "desc": "Market Basket Orange Soda",
    "shortDesc": "Market Basket Orange Soda",
    "tags": [
      "Soft Drinks"
    ],
    "categories": [
      {
        "code": "Beverages & Juices",
        "desc": "Beverages & Juices"
      }
    ],
    "subCategories": [
      {
        "code": "Soft Drinks & Seltzers",
        "desc": "Soft Drinks & Seltzers"
      }
    ],
    "brands": [
      {
        "code": "Market Basket",
        "desc": "Market Basket"
      }
    ],
    "price": {
      "basePrice": 2.24,
      "discountPrice": 2.24
    },
    "type": {
      "code": "Soft Drinks",
      "desc": "Soft Drinks"
    },
    "weight": "6 x 8 fl oz",
    "UpcCode": "",
    "tax": 0.0,
    "spiceLevel": "",
    "aiselNo": "17",
    "store": "Market Basket",
    "weightType": "6 x 8 fl oz",
    "imageName": "Market Basket.jpg",
    "defaultImage": "Market Basket.jpg",
    "updatedTimestamp": "Jan 23, 2021 8:02:30 PM",
    "createdTimestamp": "Jan 23, 2021 8:02:30 PM",
    "isNewlyAdded": false,
    "isActive": true,
    "isDealsEnabled": false,
    "quantity": 0
  },
  {
    "id": 7952,
    "code": "Campbell's Condensed Campbell's Condensed Disney Princess Soup",
    "desc": "Campbell's Condensed Campbell's Condensed Disney Princess Soup",
    "shortDesc": "Campbell's Condensed Campbell's Condensed Disney Princess Soup",
    "tags": [
      "Soup, Broth & Bouillon"
    ],
    "categories": [
      {
        "code": "Cooking Needs",
        "desc": "Cooking Needs"
      }
    ],
    "subCategories": [
      {
        "code": "Canned Food",
        "desc": "Canned Food"
      }
    ],
    "brands": [
      {
        "code": "Campbell's",
        "desc": "Campbell's"
      }
    ],
    "price": {
      "basePrice": 2.09,
      "discountPrice": 2.09
    },
    "type": {
      "code": "Soup, Broth & Bouillon",
      "desc": "Soup, Broth & Bouillon"
    },
    "weight": "10.5 oz",
    "UpcCode": "",
    "tax": 0.0,
    "spiceLevel": "",
    "aiselNo": "2",
    "store": "Market Basket",
    "weightType": "10.5 oz",
    "imageName": "5302.jpg",
    "defaultImage": "5302.jpg",
    "updatedTimestamp": "Jan 23, 2021 8:02:30 PM",
    "createdTimestamp": "Jan 23, 2021 8:02:30 PM",
    "isNewlyAdded": false,
    "isActive": true,
    "isDealsEnabled": false,
    "quantity": 0
  },
  {
    "id": 15257,
    "code": "Sensodyne Pronamel Toothpaste",
    "desc": "Sensodyne Pronamel Toothpaste",
    "shortDesc": "Sensodyne Pronamel Toothpaste",
    "tags": [
      "Oral Hygiene"
    ],
    "categories": [
      {
        "code": "Personal Care",
        "desc": "Personal Care"
      }
    ],
    "subCategories": [
      {
        "code": "Personal Needs",
        "desc": "Personal Needs"
      }
    ],
    "brands": [
      {
        "code": "Sensodyne",
        "desc": "Sensodyne"
      }
    ],
    "price": {
      "basePrice": 8.5,
      "discountPrice": 8.5
    },
    "type": {
      "code": "Oral Hygiene",
      "desc": "Oral Hygiene"
    },
    "weight": "4 oz",
    "UpcCode": "",
    "tax": 1.0,
    "spiceLevel": "",
    "aiselNo": "13",
    "store": "Market Basket",
    "weightType": "4 oz",
    "imageName": "17782.jpg",
    "defaultImage": "17782.jpg",
    "updatedTimestamp": "Jan 23, 2021 8:02:30 PM",
    "createdTimestamp": "Jan 23, 2021 8:02:30 PM",
    "isNewlyAdded": false,
    "isActive": true,
    "isDealsEnabled": false,
    "quantity": 0
  },
  {
    "id": 7863,
    "code": "King Oscar Wild Caught with Hot Jalapeno Peppers in Extra Virgin Olive Oil Sardines",
    "desc": "King Oscar Wild Caught with Hot Jalapeno Peppers in Extra Virgin Olive Oil Sardines",
    "shortDesc": "King Oscar Wild Caught with Hot Jalapeno Peppers in Extra Virgin Olive Oil Sardines",
    "tags": [
      "Canned Meat & Seafood"
    ],
    "categories": [
      {
        "code": "Cooking Needs",
        "desc": "Cooking Needs"
      }
    ],
    "subCategories": [
      {
        "code": "Canned Food",
        "desc": "Canned Food"
      }
    ],
    "brands": [
      {
        "code": "King Oscar",
        "desc": "King Oscar"
      }
    ],
    "price": {
      "basePrice": 3.09,
      "discountPrice": 3.09
    },
    "type": {
      "code": "Canned Meat & Seafood",
      "desc": "Canned Meat & Seafood"
    },
    "weight": "3.75 oz",
    "UpcCode": "",
    "tax": 0.0,
    "spiceLevel": "",
    "aiselNo": "2",
    "store": "Market Basket",
    "weightType": "3.75 oz",
    "imageName": "5234.jpg",
    "defaultImage": "5234.jpg",
    "updatedTimestamp": "Jan 23, 2021 8:02:30 PM",
    "createdTimestamp": "Jan 23, 2021 8:02:30 PM",
    "isNewlyAdded": false,
    "isActive": true,
    "isDealsEnabled": false,
    "quantity": 0
  },
  {
    "id": 8758,
    "code": "Mrs. Renfro's Black Bean Salsa Medium",
    "desc": "Mrs. Renfro's Black Bean Salsa Medium",
    "shortDesc": "Mrs. Renfro's Black Bean Salsa Medium",
    "tags": [
      "Preserved Dips & Salsa"
    ],
    "categories": [
      {
        "code": "Condiments & Dressings",
        "desc": "Condiments & Dressings"
      }
    ],
    "subCategories": [
      {
        "code": "Preserved Dips & Spreads",
        "desc": "Preserved Dips & Spreads"
      }
    ],
    "brands": [
      {
        "code": "Mrs. Renfro's",
        "desc": "Mrs. Renfro's"
      }
    ],
    "price": {
      "basePrice": 3.69,
      "discountPrice": 3.69
    },
    "type": {
      "code": "Preserved Dips & Salsa",
      "desc": "Preserved Dips & Salsa"
    },
    "weight": "16 oz",
    "UpcCode": "",
    "tax": 0.0,
    "spiceLevel": "",
    "aiselNo": "1",
    "store": "Market Basket",
    "weightType": "16 oz",
    "imageName": "2001.jpg",
    "defaultImage": "2001.jpg",
    "updatedTimestamp": "Jan 23, 2021 8:02:30 PM",
    "createdTimestamp": "Jan 23, 2021 8:02:30 PM",
    "isNewlyAdded": false,
    "isActive": true,
    "isDealsEnabled": false,
    "quantity": 0
  },
  {
    "id": 6832,
    "code": "Emeril's Creamery Butter Flavor Cooking Spray",
    "desc": "Emeril's Creamery Butter Flavor Cooking Spray",
    "shortDesc": "Emeril's Creamery Butter Flavor Cooking Spray",
    "tags": [
      "Baking Ingredients"
    ],
    "categories": [
      {
        "code": "Cooking Needs",
        "desc": "Cooking Needs"
      }
    ],
    "subCategories": [
      {
        "code": "Baking & Cooking",
        "desc": "Baking & Cooking"
      }
    ],
    "brands": [
      {
        "code": "Emeril's",
        "desc": "Emeril's"
      }
    ],
    "price": {
      "basePrice": 3.69,
      "discountPrice": 3.69
    },
    "type": {
      "code": "Baking Ingredients",
      "desc": "Baking Ingredients"
    },
    "weight": "6 oz",
    "UpcCode": "",
    "tax": 0.0,
    "spiceLevel": "",
    "aiselNo": "8",
    "store": "Market Basket",
    "weightType": "6 oz",
    "imageName": "15747.jpg",
    "defaultImage": "15747.jpg",
    "updatedTimestamp": "Jan 23, 2021 8:02:30 PM",
    "createdTimestamp": "Jan 23, 2021 8:02:30 PM",
    "isNewlyAdded": false,
    "isActive": true,
    "isDealsEnabled": false,
    "quantity": 0
  },
  {
    "id": 7881,
    "code": "Snow's Chopped Clams in Clam Juice",
    "desc": "Snow's Chopped Clams in Clam Juice",
    "shortDesc": "Snow's Chopped Clams in Clam Juice",
    "tags": [
      "Canned Meat & Seafood"
    ],
    "categories": [
      {
        "code": "Cooking Needs",
        "desc": "Cooking Needs"
      }
    ],
    "subCategories": [
      {
        "code": "Canned Food",
        "desc": "Canned Food"
      }
    ],
    "brands": [
      {
        "code": "Snow's",
        "desc": "Snow's"
      }
    ],
    "price": {
      "basePrice": 1.49,
      "discountPrice": 1.49
    },
    "type": {
      "code": "Canned Meat & Seafood",
      "desc": "Canned Meat & Seafood"
    },
    "weight": "6.5 oz",
    "UpcCode": "",
    "tax": 0.0,
    "spiceLevel": "",
    "aiselNo": "2",
    "store": "Market Basket",
    "weightType": "6.5 oz",
    "imageName": "17169.jpg",
    "defaultImage": "17169.jpg",
    "updatedTimestamp": "Jan 23, 2021 8:02:30 PM",
    "createdTimestamp": "Jan 23, 2021 8:02:30 PM",
    "isNewlyAdded": false,
    "isActive": true,
    "isDealsEnabled": false,
    "quantity": 0
  },
  {
    "id": 6895,
    "code": "McCormick Pure Lemon Extract",
    "desc": "McCormick Pure Lemon Extract",
    "shortDesc": "McCormick Pure Lemon Extract",
    "tags": [
      "Baking Ingredients"
    ],
    "categories": [
      {
        "code": "Cooking Needs",
        "desc": "Cooking Needs"
      }
    ],
    "subCategories": [
      {
        "code": "Baking & Cooking",
        "desc": "Baking & Cooking"
      }
    ],
    "brands": [
      {
        "code": "McCormick",
        "desc": "McCormick"
      }
    ],
    "price": {
      "basePrice": 3.69,
      "discountPrice": 3.69
    },
    "type": {
      "code": "Baking Ingredients",
      "desc": "Baking Ingredients"
    },
    "weight": "2 fl oz",
    "UpcCode": "",
    "tax": 0.0,
    "spiceLevel": "",
    "aiselNo": "8",
    "store": "Market Basket",
    "weightType": "2 fl oz",
    "imageName": "15734.jpg",
    "defaultImage": "15734.jpg",
    "updatedTimestamp": "Jan 23, 2021 8:02:30 PM",
    "createdTimestamp": "Jan 23, 2021 8:02:30 PM",
    "isNewlyAdded": false,
    "isActive": true,
    "isDealsEnabled": false,
    "quantity": 0
  },
  {
    "id": 3443,
    "code": "Cantaloups",
    "desc": "Cantaloups",
    "shortDesc": "Cantaloups",
    "tags": [
      "Cantaloupe"
    ],
    "categories": [
      {
        "code": "Fresh Produce",
        "desc": "Fresh Produce"
      }
    ],
    "subCategories": [
      {
        "code": "Fresh Fruits",
        "desc": "Fresh Fruits"
      }
    ],
    "brands": [
      {
        "code": "Market Basket",
        "desc": "Market Basket"
      }
    ],
    "price": {
      "basePrice": 7.14,
      "discountPrice": 7.14
    },
    "type": {
      "code": "Cantaloupe",
      "desc": "Cantaloupe"
    },
    "weight": "2 count",
    "UpcCode": "",
    "tax": 0.0,
    "spiceLevel": "",
    "aiselNo": "20",
    "store": "Market Basket",
    "weightType": "2 count",
    "imageName": "f20.jpg",
    "defaultImage": "f20.jpg",
    "updatedTimestamp": "Jan 23, 2021 8:02:30 PM",
    "createdTimestamp": "Jan 23, 2021 8:02:30 PM",
    "isNewlyAdded": false,
    "isActive": true,
    "isDealsEnabled": false,
    "quantity": 0
  },
  {
    "id": 9824,
    "code": "Green Giant Steamers Broccoli & Cheese Sauce",
    "desc": "Green Giant Steamers Broccoli & Cheese Sauce",
    "shortDesc": "Green Giant Steamers Broccoli & Cheese Sauce",
    "tags": [
      "Frozen Produce"
    ],
    "categories": [
      {
        "code": "Frozen Food",
        "desc": "Frozen Food"
      }
    ],
    "subCategories": [
      {
        "code": "Frozen Produce",
        "desc": "Frozen Produce"
      }
    ],
    "brands": [
      {
        "code": "Green Giant",
        "desc": "Green Giant"
      }
    ],
    "price": {
      "basePrice": 3.69,
      "discountPrice": 3.69
    },
    "type": {
      "code": "Frozen Produce",
      "desc": "Frozen Produce"
    },
    "weight": "24 oz",
    "UpcCode": "",
    "tax": 0.0,
    "spiceLevel": "",
    "aiselNo": "19",
    "store": "Market Basket",
    "weightType": "24 oz",
    "imageName": "2442.jpg",
    "defaultImage": "2442.jpg",
    "updatedTimestamp": "Jan 23, 2021 8:02:30 PM",
    "createdTimestamp": "Jan 23, 2021 8:02:30 PM",
    "isNewlyAdded": false,
    "isActive": true,
    "isDealsEnabled": false,
    "quantity": 0
  },
  {
    "id": 295,
    "code": "Hefty Ez Foil 11 3/4 in x 9 1/4 in x 1 1/2 in Casserole Pans",
    "desc": "Hefty Ez Foil 11 3/4 in x 9 1/4 in x 1 1/2 in Casserole Pans",
    "shortDesc": "Hefty Ez Foil 11 3/4 in x 9 1/4 in x 1 1/2 in Casserole Pans",
    "tags": [
      "Casserole Pans"
    ],
    "categories": [
      {
        "code": "Kitchen & Cleaning",
        "desc": "Kitchen & Cleaning"
      }
    ],
    "subCategories": [
      {
        "code": "Food Storage & Kitchen Supplies",
        "desc": "Food Storage & Kitchen Supplies"
      }
    ],
    "brands": [
      {
        "code": "Hefty",
        "desc": "Hefty"
      }
    ],
    "price": {
      "basePrice": 4.89,
      "discountPrice": 4.89
    },
    "type": {
      "code": "Casserole Pans",
      "desc": "Casserole Pans"
    },
    "weight": "2 count",
    "UpcCode": "",
    "tax": 1.0,
    "spiceLevel": "",
    "aiselNo": "12",
    "store": "Market Basket",
    "weightType": "2 count",
    "imageName": "4472.jpg",
    "defaultImage": "4472.jpg",
    "updatedTimestamp": "Jan 23, 2021 8:02:30 PM",
    "createdTimestamp": "Jan 23, 2021 8:02:30 PM",
    "isNewlyAdded": false,
    "isActive": true,
    "isDealsEnabled": false,
    "quantity": 0
  },
  {
    "id": 423,
    "code": "Market Basket White Jumbo Bags",
    "desc": "Market Basket White Jumbo Bags",
    "shortDesc": "Market Basket White Jumbo Bags",
    "tags": [
      "Large Trash Bags"
    ],
    "categories": [
      {
        "code": "Kitchen & Cleaning",
        "desc": "Kitchen & Cleaning"
      }
    ],
    "subCategories": [
      {
        "code": "Trash Bags & Liners",
        "desc": "Trash Bags & Liners"
      }
    ],
    "brands": [
      {
        "code": "Market Basket",
        "desc": "Market Basket"
      }
    ],
    "price": {
      "basePrice": 2.99,
      "discountPrice": 2.99
    },
    "type": {
      "code": "Large Trash Bags",
      "desc": "Large Trash Bags"
    },
    "weight": "12 count",
    "UpcCode": "",
    "tax": 1.0,
    "spiceLevel": "",
    "aiselNo": "12",
    "store": "Market Basket",
    "weightType": "12 count",
    "imageName": "Market Basket.jpg",
    "defaultImage": "Market Basket.jpg",
    "updatedTimestamp": "Jan 23, 2021 8:02:30 PM",
    "createdTimestamp": "Jan 23, 2021 8:02:30 PM",
    "isNewlyAdded": false,
    "isActive": true,
    "isDealsEnabled": false,
    "quantity": 0
  },
  {
    "id": 6324,
    "code": "Polar Seltzer Mermaid Songs",
    "desc": "Polar Seltzer Mermaid Songs",
    "shortDesc": "Polar Seltzer Mermaid Songs",
    "tags": [
      "Seltzer"
    ],
    "categories": [
      {
        "code": "Beverages & Juices",
        "desc": "Beverages & Juices"
      }
    ],
    "subCategories": [
      {
        "code": "Soft Drinks & Seltzers",
        "desc": "Soft Drinks & Seltzers"
      }
    ],
    "brands": [
      {
        "code": "Polar",
        "desc": "Polar"
      }
    ],
    "price": {
      "basePrice": 3.74,
      "discountPrice": 3.74
    },
    "type": {
      "code": "Seltzer",
      "desc": "Seltzer"
    },
    "weight": "6 x 8 fl oz",
    "UpcCode": "",
    "tax": 0.0,
    "spiceLevel": "",
    "aiselNo": "11",
    "store": "Market Basket",
    "weightType": "6 x 8 fl oz",
    "imageName": "No Image.jpg",
    "defaultImage": "No Image.jpg",
    "updatedTimestamp": "Jan 23, 2021 8:02:30 PM",
    "createdTimestamp": "Jan 23, 2021 8:02:30 PM",
    "isNewlyAdded": false,
    "isActive": true,
    "isDealsEnabled": false,
    "quantity": 0
  },
  {
    "id": 14356,
    "code": "Dunkin' Donuts Hazelnut Ground Coffee",
    "desc": "Dunkin' Donuts Hazelnut Ground Coffee",
    "shortDesc": "Dunkin' Donuts Hazelnut Ground Coffee",
    "tags": [
      "Coffee"
    ],
    "categories": [
      {
        "code": "Breakfast & Dairy",
        "desc": "Breakfast & Dairy"
      }
    ],
    "subCategories": [
      {
        "code": "Tea & Coffee",
        "desc": "Tea & Coffee"
      }
    ],
    "brands": [
      {
        "code": "Dunkin' Donuts",
        "desc": "Dunkin' Donuts"
      }
    ],
    "price": {
      "basePrice": 8.59,
      "discountPrice": 8.59
    },
    "type": {
      "code": "Coffee",
      "desc": "Coffee"
    },
    "weight": "12 oz",
    "UpcCode": "",
    "tax": 0.0,
    "spiceLevel": "",
    "aiselNo": "8",
    "store": "Market Basket",
    "weightType": "12 oz",
    "imageName": "3377.jpg",
    "defaultImage": "3377.jpg",
    "updatedTimestamp": "Jan 23, 2021 8:02:30 PM",
    "createdTimestamp": "Jan 23, 2021 8:02:30 PM",
    "isNewlyAdded": false,
    "isActive": true,
    "isDealsEnabled": false,
    "quantity": 0
  },
  {
    "id": 8127,
    "code": "Rachael Ray Chicken Stock",
    "desc": "Rachael Ray Chicken Stock",
    "shortDesc": "Rachael Ray Chicken Stock",
    "tags": [
      "Soup, Broth & Bouillon"
    ],
    "categories": [
      {
        "code": "Cooking Needs",
        "desc": "Cooking Needs"
      }
    ],
    "subCategories": [
      {
        "code": "Canned Food",
        "desc": "Canned Food"
      }
    ],
    "brands": [
      {
        "code": "Rachael Ray",
        "desc": "Rachael Ray"
      }
    ],
    "price": {
      "basePrice": 2.49,
      "discountPrice": 2.49
    },
    "type": {
      "code": "Soup, Broth & Bouillon",
      "desc": "Soup, Broth & Bouillon"
    },
    "weight": "32 fl oz",
    "UpcCode": "",
    "tax": 0.0,
    "spiceLevel": "",
    "aiselNo": "2",
    "store": "Market Basket",
    "weightType": "32 fl oz",
    "imageName": "17189.jpg",
    "defaultImage": "17189.jpg",
    "updatedTimestamp": "Jan 23, 2021 8:02:30 PM",
    "createdTimestamp": "Jan 23, 2021 8:02:30 PM",
    "isNewlyAdded": false,
    "isActive": true,
    "isDealsEnabled": false,
    "quantity": 0
  },
  {
    "id": 66,
    "code": "Glade Plug In Scented Oil Crisp Waters Scented Oil",
    "desc": "Glade Plug In Scented Oil Crisp Waters Scented Oil",
    "shortDesc": "Glade Plug In Scented Oil Crisp Waters Scented Oil",
    "tags": [
      "Other Air Fresheners & Candles"
    ],
    "categories": [
      {
        "code": "Kitchen & Cleaning",
        "desc": "Kitchen & Cleaning"
      }
    ],
    "subCategories": [
      {
        "code": "Air Fresheners & Candles",
        "desc": "Air Fresheners & Candles"
      }
    ],
    "brands": [
      {
        "code": "Glade",
        "desc": "Glade"
      }
    ],
    "price": {
      "basePrice": 6.09,
      "discountPrice": 6.09
    },
    "type": {
      "code": "Other Air Fresheners & Candles",
      "desc": "Other Air Fresheners & Candles"
    },
    "weight": "1.34 fl oz",
    "UpcCode": "",
    "tax": 1.0,
    "spiceLevel": "",
    "aiselNo": "15",
    "store": "Market Basket",
    "weightType": "1.34 fl oz",
    "imageName": "4249.jpg",
    "defaultImage": "4249.jpg",
    "updatedTimestamp": "Jan 23, 2021 8:02:30 PM",
    "createdTimestamp": "Jan 23, 2021 8:02:30 PM",
    "isNewlyAdded": false,
    "isActive": true,
    "isDealsEnabled": false,
    "quantity": 0
  },
  {
    "id": 4880,
    "code": "Lay's Limon",
    "desc": "Lay's Limon",
    "shortDesc": "Lay's Limon",
    "tags": [
      "Chips & Pretzels"
    ],
    "categories": [
      {
        "code": "Chips, Cookies & Snacks",
        "desc": "Chips, Cookies & Snacks"
      }
    ],
    "subCategories": [
      {
        "code": "Chips & Fruit Snacks",
        "desc": "Chips & Fruit Snacks"
      }
    ],
    "brands": [
      {
        "code": "Lay's",
        "desc": "Lay's"
      }
    ],
    "price": {
      "basePrice": 3.91,
      "discountPrice": 3.91
    },
    "type": {
      "code": "Chips & Pretzels",
      "desc": "Chips & Pretzels"
    },
    "weight": "7.75 oz",
    "UpcCode": "",
    "tax": 0.0,
    "spiceLevel": "",
    "aiselNo": "0",
    "store": "Market Basket",
    "weightType": "7.75 oz",
    "imageName": "No Image.jpg",
    "defaultImage": "No Image.jpg",
    "updatedTimestamp": "Jan 23, 2021 8:02:30 PM",
    "createdTimestamp": "Jan 23, 2021 8:02:30 PM",
    "isNewlyAdded": false,
    "isActive": true,
    "isDealsEnabled": false,
    "quantity": 0
  },
  {
    "id": 14799,
    "code": "TRESemme Conditioner 24 Hour Volume",
    "desc": "TRESemme Conditioner 24 Hour Volume",
    "shortDesc": "TRESemme Conditioner 24 Hour Volume",
    "tags": [
      "Hair Care"
    ],
    "categories": [
      {
        "code": "Personal Care",
        "desc": "Personal Care"
      }
    ],
    "subCategories": [
      {
        "code": "Body Wash, Soap & Hair Care",
        "desc": "Body Wash, Soap & Hair Care"
      }
    ],
    "brands": [
      {
        "code": "TRESemme",
        "desc": "TRESemme"
      }
    ],
    "price": {
      "basePrice": 4.93,
      "discountPrice": 4.93
    },
    "type": {
      "code": "Hair Care",
      "desc": "Hair Care"
    },
    "weight": "32 fl oz",
    "UpcCode": "",
    "tax": 1.0,
    "spiceLevel": "",
    "aiselNo": "13",
    "store": "Market Basket",
    "weightType": "32 fl oz",
    "imageName": "6556.jpg",
    "defaultImage": "6556.jpg",
    "updatedTimestamp": "Jan 23, 2021 8:02:30 PM",
    "createdTimestamp": "Jan 23, 2021 8:02:30 PM",
    "isNewlyAdded": false,
    "isActive": true,
    "isDealsEnabled": false,
    "quantity": 0
  },
  {
    "id": 7851,
    "code": "Goya Squid Pieces in their Own Ink",
    "desc": "Goya Squid Pieces in their Own Ink",
    "shortDesc": "Goya Squid Pieces in their Own Ink",
    "tags": [
      "Canned Meat & Seafood"
    ],
    "categories": [
      {
        "code": "Cooking Needs",
        "desc": "Cooking Needs"
      }
    ],
    "subCategories": [
      {
        "code": "Canned Food",
        "desc": "Canned Food"
      }
    ],
    "brands": [
      {
        "code": "Goya",
        "desc": "Goya"
      }
    ],
    "price": {
      "basePrice": 2.19,
      "discountPrice": 2.19
    },
    "type": {
      "code": "Canned Meat & Seafood",
      "desc": "Canned Meat & Seafood"
    },
    "weight": "4 oz",
    "UpcCode": "",
    "tax": 0.0,
    "spiceLevel": "",
    "aiselNo": "2",
    "store": "Market Basket",
    "weightType": "4 oz",
    "imageName": "18090.jpg",
    "defaultImage": "18090.jpg",
    "updatedTimestamp": "Jan 23, 2021 8:02:30 PM",
    "createdTimestamp": "Jan 23, 2021 8:02:30 PM",
    "isNewlyAdded": false,
    "isActive": true,
    "isDealsEnabled": false,
    "quantity": 0
  },
  {
    "id": 6285,
    "code": "Market Basket Seltzer",
    "desc": "Market Basket Seltzer",
    "shortDesc": "Market Basket Seltzer",
    "tags": [
      "Seltzer"
    ],
    "categories": [
      {
        "code": "Beverages & Juices",
        "desc": "Beverages & Juices"
      }
    ],
    "subCategories": [
      {
        "code": "Soft Drinks & Seltzers",
        "desc": "Soft Drinks & Seltzers"
      }
    ],
    "brands": [
      {
        "code": "Market Basket",
        "desc": "Market Basket"
      }
    ],
    "price": {
      "basePrice": 1.24,
      "discountPrice": 1.24
    },
    "type": {
      "code": "Seltzer",
      "desc": "Seltzer"
    },
    "weight": "2 L",
    "UpcCode": "",
    "tax": 0.0,
    "spiceLevel": "",
    "aiselNo": "11",
    "store": "Market Basket",
    "weightType": "2 L",
    "imageName": "Market Basket.jpg",
    "defaultImage": "Market Basket.jpg",
    "updatedTimestamp": "Jan 23, 2021 8:02:30 PM",
    "createdTimestamp": "Jan 23, 2021 8:02:30 PM",
    "isNewlyAdded": false,
    "isActive": true,
    "isDealsEnabled": false,
    "quantity": 0
  },
  {
    "id": 6415,
    "code": "Lundberg Family Farms EF Honey Nut Rice Cakes Eco Farmed Rice Cakes",
    "desc": "Lundberg Family Farms EF Honey Nut Rice Cakes Eco Farmed Rice Cakes",
    "shortDesc": "Lundberg Family Farms EF Honey Nut Rice Cakes Eco Farmed Rice Cakes",
    "tags": [
      "Rice Cake"
    ],
    "categories": [
      {
        "code": "Chips, Cookies & Snacks",
        "desc": "Chips, Cookies & Snacks"
      }
    ],
    "subCategories": [
      {
        "code": "Chips & Fruit Snacks",
        "desc": "Chips & Fruit Snacks"
      }
    ],
    "brands": [
      {
        "code": "Lundberg Family Farms",
        "desc": "Lundberg Family Farms"
      }
    ],
    "price": {
      "basePrice": 3.74,
      "discountPrice": 3.74
    },
    "type": {
      "code": "Rice Cake",
      "desc": "Rice Cake"
    },
    "weight": "9.6 oz",
    "UpcCode": "",
    "tax": 0.0,
    "spiceLevel": "",
    "aiselNo": "6",
    "store": "Market Basket",
    "weightType": "9.6 oz",
    "imageName": "15180.jpg",
    "defaultImage": "15180.jpg",
    "updatedTimestamp": "Jan 23, 2021 8:02:30 PM",
    "createdTimestamp": "Jan 23, 2021 8:02:30 PM",
    "isNewlyAdded": false,
    "isActive": true,
    "isDealsEnabled": false,
    "quantity": 0
  },
  {
    "id": 14532,
    "code": "Bigelow Herbal Tea Bags Peppermint",
    "desc": "Bigelow Herbal Tea Bags Peppermint",
    "shortDesc": "Bigelow Herbal Tea Bags Peppermint",
    "tags": [
      "Tea"
    ],
    "categories": [
      {
        "code": "Breakfast & Dairy",
        "desc": "Breakfast & Dairy"
      }
    ],
    "subCategories": [
      {
        "code": "Tea & Coffee",
        "desc": "Tea & Coffee"
      }
    ],
    "brands": [
      {
        "code": "Bigelow ",
        "desc": "Bigelow "
      }
    ],
    "price": {
      "basePrice": 3.09,
      "discountPrice": 3.09
    },
    "type": {
      "code": "Tea",
      "desc": "Tea"
    },
    "weight": "20 count",
    "UpcCode": "",
    "tax": 0.0,
    "spiceLevel": "",
    "aiselNo": "8",
    "store": "Market Basket",
    "weightType": "20 count",
    "imageName": "3418.jpg",
    "defaultImage": "3418.jpg",
    "updatedTimestamp": "Jan 23, 2021 8:02:30 PM",
    "createdTimestamp": "Jan 23, 2021 8:02:30 PM",
    "isNewlyAdded": false,
    "isActive": true,
    "isDealsEnabled": false,
    "quantity": 0
  },
  {
    "id": 442,
    "code": "Hefty Odor Block Tall Drawstring Lavender Vanilla 13 Gallon Kitchen Bags",
    "desc": "Hefty Odor Block Tall Drawstring Lavender Vanilla 13 Gallon Kitchen Bags",
    "shortDesc": "Hefty Odor Block Tall Drawstring Lavender Vanilla 13 Gallon Kitchen Bags",
    "tags": [
      "Tall Trash Bags"
    ],
    "categories": [
      {
        "code": "Kitchen & Cleaning",
        "desc": "Kitchen & Cleaning"
      }
    ],
    "subCategories": [
      {
        "code": "Trash Bags & Liners",
        "desc": "Trash Bags & Liners"
      }
    ],
    "brands": [
      {
        "code": "Hefty",
        "desc": "Hefty"
      }
    ],
    "price": {
      "basePrice": 8.59,
      "discountPrice": 8.59
    },
    "type": {
      "code": "Tall Trash Bags",
      "desc": "Tall Trash Bags"
    },
    "weight": "45 x 13 gal",
    "UpcCode": "",
    "tax": 1.0,
    "spiceLevel": "",
    "aiselNo": "12",
    "store": "Market Basket",
    "weightType": "45 x 13 gal",
    "imageName": "4691.jpg",
    "defaultImage": "4691.jpg",
    "updatedTimestamp": "Jan 23, 2021 8:02:30 PM",
    "createdTimestamp": "Jan 23, 2021 8:02:30 PM",
    "isNewlyAdded": false,
    "isActive": true,
    "isDealsEnabled": false,
    "quantity": 0
  },
  {
    "id": 6989,
    "code": "Jell O Sugar Free Raspberry Low Calorie Gelatin Mix",
    "desc": "Jell O Sugar Free Raspberry Low Calorie Gelatin Mix",
    "shortDesc": "Jell O Sugar Free Raspberry Low Calorie Gelatin Mix",
    "tags": [
      "Doughs, Gelatins & Bake Mixes"
    ],
    "categories": [
      {
        "code": "Cooking Needs",
        "desc": "Cooking Needs"
      }
    ],
    "subCategories": [
      {
        "code": "Baking & Cooking",
        "desc": "Baking & Cooking"
      }
    ],
    "brands": [
      {
        "code": "Jell-O",
        "desc": "Jell-O"
      }
    ],
    "price": {
      "basePrice": 1.09,
      "discountPrice": 1.09
    },
    "type": {
      "code": "Doughs, Gelatins & Bake Mixes",
      "desc": "Doughs, Gelatins & Bake Mixes"
    },
    "weight": "0.3 oz",
    "UpcCode": "",
    "tax": 0.0,
    "spiceLevel": "",
    "aiselNo": "8",
    "store": "Market Basket",
    "weightType": "0.3 oz",
    "imageName": "2065.jpg",
    "defaultImage": "2065.jpg",
    "updatedTimestamp": "Jan 23, 2021 8:02:30 PM",
    "createdTimestamp": "Jan 23, 2021 8:02:30 PM",
    "isNewlyAdded": false,
    "isActive": true,
    "isDealsEnabled": false,
    "quantity": 0
  },
  {
    "id": 15189,
    "code": "Crest Pro Health Advanced Soothing Smooth Mint Toothpaste, Oral Care",
    "desc": "Crest Pro Health Advanced Soothing Smooth Mint Toothpaste, Oral Care",
    "shortDesc": "Crest Pro Health Advanced Soothing Smooth Mint Toothpaste, Oral Care",
    "tags": [
      "Oral Hygiene"
    ],
    "categories": [
      {
        "code": "Personal Care",
        "desc": "Personal Care"
      }
    ],
    "subCategories": [
      {
        "code": "Personal Needs",
        "desc": "Personal Needs"
      }
    ],
    "brands": [
      {
        "code": "Crest",
        "desc": "Crest"
      }
    ],
    "price": {
      "basePrice": 5.62,
      "discountPrice": 5.62
    },
    "type": {
      "code": "Oral Hygiene",
      "desc": "Oral Hygiene"
    },
    "weight": "4 oz",
    "UpcCode": "",
    "tax": 1.0,
    "spiceLevel": "",
    "aiselNo": "13",
    "store": "Market Basket",
    "weightType": "4 oz",
    "imageName": "6412.jpg",
    "defaultImage": "6412.jpg",
    "updatedTimestamp": "Jan 23, 2021 8:02:30 PM",
    "createdTimestamp": "Jan 23, 2021 8:02:30 PM",
    "isNewlyAdded": false,
    "isActive": true,
    "isDealsEnabled": false,
    "quantity": 0
  },
  {
    "id": 13956,
    "code": "Market Basket Harvarti With Dill",
    "desc": "Market Basket Harvarti With Dill",
    "shortDesc": "Market Basket Harvarti With Dill",
    "tags": [
      "Specialty Cheeses"
    ],
    "categories": [
      {
        "code": "Breakfast & Dairy",
        "desc": "Breakfast & Dairy"
      }
    ],
    "subCategories": [
      {
        "code": "Dairy & Eggs",
        "desc": "Dairy & Eggs"
      }
    ],
    "brands": [
      {
        "code": "Market Basket",
        "desc": "Market Basket"
      }
    ],
    "price": {
      "basePrice": 4.69,
      "discountPrice": 4.69
    },
    "type": {
      "code": "Specialty Cheeses",
      "desc": "Specialty Cheeses"
    },
    "weight": "0.76 lb",
    "UpcCode": "",
    "tax": 0.0,
    "spiceLevel": "",
    "aiselNo": "1",
    "store": "Market Basket",
    "weightType": "0.76 lb",
    "imageName": "Market Basket.jpg",
    "defaultImage": "Market Basket.jpg",
    "updatedTimestamp": "Jan 23, 2021 8:02:30 PM",
    "createdTimestamp": "Jan 23, 2021 8:02:30 PM",
    "isNewlyAdded": false,
    "isActive": true,
    "isDealsEnabled": false,
    "quantity": 0
  },
  {
    "id": 14807,
    "code": "TRESemme Shampoo 24 Hour Volume",
    "desc": "TRESemme Shampoo 24 Hour Volume",
    "shortDesc": "TRESemme Shampoo 24 Hour Volume",
    "tags": [
      "Hair Care"
    ],
    "categories": [
      {
        "code": "Personal Care",
        "desc": "Personal Care"
      }
    ],
    "subCategories": [
      {
        "code": "Body Wash, Soap & Hair Care",
        "desc": "Body Wash, Soap & Hair Care"
      }
    ],
    "brands": [
      {
        "code": "TRESemme",
        "desc": "TRESemme"
      }
    ],
    "price": {
      "basePrice": 4.93,
      "discountPrice": 4.93
    },
    "type": {
      "code": "Hair Care",
      "desc": "Hair Care"
    },
    "weight": "28 oz",
    "UpcCode": "",
    "tax": 1.0,
    "spiceLevel": "",
    "aiselNo": "13",
    "store": "Market Basket",
    "weightType": "28 oz",
    "imageName": "6554.jpg",
    "defaultImage": "6554.jpg",
    "updatedTimestamp": "Jan 23, 2021 8:02:30 PM",
    "createdTimestamp": "Jan 23, 2021 8:02:30 PM",
    "isNewlyAdded": false,
    "isActive": true,
    "isDealsEnabled": false,
    "quantity": 0
  },
  {
    "id": 14381,
    "code": "Gevalia Espresso Roast Ground Coffee, Caffeinated",
    "desc": "Gevalia Espresso Roast Ground Coffee, Caffeinated",
    "shortDesc": "Gevalia Espresso Roast Ground Coffee, Caffeinated",
    "tags": [
      "Coffee"
    ],
    "categories": [
      {
        "code": "Breakfast & Dairy",
        "desc": "Breakfast & Dairy"
      }
    ],
    "subCategories": [
      {
        "code": "Tea & Coffee",
        "desc": "Tea & Coffee"
      }
    ],
    "brands": [
      {
        "code": "Gevalia",
        "desc": "Gevalia"
      }
    ],
    "price": {
      "basePrice": 7.39,
      "discountPrice": 7.39
    },
    "type": {
      "code": "Coffee",
      "desc": "Coffee"
    },
    "weight": "12 oz",
    "UpcCode": "",
    "tax": 0.0,
    "spiceLevel": "",
    "aiselNo": "8",
    "store": "Market Basket",
    "weightType": "12 oz",
    "imageName": "16305.jpg",
    "defaultImage": "16305.jpg",
    "updatedTimestamp": "Jan 23, 2021 8:02:30 PM",
    "createdTimestamp": "Jan 23, 2021 8:02:30 PM",
    "isNewlyAdded": false,
    "isActive": true,
    "isDealsEnabled": false,
    "quantity": 0
  },
  {
    "id": 4555,
    "code": "San Daniele Genoa Salame",
    "desc": "San Daniele Genoa Salame",
    "shortDesc": "San Daniele Genoa Salame",
    "tags": [
      "Other Meat"
    ],
    "categories": [
      {
        "code": "Meat & Seafood",
        "desc": "Meat & Seafood"
      }
    ],
    "subCategories": [
      {
        "code": "Lunch Meat",
        "desc": "Lunch Meat"
      }
    ],
    "brands": [
      {
        "code": "San Daniele",
        "desc": "San Daniele"
      }
    ],
    "price": {
      "basePrice": 3.69,
      "discountPrice": 3.69
    },
    "type": {
      "code": "Other Meat",
      "desc": "Other Meat"
    },
    "weight": "3 oz",
    "UpcCode": "",
    "tax": 0.0,
    "spiceLevel": "",
    "aiselNo": "22",
    "store": "Market Basket",
    "weightType": "3 oz",
    "imageName": "No Image.jpg",
    "defaultImage": "No Image.jpg",
    "updatedTimestamp": "Jan 23, 2021 8:02:30 PM",
    "createdTimestamp": "Jan 23, 2021 8:02:30 PM",
    "isNewlyAdded": false,
    "isActive": true,
    "isDealsEnabled": false,
    "quantity": 0
  },
  {
    "id": 8519,
    "code": "Loriva Pure Toasted Sesame Oil",
    "desc": "Loriva Pure Toasted Sesame Oil",
    "shortDesc": "Loriva Pure Toasted Sesame Oil",
    "tags": [
      "Oils & Vinegars"
    ],
    "categories": [
      {
        "code": "Cooking Needs",
        "desc": "Cooking Needs"
      }
    ],
    "subCategories": [
      {
        "code": "Oils & Vinegars",
        "desc": "Oils & Vinegars"
      }
    ],
    "brands": [
      {
        "code": "Loriva",
        "desc": "Loriva"
      }
    ],
    "price": {
      "basePrice": 6.09,
      "discountPrice": 6.09
    },
    "type": {
      "code": "Oils & Vinegars",
      "desc": "Oils & Vinegars"
    },
    "weight": "8 fl oz",
    "UpcCode": "",
    "tax": 0.0,
    "spiceLevel": "",
    "aiselNo": "2",
    "store": "Market Basket",
    "weightType": "8 fl oz",
    "imageName": "15506.jpg",
    "defaultImage": "15506.jpg",
    "updatedTimestamp": "Jan 23, 2021 8:02:30 PM",
    "createdTimestamp": "Jan 23, 2021 8:02:30 PM",
    "isNewlyAdded": false,
    "isActive": true,
    "isDealsEnabled": false,
    "quantity": 0
  },
  {
    "id": 5880,
    "code": "4C Ice Tea Mix Decaffeinated",
    "desc": "4C Ice Tea Mix Decaffeinated",
    "shortDesc": "4C Ice Tea Mix Decaffeinated",
    "tags": [
      "Cocoa & Drink Mixes"
    ],
    "categories": [
      {
        "code": "Beverages & Juices",
        "desc": "Beverages & Juices"
      }
    ],
    "subCategories": [
      {
        "code": "Cocoa & Drink Mixes",
        "desc": "Cocoa & Drink Mixes"
      }
    ],
    "brands": [
      {
        "code": "4C",
        "desc": "4C"
      }
    ],
    "price": {
      "basePrice": 6.24,
      "discountPrice": 6.24
    },
    "type": {
      "code": "Cocoa & Drink Mixes",
      "desc": "Cocoa & Drink Mixes"
    },
    "weight": "47.2 oz",
    "UpcCode": "",
    "tax": 0.0,
    "spiceLevel": "",
    "aiselNo": "17",
    "store": "Market Basket",
    "weightType": "47.2 oz",
    "imageName": "No Image.jpg",
    "defaultImage": "No Image.jpg",
    "updatedTimestamp": "Jan 23, 2021 8:02:29 PM",
    "createdTimestamp": "Jan 23, 2021 8:02:29 PM",
    "isNewlyAdded": false,
    "isActive": true,
    "isDealsEnabled": false,
    "quantity": 0
  },
  {
    "id": 13759,
    "code": "Market Basket Shredded Fancy Swiss Cheese",
    "desc": "Market Basket Shredded Fancy Swiss Cheese",
    "shortDesc": "Market Basket Shredded Fancy Swiss Cheese",
    "tags": [
      "Packaged Cheese"
    ],
    "categories": [
      {
        "code": "Breakfast & Dairy",
        "desc": "Breakfast & Dairy"
      }
    ],
    "subCategories": [
      {
        "code": "Dairy & Eggs",
        "desc": "Dairy & Eggs"
      }
    ],
    "brands": [
      {
        "code": "Market Basket",
        "desc": "Market Basket"
      }
    ],
    "price": {
      "basePrice": 2.48,
      "discountPrice": 2.48
    },
    "type": {
      "code": "Packaged Cheese",
      "desc": "Packaged Cheese"
    },
    "weight": "8 oz",
    "UpcCode": "",
    "tax": 0.0,
    "spiceLevel": "",
    "aiselNo": "1",
    "store": "Market Basket",
    "weightType": "8 oz",
    "imageName": "Market Basket.jpg",
    "defaultImage": "Market Basket.jpg",
    "updatedTimestamp": "Jan 23, 2021 8:02:30 PM",
    "createdTimestamp": "Jan 23, 2021 8:02:30 PM",
    "isNewlyAdded": false,
    "isActive": true,
    "isDealsEnabled": false,
    "quantity": 0
  },
  {
    "id": 13680,
    "code": "Galbani Cheese Mozzarella Part Skim",
    "desc": "Galbani Cheese Mozzarella Part Skim",
    "shortDesc": "Galbani Cheese Mozzarella Part Skim",
    "tags": [
      "Packaged Cheese"
    ],
    "categories": [
      {
        "code": "Breakfast & Dairy",
        "desc": "Breakfast & Dairy"
      }
    ],
    "subCategories": [
      {
        "code": "Dairy & Eggs",
        "desc": "Dairy & Eggs"
      }
    ],
    "brands": [
      {
        "code": "Galbani",
        "desc": "Galbani"
      }
    ],
    "price": {
      "basePrice": 3.69,
      "discountPrice": 3.69
    },
    "type": {
      "code": "Packaged Cheese",
      "desc": "Packaged Cheese"
    },
    "weight": "16 oz",
    "UpcCode": "",
    "tax": 0.0,
    "spiceLevel": "",
    "aiselNo": "1",
    "store": "Market Basket",
    "weightType": "16 oz",
    "imageName": "156.jpg",
    "defaultImage": "156.jpg",
    "updatedTimestamp": "Jan 23, 2021 8:02:30 PM",
    "createdTimestamp": "Jan 23, 2021 8:02:30 PM",
    "isNewlyAdded": false,
    "isActive": true,
    "isDealsEnabled": false,
    "quantity": 0
  },
  {
    "id": 6905,
    "code": "Quaker Corn Meal White",
    "desc": "Quaker Corn Meal White",
    "shortDesc": "Quaker Corn Meal White",
    "tags": [
      "Baking Ingredients"
    ],
    "categories": [
      {
        "code": "Cooking Needs",
        "desc": "Cooking Needs"
      }
    ],
    "subCategories": [
      {
        "code": "Baking & Cooking",
        "desc": "Baking & Cooking"
      }
    ],
    "brands": [
      {
        "code": "Quaker",
        "desc": "Quaker"
      }
    ],
    "price": {
      "basePrice": 2.09,
      "discountPrice": 2.09
    },
    "type": {
      "code": "Baking Ingredients",
      "desc": "Baking Ingredients"
    },
    "weight": "24 oz",
    "UpcCode": "",
    "tax": 0.0,
    "spiceLevel": "",
    "aiselNo": "8",
    "store": "Market Basket",
    "weightType": "24 oz",
    "imageName": "15733.jpg",
    "defaultImage": "15733.jpg",
    "updatedTimestamp": "Jan 23, 2021 8:02:30 PM",
    "createdTimestamp": "Jan 23, 2021 8:02:30 PM",
    "isNewlyAdded": false,
    "isActive": true,
    "isDealsEnabled": false,
    "quantity": 0
  },
  {
    "id": 9226,
    "code": "Tuscan Pizza Company Pizza Dough Ball Organic",
    "desc": "Tuscan Pizza Company Pizza Dough Ball Organic",
    "shortDesc": "Tuscan Pizza Company Pizza Dough Ball Organic",
    "tags": [
      "Frozen Pizza"
    ],
    "categories": [
      {
        "code": "Frozen Food",
        "desc": "Frozen Food"
      }
    ],
    "subCategories": [
      {
        "code": "Frozen Pizza",
        "desc": "Frozen Pizza"
      }
    ],
    "brands": [
      {
        "code": "Tuscan Pizza Company",
        "desc": "Tuscan Pizza Company"
      }
    ],
    "price": {
      "basePrice": 1.59,
      "discountPrice": 1.59
    },
    "type": {
      "code": "Frozen Pizza",
      "desc": "Frozen Pizza"
    },
    "weight": "16 oz",
    "UpcCode": "",
    "tax": 0.0,
    "spiceLevel": "",
    "aiselNo": "19",
    "store": "Market Basket",
    "weightType": "16 oz",
    "imageName": "Market Basket.jpg",
    "defaultImage": "Market Basket.jpg",
    "updatedTimestamp": "Jan 23, 2021 8:02:30 PM",
    "createdTimestamp": "Jan 23, 2021 8:02:30 PM",
    "isNewlyAdded": false,
    "isActive": true,
    "isDealsEnabled": false,
    "quantity": 0
  },
  {
    "id": 8321,
    "code": "La Mexicana Salsa, Mild",
    "desc": "La Mexicana Salsa, Mild",
    "shortDesc": "La Mexicana Salsa, Mild",
    "tags": [
      "Salsa"
    ],
    "categories": [
      {
        "code": "Condiments & Dressings",
        "desc": "Condiments & Dressings"
      }
    ],
    "subCategories": [
      {
        "code": "Fresh Dips & Tapenades",
        "desc": "Fresh Dips & Tapenades"
      }
    ],
    "brands": [
      {
        "code": "La Mexicana",
        "desc": "La Mexicana"
      }
    ],
    "price": {
      "basePrice": 7.39,
      "discountPrice": 7.39
    },
    "type": {
      "code": "Salsa",
      "desc": "Salsa"
    },
    "weight": "48 oz",
    "UpcCode": "",
    "tax": 0.0,
    "spiceLevel": "",
    "aiselNo": "21",
    "store": "Market Basket",
    "weightType": "48 oz",
    "imageName": "5554.jpg",
    "defaultImage": "5554.jpg",
    "updatedTimestamp": "Jan 23, 2021 8:02:30 PM",
    "createdTimestamp": "Jan 23, 2021 8:02:30 PM",
    "isNewlyAdded": false,
    "isActive": true,
    "isDealsEnabled": false,
    "quantity": 0
  },
  {
    "id": 13925,
    "code": "Lactaid Whole Milk",
    "desc": "Lactaid Whole Milk",
    "shortDesc": "Lactaid Whole Milk",
    "tags": [
      "Soy & Lactose-Free Milk"
    ],
    "categories": [
      {
        "code": "Breakfast & Dairy",
        "desc": "Breakfast & Dairy"
      }
    ],
    "subCategories": [
      {
        "code": "Dairy & Eggs",
        "desc": "Dairy & Eggs"
      }
    ],
    "brands": [
      {
        "code": "Lactaid",
        "desc": "Lactaid"
      }
    ],
    "price": {
      "basePrice": 4.86,
      "discountPrice": 4.86
    },
    "type": {
      "code": "Soy & Lactose-Free Milk",
      "desc": "Soy & Lactose-Free Milk"
    },
    "weight": "0.5 gal",
    "UpcCode": "",
    "tax": 0.0,
    "spiceLevel": "",
    "aiselNo": "1",
    "store": "Market Basket",
    "weightType": "0.5 gal",
    "imageName": "768.jpg",
    "defaultImage": "768.jpg",
    "updatedTimestamp": "Jan 23, 2021 8:02:30 PM",
    "createdTimestamp": "Jan 23, 2021 8:02:30 PM",
    "isNewlyAdded": false,
    "isActive": true,
    "isDealsEnabled": false,
    "quantity": 0
  },
  {
    "id": 4700,
    "code": "StarKistÃÂ® StarKist Tuna Creations Sweet & Spicy",
    "desc": "StarKistÃÂ® StarKist Tuna Creations Sweet & Spicy",
    "shortDesc": "StarKistÃÂ® StarKist Tuna Creations Sweet & Spicy",
    "tags": [
      "Canned Tuna"
    ],
    "categories": [
      {
        "code": "Meat & Seafood",
        "desc": "Meat & Seafood"
      }
    ],
    "subCategories": [
      {
        "code": "Canned Meat & Seafood",
        "desc": "Canned Meat & Seafood"
      }
    ],
    "brands": [
      {
        "code": "StarKistÃÂ®",
        "desc": "StarKistÃÂ®"
      }
    ],
    "price": {
      "basePrice": 1.69,
      "discountPrice": 1.69
    },
    "type": {
      "code": "Canned Tuna",
      "desc": "Canned Tuna"
    },
    "weight": "2.6 oz",
    "UpcCode": "",
    "tax": 0.0,
    "spiceLevel": "",
    "aiselNo": "2",
    "store": "Market Basket",
    "weightType": "2.6 oz",
    "imageName": "5211.jpg",
    "defaultImage": "5211.jpg",
    "updatedTimestamp": "Jan 23, 2021 8:02:30 PM",
    "createdTimestamp": "Jan 23, 2021 8:02:30 PM",
    "isNewlyAdded": false,
    "isActive": true,
    "isDealsEnabled": false,
    "quantity": 0
  },
  {
    "id": 6133,
    "code": "Market Basket Diet Orange Soda",
    "desc": "Market Basket Diet Orange Soda",
    "shortDesc": "Market Basket Diet Orange Soda",
    "tags": [
      "Soft Drinks"
    ],
    "categories": [
      {
        "code": "Beverages & Juices",
        "desc": "Beverages & Juices"
      }
    ],
    "subCategories": [
      {
        "code": "Soft Drinks & Seltzers",
        "desc": "Soft Drinks & Seltzers"
      }
    ],
    "brands": [
      {
        "code": "Market Basket",
        "desc": "Market Basket"
      }
    ],
    "price": {
      "basePrice": 1.1,
      "discountPrice": 1.1
    },
    "type": {
      "code": "Soft Drinks",
      "desc": "Soft Drinks"
    },
    "weight": "2 L",
    "UpcCode": "",
    "tax": 0.0,
    "spiceLevel": "",
    "aiselNo": "17",
    "store": "Market Basket",
    "weightType": "2 L",
    "imageName": "Market Basket.jpg",
    "defaultImage": "Market Basket.jpg",
    "updatedTimestamp": "Jan 23, 2021 8:02:30 PM",
    "createdTimestamp": "Jan 23, 2021 8:02:30 PM",
    "isNewlyAdded": false,
    "isActive": true,
    "isDealsEnabled": false,
    "quantity": 0
  },
  {
    "id": 5329,
    "code": "Nature's Bakery Fig Bar Apple Cinnamon",
    "desc": "Nature's Bakery Fig Bar Apple Cinnamon",
    "shortDesc": "Nature's Bakery Fig Bar Apple Cinnamon",
    "tags": [
      "Breakfast Bars"
    ],
    "categories": [
      {
        "code": "Breakfast & Dairy",
        "desc": "Breakfast & Dairy"
      }
    ],
    "subCategories": [
      {
        "code": "Bars & Pastries",
        "desc": "Bars & Pastries"
      }
    ],
    "brands": [
      {
        "code": "Nature's Bakery",
        "desc": "Nature's Bakery"
      }
    ],
    "price": {
      "basePrice": 4.69,
      "discountPrice": 4.69
    },
    "type": {
      "code": "Breakfast Bars",
      "desc": "Breakfast Bars"
    },
    "weight": "6 x 2 oz",
    "UpcCode": "",
    "tax": 0.0,
    "spiceLevel": "",
    "aiselNo": "6",
    "store": "Market Basket",
    "weightType": "6 x 2 oz",
    "imageName": "No Image.jpg",
    "defaultImage": "No Image.jpg",
    "updatedTimestamp": "Jan 23, 2021 8:02:30 PM",
    "createdTimestamp": "Jan 23, 2021 8:02:30 PM",
    "isNewlyAdded": false,
    "isActive": true,
    "isDealsEnabled": false,
    "quantity": 0
  },
  {
    "id": 7613,
    "code": "Del Monte Diced Pears in Water, No Sugar Added Fruit Cups",
    "desc": "Del Monte Diced Pears in Water, No Sugar Added Fruit Cups",
    "shortDesc": "Del Monte Diced Pears in Water, No Sugar Added Fruit Cups",
    "tags": [
      "Canned Fruit & Applesauce"
    ],
    "categories": [
      {
        "code": "Cooking Needs",
        "desc": "Cooking Needs"
      }
    ],
    "subCategories": [
      {
        "code": "Canned Food",
        "desc": "Canned Food"
      }
    ],
    "brands": [
      {
        "code": "Del Monte",
        "desc": "Del Monte"
      }
    ],
    "price": {
      "basePrice": 2.49,
      "discountPrice": 2.49
    },
    "type": {
      "code": "Canned Fruit & Applesauce",
      "desc": "Canned Fruit & Applesauce"
    },
    "weight": "4 oz",
    "UpcCode": "",
    "tax": 0.0,
    "spiceLevel": "",
    "aiselNo": "3",
    "store": "Market Basket",
    "weightType": "4 oz",
    "imageName": "4908.jpg",
    "defaultImage": "4908.jpg",
    "updatedTimestamp": "Jan 23, 2021 8:02:30 PM",
    "createdTimestamp": "Jan 23, 2021 8:02:30 PM",
    "isNewlyAdded": false,
    "isActive": true,
    "isDealsEnabled": false,
    "quantity": 0
  },
  {
    "id": 8993,
    "code": "Jif Whipped Peanut Butter",
    "desc": "Jif Whipped Peanut Butter",
    "shortDesc": "Jif Whipped Peanut Butter",
    "tags": [
      "Spreads"
    ],
    "categories": [
      {
        "code": "Condiments & Dressings",
        "desc": "Condiments & Dressings"
      }
    ],
    "subCategories": [
      {
        "code": "Preserved Dips & Spreads",
        "desc": "Preserved Dips & Spreads"
      }
    ],
    "brands": [
      {
        "code": "Jif",
        "desc": "Jif"
      }
    ],
    "price": {
      "basePrice": 3.69,
      "discountPrice": 3.69
    },
    "type": {
      "code": "Spreads",
      "desc": "Spreads"
    },
    "weight": "15 oz",
    "UpcCode": "",
    "tax": 0.0,
    "spiceLevel": "",
    "aiselNo": "3",
    "store": "Market Basket",
    "weightType": "15 oz",
    "imageName": "No Image.jpg",
    "defaultImage": "No Image.jpg",
    "updatedTimestamp": "Jan 23, 2021 8:02:30 PM",
    "createdTimestamp": "Jan 23, 2021 8:02:30 PM",
    "isNewlyAdded": false,
    "isActive": true,
    "isDealsEnabled": false,
    "quantity": 0
  },
  {
    "id": 6593,
    "code": "Floridas Natural NO PULP CALICIUM & VITAMIN D 100% PRIMIUM Florida Natural ORANGE JUICE WITH  NOT CONCENTRATE / NON GMO",
    "desc": "Floridas Natural NO PULP CALICIUM & VITAMIN D 100% PRIMIUM Florida Natural ORANGE JUICE WITH  NOT CONCENTRATE / NON GMO",
    "shortDesc": "Floridas Natural NO PULP CALICIUM & VITAMIN D 100% PRIMIUM Florida Natural ORANGE JUICE WITH  NOT CONCENTRATE / NON GMO",
    "tags": [
      "Refrigerated Drinks"
    ],
    "categories": [
      {
        "code": "Beverages & Juices",
        "desc": "Beverages & Juices"
      }
    ],
    "subCategories": [
      {
        "code": "Juices & Refrigerated Drinks",
        "desc": "Juices & Refrigerated Drinks"
      }
    ],
    "brands": [],
    "price": {
      "basePrice": 6.24,
      "discountPrice": 6.24
    },
    "type": {
      "code": "Refrigerated Drinks",
      "desc": "Refrigerated Drinks"
    },
    "weight": "89 fl oz",
    "UpcCode": "",
    "tax": 0.0,
    "spiceLevel": "",
    "aiselNo": "1",
    "store": "Market Basket",
    "weightType": "89 fl oz",
    "imageName": "X271.jpg",
    "defaultImage": "X271.jpg",
    "updatedTimestamp": "Jan 23, 2021 8:02:29 PM",
    "createdTimestamp": "Jan 23, 2021 8:02:29 PM",
    "isNewlyAdded": false,
    "isActive": true,
    "isDealsEnabled": false,
    "quantity": 0
  },
  {
    "id": 9423,
    "code": "Birds Eye Voila! Cheesy Ranch Chicken",
    "desc": "Birds Eye Voila! Cheesy Ranch Chicken",
    "shortDesc": "Birds Eye Voila! Cheesy Ranch Chicken",
    "tags": [
      "Frozen Meal"
    ],
    "categories": [
      {
        "code": "Frozen Food",
        "desc": "Frozen Food"
      }
    ],
    "subCategories": [
      {
        "code": "Frozen Dinners & Entrees",
        "desc": "Frozen Dinners & Entrees"
      }
    ],
    "brands": [
      {
        "code": "Birds Eye",
        "desc": "Birds Eye"
      }
    ],
    "price": {
      "basePrice": 4.89,
      "discountPrice": 4.89
    },
    "type": {
      "code": "Frozen Meal",
      "desc": "Frozen Meal"
    },
    "weight": "21 oz",
    "UpcCode": "",
    "tax": 0.0,
    "spiceLevel": "",
    "aiselNo": "18",
    "store": "Market Basket",
    "weightType": "21 oz",
    "imageName": "2793.jpg",
    "defaultImage": "2793.jpg",
    "updatedTimestamp": "Jan 23, 2021 8:02:30 PM",
    "createdTimestamp": "Jan 23, 2021 8:02:30 PM",
    "isNewlyAdded": false,
    "isActive": true,
    "isDealsEnabled": false,
    "quantity": 0
  },
  {
    "id": 573,
    "code": "Downy infusions BLISS Sparkling Amber & Rose 48 loads Laundry Detergent",
    "desc": "Downy infusions BLISS Sparkling Amber & Rose 48 loads Laundry Detergent",
    "shortDesc": "Downy infusions BLISS Sparkling Amber & Rose 48 loads Laundry Detergent",
    "tags": [
      "Laundry Detergent"
    ],
    "categories": [
      {
        "code": "Laundry & Paper Goods",
        "desc": "Laundry & Paper Goods"
      }
    ],
    "subCategories": [
      {
        "code": "Laundry",
        "desc": "Laundry"
      }
    ],
    "brands": [
      {
        "code": "Downy",
        "desc": "Downy"
      }
    ],
    "price": {
      "basePrice": 7.49,
      "discountPrice": 7.49
    },
    "type": {
      "code": "Laundry Detergent",
      "desc": "Laundry Detergent"
    },
    "weight": "0.96 L",
    "UpcCode": "",
    "tax": 1.0,
    "spiceLevel": "",
    "aiselNo": "15",
    "store": "Market Basket",
    "weightType": "0.96 L",
    "imageName": "No Image.jpg",
    "defaultImage": "No Image.jpg",
    "updatedTimestamp": "Jan 23, 2021 8:02:30 PM",
    "createdTimestamp": "Jan 23, 2021 8:02:30 PM",
    "isNewlyAdded": false,
    "isActive": true,
    "isDealsEnabled": false,
    "quantity": 0
  },
  {
    "id": 14811,
    "code": "VO5 Extra Body with Collagen Volumizing Shampoo",
    "desc": "VO5 Extra Body with Collagen Volumizing Shampoo",
    "shortDesc": "VO5 Extra Body with Collagen Volumizing Shampoo",
    "tags": [
      "Hair Care"
    ],
    "categories": [
      {
        "code": "Personal Care",
        "desc": "Personal Care"
      }
    ],
    "subCategories": [
      {
        "code": "Body Wash, Soap & Hair Care",
        "desc": "Body Wash, Soap & Hair Care"
      }
    ],
    "brands": [
      {
        "code": "VO5",
        "desc": "VO5"
      }
    ],
    "price": {
      "basePrice": 1.48,
      "discountPrice": 1.48
    },
    "type": {
      "code": "Hair Care",
      "desc": "Hair Care"
    },
    "weight": "12.5 fl oz",
    "UpcCode": "",
    "tax": 1.0,
    "spiceLevel": "",
    "aiselNo": "13",
    "store": "Market Basket",
    "weightType": "12.5 fl oz",
    "imageName": "6596.jpg",
    "defaultImage": "6596.jpg",
    "updatedTimestamp": "Jan 23, 2021 8:02:30 PM",
    "createdTimestamp": "Jan 23, 2021 8:02:30 PM",
    "isNewlyAdded": false,
    "isActive": true,
    "isDealsEnabled": false,
    "quantity": 0
  },
  {
    "id": 488,
    "code": "Purex 4 in 1 Pacs Mountain Breeze 45 pack Laundry Detergent",
    "desc": "Purex 4 in 1 Pacs Mountain Breeze 45 pack Laundry Detergent",
    "shortDesc": "Purex 4 in 1 Pacs Mountain Breeze 45 pack Laundry Detergent",
    "tags": [
      "Laundry Detergent"
    ],
    "categories": [
      {
        "code": "Laundry & Paper Goods",
        "desc": "Laundry & Paper Goods"
      }
    ],
    "subCategories": [
      {
        "code": "Laundry",
        "desc": "Laundry"
      }
    ],
    "brands": [
      {
        "code": "Purex",
        "desc": "Purex"
      }
    ],
    "price": {
      "basePrice": 9.99,
      "discountPrice": 9.99
    },
    "type": {
      "code": "Laundry Detergent",
      "desc": "Laundry Detergent"
    },
    "weight": "45 pack",
    "UpcCode": "",
    "tax": 1.0,
    "spiceLevel": "",
    "aiselNo": "15",
    "store": "Market Basket",
    "weightType": "45 pack",
    "imageName": "No Image.jpg",
    "defaultImage": "No Image.jpg",
    "updatedTimestamp": "Jan 23, 2021 8:02:30 PM",
    "createdTimestamp": "Jan 23, 2021 8:02:30 PM",
    "isNewlyAdded": false,
    "isActive": true,
    "isDealsEnabled": false,
    "quantity": 0
  },
  {
    "id": 5043,
    "code": "Dare Pure Chocolate Whippet Raspberry Cookies",
    "desc": "Dare Pure Chocolate Whippet Raspberry Cookies",
    "shortDesc": "Dare Pure Chocolate Whippet Raspberry Cookies",
    "tags": [
      "Cookies & Cakes"
    ],
    "categories": [
      {
        "code": "Chips, Cookies & Snacks",
        "desc": "Chips, Cookies & Snacks"
      }
    ],
    "subCategories": [
      {
        "code": "Cookies & Crackers",
        "desc": "Cookies & Crackers"
      }
    ],
    "brands": [
      {
        "code": "Dare",
        "desc": "Dare"
      }
    ],
    "price": {
      "basePrice": 3.91,
      "discountPrice": 3.91
    },
    "type": {
      "code": "Cookies & Cakes",
      "desc": "Cookies & Cakes"
    },
    "weight": "8.8 oz",
    "UpcCode": "",
    "tax": 0.0,
    "spiceLevel": "",
    "aiselNo": "6",
    "store": "Market Basket",
    "weightType": "8.8 oz",
    "imageName": "No Image.jpg",
    "defaultImage": "No Image.jpg",
    "updatedTimestamp": "Jan 23, 2021 8:02:30 PM",
    "createdTimestamp": "Jan 23, 2021 8:02:30 PM",
    "isNewlyAdded": false,
    "isActive": true,
    "isDealsEnabled": false,
    "quantity": 0
  },
  {
    "id": 6537,
    "code": "Market Basket Seedless Raisins",
    "desc": "Market Basket Seedless Raisins",
    "shortDesc": "Market Basket Seedless Raisins",
    "tags": [
      "Nuts, Seeds & Dried Fruit"
    ],
    "categories": [
      {
        "code": "Chips, Cookies & Snacks",
        "desc": "Chips, Cookies & Snacks"
      }
    ],
    "subCategories": [
      {
        "code": "Nuts, Seeds & Dried Fruit",
        "desc": "Nuts, Seeds & Dried Fruit"
      }
    ],
    "brands": [
      {
        "code": "Market Basket",
        "desc": "Market Basket"
      }
    ],
    "price": {
      "basePrice": 3.11,
      "discountPrice": 3.11
    },
    "type": {
      "code": "Nuts, Seeds & Dried Fruit",
      "desc": "Nuts, Seeds & Dried Fruit"
    },
    "weight": "12 oz",
    "UpcCode": "",
    "tax": 0.0,
    "spiceLevel": "",
    "aiselNo": "6",
    "store": "Market Basket",
    "weightType": "12 oz",
    "imageName": "Market Basket.jpg",
    "defaultImage": "Market Basket.jpg",
    "updatedTimestamp": "Jan 23, 2021 8:02:30 PM",
    "createdTimestamp": "Jan 23, 2021 8:02:30 PM",
    "isNewlyAdded": false,
    "isActive": true,
    "isDealsEnabled": false,
    "quantity": 0
  },
  {
    "id": 5096,
    "code": "Nonni's Biscotti Original",
    "desc": "Nonni's Biscotti Original",
    "shortDesc": "Nonni's Biscotti Original",
    "tags": [
      "Cookies & Cakes"
    ],
    "categories": [
      {
        "code": "Chips, Cookies & Snacks",
        "desc": "Chips, Cookies & Snacks"
      }
    ],
    "subCategories": [
      {
        "code": "Cookies & Crackers",
        "desc": "Cookies & Crackers"
      }
    ],
    "brands": [
      {
        "code": "Nonni's",
        "desc": "Nonni's"
      }
    ],
    "price": {
      "basePrice": 4.36,
      "discountPrice": 4.36
    },
    "type": {
      "code": "Cookies & Cakes",
      "desc": "Cookies & Cakes"
    },
    "weight": "5.52 oz",
    "UpcCode": "",
    "tax": 0.0,
    "spiceLevel": "",
    "aiselNo": "6",
    "store": "Market Basket",
    "weightType": "5.52 oz",
    "imageName": "15007.jpg",
    "defaultImage": "15007.jpg",
    "updatedTimestamp": "Jan 23, 2021 8:02:30 PM",
    "createdTimestamp": "Jan 23, 2021 8:02:30 PM",
    "isNewlyAdded": false,
    "isActive": true,
    "isDealsEnabled": false,
    "quantity": 0
  },
  {
    "id": 9990,
    "code": "Brigham's Ice Cream Cookies 'n Cream",
    "desc": "Brigham's Ice Cream Cookies 'n Cream",
    "shortDesc": "Brigham's Ice Cream Cookies 'n Cream",
    "tags": [
      "Ice Cream & Ice"
    ],
    "categories": [
      {
        "code": "Frozen Food",
        "desc": "Frozen Food"
      }
    ],
    "subCategories": [
      {
        "code": "Ice Cream & Ice",
        "desc": "Ice Cream & Ice"
      }
    ],
    "brands": [
      {
        "code": "Brigham's Ice Cream",
        "desc": "Brigham's Ice Cream"
      }
    ],
    "price": {
      "basePrice": 4.79,
      "discountPrice": 4.79
    },
    "type": {
      "code": "Ice Cream & Ice",
      "desc": "Ice Cream & Ice"
    },
    "weight": "1 quart",
    "UpcCode": "",
    "tax": 0.0,
    "spiceLevel": "",
    "aiselNo": "21",
    "store": "Market Basket",
    "weightType": "1 quart",
    "imageName": "16182.jpg",
    "defaultImage": "16182.jpg",
    "updatedTimestamp": "Jan 23, 2021 8:02:30 PM",
    "createdTimestamp": "Jan 23, 2021 8:02:30 PM",
    "isNewlyAdded": false,
    "isActive": true,
    "isDealsEnabled": false,
    "quantity": 0
  },
  {
    "id": 6609,
    "code": "Minute Maid Zero sugar PINK LEMONADE",
    "desc": "Minute Maid Zero sugar PINK LEMONADE",
    "shortDesc": "Minute Maid Zero sugar PINK LEMONADE",
    "tags": [
      "Refrigerated Drinks"
    ],
    "categories": [
      {
        "code": "Beverages & Juices",
        "desc": "Beverages & Juices"
      }
    ],
    "subCategories": [
      {
        "code": "Juices & Refrigerated Drinks",
        "desc": "Juices & Refrigerated Drinks"
      }
    ],
    "brands": [],
    "price": {
      "basePrice": 3.13,
      "discountPrice": 3.13
    },
    "type": {
      "code": "Refrigerated Drinks",
      "desc": "Refrigerated Drinks"
    },
    "weight": "52 fl oz",
    "UpcCode": "",
    "tax": 0.0,
    "spiceLevel": "",
    "aiselNo": "1",
    "store": "Market Basket",
    "weightType": "52 fl oz",
    "imageName": "X611.jpg",
    "defaultImage": "X611.jpg",
    "updatedTimestamp": "Jan 23, 2021 8:02:29 PM",
    "createdTimestamp": "Jan 23, 2021 8:02:29 PM",
    "isNewlyAdded": false,
    "isActive": true,
    "isDealsEnabled": false,
    "quantity": 0
  },
  {
    "id": 13885,
    "code": "Market Basket 51% Vegetable Oil Spread",
    "desc": "Market Basket 51% Vegetable Oil Spread",
    "shortDesc": "Market Basket 51% Vegetable Oil Spread",
    "tags": [
      "Soy & Lactose-Free"
    ],
    "categories": [
      {
        "code": "Breakfast & Dairy",
        "desc": "Breakfast & Dairy"
      }
    ],
    "subCategories": [
      {
        "code": "Dairy & Eggs",
        "desc": "Dairy & Eggs"
      }
    ],
    "brands": [
      {
        "code": "Market Basket",
        "desc": "Market Basket"
      }
    ],
    "price": {
      "basePrice": 3.09,
      "discountPrice": 3.09
    },
    "type": {
      "code": "Soy & Lactose-Free",
      "desc": "Soy & Lactose-Free"
    },
    "weight": "45 oz",
    "UpcCode": "",
    "tax": 0.0,
    "spiceLevel": "",
    "aiselNo": "1",
    "store": "Market Basket",
    "weightType": "45 oz",
    "imageName": "Market Basket.jpg",
    "defaultImage": "Market Basket.jpg",
    "updatedTimestamp": "Jan 23, 2021 8:02:30 PM",
    "createdTimestamp": "Jan 23, 2021 8:02:30 PM",
    "isNewlyAdded": false,
    "isActive": true,
    "isDealsEnabled": false,
    "quantity": 0
  },
  {
    "id": 9882,
    "code": "Market Basket Quick And Steamy Sweet Corn",
    "desc": "Market Basket Quick And Steamy Sweet Corn",
    "shortDesc": "Market Basket Quick And Steamy Sweet Corn",
    "tags": [
      "Frozen Produce"
    ],
    "categories": [
      {
        "code": "Frozen Food",
        "desc": "Frozen Food"
      }
    ],
    "subCategories": [
      {
        "code": "Frozen Produce",
        "desc": "Frozen Produce"
      }
    ],
    "brands": [
      {
        "code": "Market Basket",
        "desc": "Market Basket"
      }
    ],
    "price": {
      "basePrice": 1.29,
      "discountPrice": 1.29
    },
    "type": {
      "code": "Frozen Produce",
      "desc": "Frozen Produce"
    },
    "weight": "12 oz",
    "UpcCode": "",
    "tax": 0.0,
    "spiceLevel": "",
    "aiselNo": "19",
    "store": "Market Basket",
    "weightType": "12 oz",
    "imageName": "Market Basket.jpg",
    "defaultImage": "Market Basket.jpg",
    "updatedTimestamp": "Jan 23, 2021 8:02:30 PM",
    "createdTimestamp": "Jan 23, 2021 8:02:30 PM",
    "isNewlyAdded": false,
    "isActive": true,
    "isDealsEnabled": false,
    "quantity": 0
  },
  {
    "id": 5894,
    "code": "Starbucks Tripleshot Energy French Vanilla",
    "desc": "Starbucks Tripleshot Energy French Vanilla",
    "shortDesc": "Starbucks Tripleshot Energy French Vanilla",
    "tags": [
      "Single To-Go Coffee"
    ],
    "categories": [
      {
        "code": "Beverages & Juices",
        "desc": "Beverages & Juices"
      }
    ],
    "subCategories": [
      {
        "code": "Tea, Coffee, Milk & Coconut Water",
        "desc": "Tea, Coffee, Milk & Coconut Water"
      }
    ],
    "brands": [
      {
        "code": "StarBucks",
        "desc": "StarBucks"
      }
    ],
    "price": {
      "basePrice": 3.36,
      "discountPrice": 3.36
    },
    "type": {
      "code": "Single To-Go Coffee",
      "desc": "Single To-Go Coffee"
    },
    "weight": "15 fl oz",
    "UpcCode": "",
    "tax": 0.0,
    "spiceLevel": "",
    "aiselNo": "17",
    "store": "Market Basket",
    "weightType": "15 fl oz",
    "imageName": "No Image.jpg",
    "defaultImage": "No Image.jpg",
    "updatedTimestamp": "Jan 23, 2021 8:02:30 PM",
    "createdTimestamp": "Jan 23, 2021 8:02:30 PM",
    "isNewlyAdded": false,
    "isActive": true,
    "isDealsEnabled": false,
    "quantity": 0
  },
  {
    "id": 15202,
    "code": "Glide 3D White Whitening + Scope Flavor Dental Floss, Radiant Mint",
    "desc": "Glide 3D White Whitening + Scope Flavor Dental Floss, Radiant Mint",
    "shortDesc": "Glide 3D White Whitening + Scope Flavor Dental Floss, Radiant Mint",
    "tags": [
      "Oral Hygiene"
    ],
    "categories": [
      {
        "code": "Personal Care",
        "desc": "Personal Care"
      }
    ],
    "subCategories": [
      {
        "code": "Personal Needs",
        "desc": "Personal Needs"
      }
    ],
    "brands": [
      {
        "code": "Glide",
        "desc": "Glide"
      }
    ],
    "price": {
      "basePrice": 4.93,
      "discountPrice": 4.93
    },
    "type": {
      "code": "Oral Hygiene",
      "desc": "Oral Hygiene"
    },
    "weight": "38.2 yd",
    "UpcCode": "",
    "tax": 1.0,
    "spiceLevel": "",
    "aiselNo": "13",
    "store": "Market Basket",
    "weightType": "38.2 yd",
    "imageName": "18152.jpg",
    "defaultImage": "18152.jpg",
    "updatedTimestamp": "Jan 23, 2021 8:02:30 PM",
    "createdTimestamp": "Jan 23, 2021 8:02:30 PM",
    "isNewlyAdded": false,
    "isActive": true,
    "isDealsEnabled": false,
    "quantity": 0
  },
  {
    "id": 8787,
    "code": "4C Crumbs Gluten Free Seasoned",
    "desc": "4C Crumbs Gluten Free Seasoned",
    "shortDesc": "4C Crumbs Gluten Free Seasoned",
    "tags": [
      "Salad Dressing & Toppings"
    ],
    "categories": [
      {
        "code": "Condiments & Dressings",
        "desc": "Condiments & Dressings"
      }
    ],
    "subCategories": [
      {
        "code": "Salad Dressings & Toppings",
        "desc": "Salad Dressings & Toppings"
      }
    ],
    "brands": [
      {
        "code": "4C Breadcrumbs",
        "desc": "4C Breadcrumbs"
      }
    ],
    "price": {
      "basePrice": 3.69,
      "discountPrice": 3.69
    },
    "type": {
      "code": "Salad Dressing & Toppings",
      "desc": "Salad Dressing & Toppings"
    },
    "weight": "12 oz",
    "UpcCode": "",
    "tax": 0.0,
    "spiceLevel": "",
    "aiselNo": "2",
    "store": "Market Basket",
    "weightType": "12 oz",
    "imageName": "15451.jpg",
    "defaultImage": "15451.jpg",
    "updatedTimestamp": "Jan 23, 2021 8:02:30 PM",
    "createdTimestamp": "Jan 23, 2021 8:02:30 PM",
    "isNewlyAdded": false,
    "isActive": true,
    "isDealsEnabled": false,
    "quantity": 0
  },
  {
    "id": 3905,
    "code": "Auerpak Brand Cipolline Onions",
    "desc": "Auerpak Brand Cipolline Onions",
    "shortDesc": "Auerpak Brand Cipolline Onions",
    "tags": [
      "Onion"
    ],
    "categories": [
      {
        "code": "Fresh Produce",
        "desc": "Fresh Produce"
      }
    ],
    "subCategories": [
      {
        "code": "Fresh Vegetables",
        "desc": "Fresh Vegetables"
      }
    ],
    "brands": [
      {
        "code": "Auerpak",
        "desc": "Auerpak"
      }
    ],
    "price": {
      "basePrice": 3.21,
      "discountPrice": 3.21
    },
    "type": {
      "code": "Onion",
      "desc": "Onion"
    },
    "weight": "8 oz",
    "UpcCode": "",
    "tax": 0.0,
    "spiceLevel": "",
    "aiselNo": "20",
    "store": "Market Basket",
    "weightType": "8 oz",
    "imageName": "14432.jpg",
    "defaultImage": "14432.jpg",
    "updatedTimestamp": "Jan 23, 2021 8:02:30 PM",
    "createdTimestamp": "Jan 23, 2021 8:02:30 PM",
    "isNewlyAdded": false,
    "isActive": true,
    "isDealsEnabled": false,
    "quantity": 0
  },
  {
    "id": 9849,
    "code": "Market Basket Cut Corn",
    "desc": "Market Basket Cut Corn",
    "shortDesc": "Market Basket Cut Corn",
    "tags": [
      "Frozen Produce"
    ],
    "categories": [
      {
        "code": "Frozen Food",
        "desc": "Frozen Food"
      }
    ],
    "subCategories": [
      {
        "code": "Frozen Produce",
        "desc": "Frozen Produce"
      }
    ],
    "brands": [
      {
        "code": "Market Basket",
        "desc": "Market Basket"
      }
    ],
    "price": {
      "basePrice": 1.89,
      "discountPrice": 1.89
    },
    "type": {
      "code": "Frozen Produce",
      "desc": "Frozen Produce"
    },
    "weight": "16 oz",
    "UpcCode": "",
    "tax": 0.0,
    "spiceLevel": "",
    "aiselNo": "19",
    "store": "Market Basket",
    "weightType": "16 oz",
    "imageName": "Market Basket.jpg",
    "defaultImage": "Market Basket.jpg",
    "updatedTimestamp": "Jan 23, 2021 8:02:30 PM",
    "createdTimestamp": "Jan 23, 2021 8:02:30 PM",
    "isNewlyAdded": false,
    "isActive": true,
    "isDealsEnabled": false,
    "quantity": 0
  },
  {
    "id": 596,
    "code": "Market Basket Supreme strong & soft Bathroom Tissues",
    "desc": "Market Basket Supreme strong & soft Bathroom Tissues",
    "shortDesc": "Market Basket Supreme strong & soft Bathroom Tissues",
    "tags": [
      "Bathroom Tissues / Toilet Paper"
    ],
    "categories": [
      {
        "code": "Laundry & Paper Goods",
        "desc": "Laundry & Paper Goods"
      }
    ],
    "subCategories": [
      {
        "code": "Paper Goods",
        "desc": "Paper Goods"
      }
    ],
    "brands": [
      {
        "code": "Market Basket",
        "desc": "Market Basket"
      }
    ],
    "price": {
      "basePrice": 17.49,
      "discountPrice": 17.49
    },
    "type": {
      "code": "Bathroom Tissues / Toilet Paper",
      "desc": "Bathroom Tissues / Toilet Paper"
    },
    "weight": "24 count",
    "UpcCode": "",
    "tax": 1.0,
    "spiceLevel": "",
    "aiselNo": "14",
    "store": "Market Basket",
    "weightType": "24 count",
    "imageName": "Market Basket.jpg",
    "defaultImage": "Market Basket.jpg",
    "updatedTimestamp": "Jan 23, 2021 8:02:30 PM",
    "createdTimestamp": "Jan 23, 2021 8:02:30 PM",
    "isNewlyAdded": false,
    "isActive": true,
    "isDealsEnabled": false,
    "quantity": 0
  },
  {
    "id": 13496,
    "code": "Market Basket Evaporated Milk",
    "desc": "Market Basket Evaporated Milk",
    "shortDesc": "Market Basket Evaporated Milk",
    "tags": [
      "Milk"
    ],
    "categories": [
      {
        "code": "Breakfast & Dairy",
        "desc": "Breakfast & Dairy"
      }
    ],
    "subCategories": [
      {
        "code": "Dairy & Eggs",
        "desc": "Dairy & Eggs"
      }
    ],
    "brands": [
      {
        "code": "Market Basket",
        "desc": "Market Basket"
      }
    ],
    "price": {
      "basePrice": 1.39,
      "discountPrice": 1.39
    },
    "type": {
      "code": "Milk",
      "desc": "Milk"
    },
    "weight": "1 count",
    "UpcCode": "",
    "tax": 0.0,
    "spiceLevel": "",
    "aiselNo": "1",
    "store": "Market Basket",
    "weightType": "1 count",
    "imageName": "Market Basket.jpg",
    "defaultImage": "Market Basket.jpg",
    "updatedTimestamp": "Jan 23, 2021 8:02:30 PM",
    "createdTimestamp": "Jan 23, 2021 8:02:30 PM",
    "isNewlyAdded": false,
    "isActive": true,
    "isDealsEnabled": false,
    "quantity": 0
  },
  {
    "id": 10147,
    "code": "Marinos Italian Ices Marinos Lemon Italian Ice",
    "desc": "Marinos Italian Ices Marinos Lemon Italian Ice",
    "shortDesc": "Marinos Italian Ices Marinos Lemon Italian Ice",
    "tags": [
      "Ice Cream & Ice"
    ],
    "categories": [
      {
        "code": "Frozen Food",
        "desc": "Frozen Food"
      }
    ],
    "subCategories": [
      {
        "code": "Ice Cream & Ice",
        "desc": "Ice Cream & Ice"
      }
    ],
    "brands": [
      {
        "code": "Marinos",
        "desc": "Marinos"
      }
    ],
    "price": {
      "basePrice": 2.49,
      "discountPrice": 2.49
    },
    "type": {
      "code": "Ice Cream & Ice",
      "desc": "Ice Cream & Ice"
    },
    "weight": "6 fl oz",
    "UpcCode": "",
    "tax": 0.0,
    "spiceLevel": "",
    "aiselNo": "21",
    "store": "Market Basket",
    "weightType": "6 fl oz",
    "imageName": "16191.jpg",
    "defaultImage": "16191.jpg",
    "updatedTimestamp": "Jan 23, 2021 8:02:30 PM",
    "createdTimestamp": "Jan 23, 2021 8:02:30 PM",
    "isNewlyAdded": false,
    "isActive": true,
    "isDealsEnabled": false,
    "quantity": 0
  },
  {
    "id": 7347,
    "code": "McCormick Raspberry Extract With Other Natural Flavors",
    "desc": "McCormick Raspberry Extract With Other Natural Flavors",
    "shortDesc": "McCormick Raspberry Extract With Other Natural Flavors",
    "tags": [
      "Spices & Seasonings"
    ],
    "categories": [
      {
        "code": "Cooking Needs",
        "desc": "Cooking Needs"
      }
    ],
    "subCategories": [
      {
        "code": "Spices & Seasonings",
        "desc": "Spices & Seasonings"
      }
    ],
    "brands": [
      {
        "code": "McCormick",
        "desc": "McCormick"
      }
    ],
    "price": {
      "basePrice": 3.69,
      "discountPrice": 3.69
    },
    "type": {
      "code": "Spices & Seasonings",
      "desc": "Spices & Seasonings"
    },
    "weight": "1 fl oz",
    "UpcCode": "",
    "tax": 0.0,
    "spiceLevel": "",
    "aiselNo": "9",
    "store": "Market Basket",
    "weightType": "1 fl oz",
    "imageName": "2181.jpg",
    "defaultImage": "2181.jpg",
    "updatedTimestamp": "Jan 23, 2021 8:02:30 PM",
    "createdTimestamp": "Jan 23, 2021 8:02:30 PM",
    "isNewlyAdded": false,
    "isActive": true,
    "isDealsEnabled": false,
    "quantity": 0
  },
  {
    "id": 8718,
    "code": "Cedar All Natural Hommus, Chipotle",
    "desc": "Cedar All Natural Hommus, Chipotle",
    "shortDesc": "Cedar All Natural Hommus, Chipotle",
    "tags": [
      "Preserved Dips & Salsa"
    ],
    "categories": [
      {
        "code": "Condiments & Dressings",
        "desc": "Condiments & Dressings"
      }
    ],
    "subCategories": [
      {
        "code": "Preserved Dips & Spreads",
        "desc": "Preserved Dips & Spreads"
      }
    ],
    "brands": [
      {
        "code": "Cedar",
        "desc": "Cedar"
      }
    ],
    "price": {
      "basePrice": 2.49,
      "discountPrice": 2.49
    },
    "type": {
      "code": "Preserved Dips & Salsa",
      "desc": "Preserved Dips & Salsa"
    },
    "weight": "16 oz",
    "UpcCode": "",
    "tax": 0.0,
    "spiceLevel": "",
    "aiselNo": "1",
    "store": "Market Basket",
    "weightType": "16 oz",
    "imageName": "No Image.jpg",
    "defaultImage": "No Image.jpg",
    "updatedTimestamp": "Jan 23, 2021 8:02:30 PM",
    "createdTimestamp": "Jan 23, 2021 8:02:30 PM",
    "isNewlyAdded": false,
    "isActive": true,
    "isDealsEnabled": false,
    "quantity": 0
  },
  {
    "id": 14895,
    "code": "U by Kotex - Premium Pads, Maxi, Super, Long",
    "desc": "U by Kotex - Premium Pads, Maxi, Super, Long",
    "shortDesc": "U by Kotex - Premium Pads, Maxi, Super, Long",
    "tags": [
      "Menstrual Pads"
    ],
    "categories": [
      {
        "code": "Personal Care",
        "desc": "Personal Care"
      }
    ],
    "subCategories": [
      {
        "code": "Feminine Care",
        "desc": "Feminine Care"
      }
    ],
    "brands": [
      {
        "code": "U by Kotex",
        "desc": "U by Kotex"
      }
    ],
    "price": {
      "basePrice": 4.47,
      "discountPrice": 4.47
    },
    "type": {
      "code": "Menstrual Pads",
      "desc": "Menstrual Pads"
    },
    "weight": "22 count",
    "UpcCode": "",
    "tax": 1.0,
    "spiceLevel": "",
    "aiselNo": "13",
    "store": "Market Basket",
    "weightType": "22 count",
    "imageName": "6520.jpg",
    "defaultImage": "6520.jpg",
    "updatedTimestamp": "Jan 23, 2021 8:02:30 PM",
    "createdTimestamp": "Jan 23, 2021 8:02:30 PM",
    "isNewlyAdded": false,
    "isActive": true,
    "isDealsEnabled": false,
    "quantity": 0
  },
  {
    "id": 15101,
    "code": "Clearasil Rapid Rescue Deep Treatment Wash",
    "desc": "Clearasil Rapid Rescue Deep Treatment Wash",
    "shortDesc": "Clearasil Rapid Rescue Deep Treatment Wash",
    "tags": [
      "Facial Care"
    ],
    "categories": [
      {
        "code": "Personal Care",
        "desc": "Personal Care"
      }
    ],
    "subCategories": [
      {
        "code": "Personal Needs",
        "desc": "Personal Needs"
      }
    ],
    "brands": [
      {
        "code": "Clearasil",
        "desc": "Clearasil"
      }
    ],
    "price": {
      "basePrice": 11.26,
      "discountPrice": 11.26
    },
    "type": {
      "code": "Facial Care",
      "desc": "Facial Care"
    },
    "weight": "6.78 fl oz",
    "UpcCode": "",
    "tax": 1.0,
    "spiceLevel": "",
    "aiselNo": "13",
    "store": "Market Basket",
    "weightType": "6.78 fl oz",
    "imageName": "6266.jpg",
    "defaultImage": "6266.jpg",
    "updatedTimestamp": "Jan 23, 2021 8:02:30 PM",
    "createdTimestamp": "Jan 23, 2021 8:02:30 PM",
    "isNewlyAdded": false,
    "isActive": true,
    "isDealsEnabled": false,
    "quantity": 0
  },
  {
    "id": 6355,
    "code": "Polar Zero Sugar Ginger Ale Soda",
    "desc": "Polar Zero Sugar Ginger Ale Soda",
    "shortDesc": "Polar Zero Sugar Ginger Ale Soda",
    "tags": [
      "Ginger Ale"
    ],
    "categories": [
      {
        "code": "Beverages & Juices",
        "desc": "Beverages & Juices"
      }
    ],
    "subCategories": [
      {
        "code": "Ginger Ale & Ginger Beer",
        "desc": "Ginger Ale & Ginger Beer"
      }
    ],
    "brands": [
      {
        "code": "Polar",
        "desc": "Polar"
      }
    ],
    "price": {
      "basePrice": 1.49,
      "discountPrice": 1.49
    },
    "type": {
      "code": "Ginger Ale",
      "desc": "Ginger Ale"
    },
    "weight": "1 L",
    "UpcCode": "",
    "tax": 0.0,
    "spiceLevel": "",
    "aiselNo": "11",
    "store": "Market Basket",
    "weightType": "1 L",
    "imageName": "No Image.jpg",
    "defaultImage": "No Image.jpg",
    "updatedTimestamp": "Jan 23, 2021 8:02:29 PM",
    "createdTimestamp": "Jan 23, 2021 8:02:29 PM",
    "isNewlyAdded": false,
    "isActive": true,
    "isDealsEnabled": false,
    "quantity": 0
  },
  {
    "id": 8750,
    "code": "Market Basket Corn And Bean Salsa",
    "desc": "Market Basket Corn And Bean Salsa",
    "shortDesc": "Market Basket Corn And Bean Salsa",
    "tags": [
      "Preserved Dips & Salsa"
    ],
    "categories": [
      {
        "code": "Condiments & Dressings",
        "desc": "Condiments & Dressings"
      }
    ],
    "subCategories": [
      {
        "code": "Preserved Dips & Spreads",
        "desc": "Preserved Dips & Spreads"
      }
    ],
    "brands": [
      {
        "code": "Market Basket",
        "desc": "Market Basket"
      }
    ],
    "price": {
      "basePrice": 2.19,
      "discountPrice": 2.19
    },
    "type": {
      "code": "Preserved Dips & Salsa",
      "desc": "Preserved Dips & Salsa"
    },
    "weight": "16 oz",
    "UpcCode": "",
    "tax": 0.0,
    "spiceLevel": "",
    "aiselNo": "1",
    "store": "Market Basket",
    "weightType": "16 oz",
    "imageName": "Market Basket.jpg",
    "defaultImage": "Market Basket.jpg",
    "updatedTimestamp": "Jan 23, 2021 8:02:30 PM",
    "createdTimestamp": "Jan 23, 2021 8:02:30 PM",
    "isNewlyAdded": false,
    "isActive": true,
    "isDealsEnabled": false,
    "quantity": 0
  },
  {
    "id": 187,
    "code": "Swiffer Sweeper Dry + Wet Sweeping Kit",
    "desc": "Swiffer Sweeper Dry + Wet Sweeping Kit",
    "shortDesc": "Swiffer Sweeper Dry + Wet Sweeping Kit",
    "tags": [
      "Other Cleaning Products"
    ],
    "categories": [
      {
        "code": "Kitchen & Cleaning",
        "desc": "Kitchen & Cleaning"
      }
    ],
    "subCategories": [
      {
        "code": "Cleaning Products",
        "desc": "Cleaning Products"
      }
    ],
    "brands": [
      {
        "code": "Swiffer",
        "desc": "Swiffer"
      }
    ],
    "price": {
      "basePrice": 29.29,
      "discountPrice": 29.29
    },
    "type": {
      "code": "Other Cleaning Products",
      "desc": "Other Cleaning Products"
    },
    "weight": "1 count",
    "UpcCode": "",
    "tax": 1.0,
    "spiceLevel": "",
    "aiselNo": "15",
    "store": "Market Basket",
    "weightType": "1 count",
    "imageName": "4290.jpg",
    "defaultImage": "4290.jpg",
    "updatedTimestamp": "Jan 23, 2021 8:02:30 PM",
    "createdTimestamp": "Jan 23, 2021 8:02:30 PM",
    "isNewlyAdded": false,
    "isActive": true,
    "isDealsEnabled": false,
    "quantity": 0
  },
  {
    "id": 7786,
    "code": "Market Basket Cut Green Beans",
    "desc": "Market Basket Cut Green Beans",
    "shortDesc": "Market Basket Cut Green Beans",
    "tags": [
      "Canned Meals & Beans"
    ],
    "categories": [
      {
        "code": "Cooking Needs",
        "desc": "Cooking Needs"
      }
    ],
    "subCategories": [
      {
        "code": "Canned Food",
        "desc": "Canned Food"
      }
    ],
    "brands": [
      {
        "code": "Market Basket",
        "desc": "Market Basket"
      }
    ],
    "price": {
      "basePrice": 0.79,
      "discountPrice": 0.79
    },
    "type": {
      "code": "Canned Meals & Beans",
      "desc": "Canned Meals & Beans"
    },
    "weight": "14.5 oz",
    "UpcCode": "",
    "tax": 0.0,
    "spiceLevel": "",
    "aiselNo": "2",
    "store": "Market Basket",
    "weightType": "14.5 oz",
    "imageName": "Market Basket.jpg",
    "defaultImage": "Market Basket.jpg",
    "updatedTimestamp": "Jan 23, 2021 8:02:30 PM",
    "createdTimestamp": "Jan 23, 2021 8:02:30 PM",
    "isNewlyAdded": false,
    "isActive": true,
    "isDealsEnabled": false,
    "quantity": 0
  },
  {
    "id": 6606,
    "code": "Market Basket 100% Pure Juice PREMIUM 100% PURE Original PASTEURIZED ORANGE  JUICE NOT FROM CONCENTRATE",
    "desc": "Market Basket 100% Pure Juice PREMIUM 100% PURE Original PASTEURIZED ORANGE  JUICE NOT FROM CONCENTRATE",
    "shortDesc": "Market Basket 100% Pure Juice PREMIUM 100% PURE Original PASTEURIZED ORANGE  JUICE NOT FROM CONCENTRATE",
    "tags": [
      "Refrigerated Drinks"
    ],
    "categories": [
      {
        "code": "Beverages & Juices",
        "desc": "Beverages & Juices"
      }
    ],
    "subCategories": [
      {
        "code": "Juices & Refrigerated Drinks",
        "desc": "Juices & Refrigerated Drinks"
      }
    ],
    "brands": [
      {
        "code": "Market Basket",
        "desc": "Market Basket"
      }
    ],
    "price": {
      "basePrice": 3.13,
      "discountPrice": 3.13
    },
    "type": {
      "code": "Refrigerated Drinks",
      "desc": "Refrigerated Drinks"
    },
    "weight": "59 fl oz",
    "UpcCode": "",
    "tax": 0.0,
    "spiceLevel": "",
    "aiselNo": "1",
    "store": "Market Basket",
    "weightType": "59 fl oz",
    "imageName": "X587.jpg",
    "defaultImage": "X587.jpg",
    "updatedTimestamp": "Jan 23, 2021 8:02:29 PM",
    "createdTimestamp": "Jan 23, 2021 8:02:29 PM",
    "isNewlyAdded": false,
    "isActive": true,
    "isDealsEnabled": false,
    "quantity": 0
  },
  {
    "id": 3738,
    "code": "Infinite Herbs Sleeved Basil Bunch",
    "desc": "Infinite Herbs Sleeved Basil Bunch",
    "shortDesc": "Infinite Herbs Sleeved Basil Bunch",
    "tags": [
      "Basil"
    ],
    "categories": [
      {
        "code": "Fresh Produce",
        "desc": "Fresh Produce"
      }
    ],
    "subCategories": [
      {
        "code": "Fresh Herbs",
        "desc": "Fresh Herbs"
      }
    ],
    "brands": [
      {
        "code": "Infinite Herbs",
        "desc": "Infinite Herbs"
      }
    ],
    "price": {
      "basePrice": 3.78,
      "discountPrice": 3.78
    },
    "type": {
      "code": "Basil",
      "desc": "Basil"
    },
    "weight": "1 count",
    "UpcCode": "",
    "tax": 0.0,
    "spiceLevel": "",
    "aiselNo": "20",
    "store": "Market Basket",
    "weightType": "1 count",
    "imageName": "No Image.jpg",
    "defaultImage": "No Image.jpg",
    "updatedTimestamp": "Jan 23, 2021 8:02:30 PM",
    "createdTimestamp": "Jan 23, 2021 8:02:30 PM",
    "isNewlyAdded": false,
    "isActive": true,
    "isDealsEnabled": false,
    "quantity": 0
  },
  {
    "id": 7946,
    "code": "Campbell's Condensed Campbell's Condensed Cheddar Cheese Soup",
    "desc": "Campbell's Condensed Campbell's Condensed Cheddar Cheese Soup",
    "shortDesc": "Campbell's Condensed Campbell's Condensed Cheddar Cheese Soup",
    "tags": [
      "Soup, Broth & Bouillon"
    ],
    "categories": [
      {
        "code": "Cooking Needs",
        "desc": "Cooking Needs"
      }
    ],
    "subCategories": [
      {
        "code": "Canned Food",
        "desc": "Canned Food"
      }
    ],
    "brands": [
      {
        "code": "Campbell's",
        "desc": "Campbell's"
      }
    ],
    "price": {
      "basePrice": 2.19,
      "discountPrice": 2.19
    },
    "type": {
      "code": "Soup, Broth & Bouillon",
      "desc": "Soup, Broth & Bouillon"
    },
    "weight": "10.5 oz",
    "UpcCode": "",
    "tax": 0.0,
    "spiceLevel": "",
    "aiselNo": "2",
    "store": "Market Basket",
    "weightType": "10.5 oz",
    "imageName": "5318.jpg",
    "defaultImage": "5318.jpg",
    "updatedTimestamp": "Jan 23, 2021 8:02:30 PM",
    "createdTimestamp": "Jan 23, 2021 8:02:30 PM",
    "isNewlyAdded": false,
    "isActive": true,
    "isDealsEnabled": false,
    "quantity": 0
  },
  {
    "id": 6486,
    "code": "Teddie Premium Selection Extra Fancy Mixed Nuts",
    "desc": "Teddie Premium Selection Extra Fancy Mixed Nuts",
    "shortDesc": "Teddie Premium Selection Extra Fancy Mixed Nuts",
    "tags": [
      "Nuts, Seeds & Dried Fruit"
    ],
    "categories": [
      {
        "code": "Chips, Cookies & Snacks",
        "desc": "Chips, Cookies & Snacks"
      }
    ],
    "subCategories": [
      {
        "code": "Nuts, Seeds & Dried Fruit",
        "desc": "Nuts, Seeds & Dried Fruit"
      }
    ],
    "brands": [
      {
        "code": "Teddie Premium Selection",
        "desc": "Teddie Premium Selection"
      }
    ],
    "price": {
      "basePrice": 6.24,
      "discountPrice": 6.24
    },
    "type": {
      "code": "Nuts, Seeds & Dried Fruit",
      "desc": "Nuts, Seeds & Dried Fruit"
    },
    "weight": "8 oz",
    "UpcCode": "",
    "tax": 0.0,
    "spiceLevel": "",
    "aiselNo": "6",
    "store": "Market Basket",
    "weightType": "8 oz",
    "imageName": "No Image.jpg",
    "defaultImage": "No Image.jpg",
    "updatedTimestamp": "Jan 23, 2021 8:02:30 PM",
    "createdTimestamp": "Jan 23, 2021 8:02:30 PM",
    "isNewlyAdded": false,
    "isActive": true,
    "isDealsEnabled": false,
    "quantity": 0
  },
  {
    "id": 3802,
    "code": "Infinite Herbs Organic Thyme",
    "desc": "Infinite Herbs Organic Thyme",
    "shortDesc": "Infinite Herbs Organic Thyme",
    "tags": [
      "Thyme"
    ],
    "categories": [
      {
        "code": "Fresh Produce",
        "desc": "Fresh Produce"
      }
    ],
    "subCategories": [
      {
        "code": "Fresh Organic Herbs",
        "desc": "Fresh Organic Herbs"
      }
    ],
    "brands": [
      {
        "code": "Infinite Herbs",
        "desc": "Infinite Herbs"
      }
    ],
    "price": {
      "basePrice": 5.62,
      "discountPrice": 5.62
    },
    "type": {
      "code": "Thyme",
      "desc": "Thyme"
    },
    "weight": "4 oz",
    "UpcCode": "",
    "tax": 0.0,
    "spiceLevel": "",
    "aiselNo": "20",
    "store": "Market Basket",
    "weightType": "4 oz",
    "imageName": "92.jpg",
    "defaultImage": "92.jpg",
    "updatedTimestamp": "Jan 23, 2021 8:02:30 PM",
    "createdTimestamp": "Jan 23, 2021 8:02:30 PM",
    "isNewlyAdded": false,
    "isActive": true,
    "isDealsEnabled": false,
    "quantity": 0
  },
  {
    "id": 10420,
    "code": "Goya Pinto Beans",
    "desc": "Goya Pinto Beans",
    "shortDesc": "Goya Pinto Beans",
    "tags": [
      "Canned Food"
    ],
    "categories": [
      {
        "code": "Cooking Needs",
        "desc": "Cooking Needs"
      }
    ],
    "subCategories": [
      {
        "code": "Canned Food",
        "desc": "Canned Food"
      }
    ],
    "brands": [
      {
        "code": "Goya",
        "desc": "Goya"
      }
    ],
    "price": {
      "basePrice": 2.09,
      "discountPrice": 2.09
    },
    "type": {
      "code": "Canned Food",
      "desc": "Canned Food"
    },
    "weight": "16 oz",
    "UpcCode": "",
    "tax": 0.0,
    "spiceLevel": "",
    "aiselNo": "7",
    "store": "Market Basket",
    "weightType": "16 oz",
    "imageName": "5806.jpg",
    "defaultImage": "5806.jpg",
    "updatedTimestamp": "Jan 23, 2021 8:02:30 PM",
    "createdTimestamp": "Jan 23, 2021 8:02:30 PM",
    "isNewlyAdded": false,
    "isActive": true,
    "isDealsEnabled": false,
    "quantity": 0
  },
  {
    "id": 7276,
    "code": "McCormick Gluten Free Beef Stew Seasoning Mix",
    "desc": "McCormick Gluten Free Beef Stew Seasoning Mix",
    "shortDesc": "McCormick Gluten Free Beef Stew Seasoning Mix",
    "tags": [
      "Spices & Seasonings"
    ],
    "categories": [
      {
        "code": "Cooking Needs",
        "desc": "Cooking Needs"
      }
    ],
    "subCategories": [
      {
        "code": "Spices & Seasonings",
        "desc": "Spices & Seasonings"
      }
    ],
    "brands": [
      {
        "code": "McCormick",
        "desc": "McCormick"
      }
    ],
    "price": {
      "basePrice": 1.29,
      "discountPrice": 1.29
    },
    "type": {
      "code": "Spices & Seasonings",
      "desc": "Spices & Seasonings"
    },
    "weight": "1.37 oz",
    "UpcCode": "",
    "tax": 0.0,
    "spiceLevel": "",
    "aiselNo": "9",
    "store": "Market Basket",
    "weightType": "1.37 oz",
    "imageName": "2176.jpg",
    "defaultImage": "2176.jpg",
    "updatedTimestamp": "Jan 23, 2021 8:02:30 PM",
    "createdTimestamp": "Jan 23, 2021 8:02:30 PM",
    "isNewlyAdded": false,
    "isActive": true,
    "isDealsEnabled": false,
    "quantity": 0
  },
  {
    "id": 4077,
    "code": "Market Basket Beef Chuck Fillet Roast",
    "desc": "Market Basket Beef Chuck Fillet Roast",
    "shortDesc": "Market Basket Beef Chuck Fillet Roast",
    "tags": [
      "Beef"
    ],
    "categories": [
      {
        "code": "Meat & Seafood",
        "desc": "Meat & Seafood"
      }
    ],
    "subCategories": [
      {
        "code": "Meat & Seafood Counter",
        "desc": "Meat & Seafood Counter"
      }
    ],
    "brands": [
      {
        "code": "Market Basket",
        "desc": "Market Basket"
      }
    ],
    "price": {
      "basePrice": 12.91,
      "discountPrice": 12.91
    },
    "type": {
      "code": "Beef",
      "desc": "Beef"
    },
    "weight": "Approx: 2.31 lb at $5.59/lb",
    "UpcCode": "",
    "tax": 0.0,
    "spiceLevel": "",
    "aiselNo": "22",
    "store": "Market Basket",
    "weightType": "Approx: 2.31 lb at $5.59/lb",
    "imageName": "Market Basket.jpg",
    "defaultImage": "Market Basket.jpg",
    "updatedTimestamp": "Jan 23, 2021 8:02:30 PM",
    "createdTimestamp": "Jan 23, 2021 8:02:30 PM",
    "isNewlyAdded": false,
    "isActive": true,
    "isDealsEnabled": false,
    "quantity": 0
  },
  {
    "id": 14662,
    "code": "AveenoÂ® Skin Relief 24 Hour Moisturizing Lotion",
    "desc": "AveenoÂ® Skin Relief 24 Hour Moisturizing Lotion",
    "shortDesc": "AveenoÂ® Skin Relief 24 Hour Moisturizing Lotion",
    "tags": [
      "Body Lotion"
    ],
    "categories": [
      {
        "code": "Personal Care",
        "desc": "Personal Care"
      }
    ],
    "subCategories": [
      {
        "code": "Body Wash, Soap & Hair Care",
        "desc": "Body Wash, Soap & Hair Care"
      }
    ],
    "brands": [
      {
        "code": "Aveeno",
        "desc": "Aveeno"
      }
    ],
    "price": {
      "basePrice": 12.64,
      "discountPrice": 12.64
    },
    "type": {
      "code": "Body Lotion",
      "desc": "Body Lotion"
    },
    "weight": "12 fl oz",
    "UpcCode": "",
    "tax": 1.0,
    "spiceLevel": "",
    "aiselNo": "13",
    "store": "Market Basket",
    "weightType": "12 fl oz",
    "imageName": "17761.jpg",
    "defaultImage": "17761.jpg",
    "updatedTimestamp": "Jan 23, 2021 8:02:30 PM",
    "createdTimestamp": "Jan 23, 2021 8:02:30 PM",
    "isNewlyAdded": false,
    "isActive": true,
    "isDealsEnabled": false,
    "quantity": 0
  },
  {
    "id": 15145,
    "code": "Aim Ultra Mint Gel Anticavity Fluoride Gel Toothpaste",
    "desc": "Aim Ultra Mint Gel Anticavity Fluoride Gel Toothpaste",
    "shortDesc": "Aim Ultra Mint Gel Anticavity Fluoride Gel Toothpaste",
    "tags": [
      "Oral Hygiene"
    ],
    "categories": [
      {
        "code": "Personal Care",
        "desc": "Personal Care"
      }
    ],
    "subCategories": [
      {
        "code": "Personal Needs",
        "desc": "Personal Needs"
      }
    ],
    "brands": [
      {
        "code": "Aim",
        "desc": "Aim"
      }
    ],
    "price": {
      "basePrice": 1.48,
      "discountPrice": 1.48
    },
    "type": {
      "code": "Oral Hygiene",
      "desc": "Oral Hygiene"
    },
    "weight": "6 oz",
    "UpcCode": "",
    "tax": 1.0,
    "spiceLevel": "",
    "aiselNo": "13",
    "store": "Market Basket",
    "weightType": "6 oz",
    "imageName": "17794.jpg",
    "defaultImage": "17794.jpg",
    "updatedTimestamp": "Jan 23, 2021 8:02:30 PM",
    "createdTimestamp": "Jan 23, 2021 8:02:30 PM",
    "isNewlyAdded": false,
    "isActive": true,
    "isDealsEnabled": false,
    "quantity": 0
  },
  {
    "id": 4531,
    "code": "Carando Classic Italian Foods Prosciutto",
    "desc": "Carando Classic Italian Foods Prosciutto",
    "shortDesc": "Carando Classic Italian Foods Prosciutto",
    "tags": [
      "Other Meat"
    ],
    "categories": [
      {
        "code": "Meat & Seafood",
        "desc": "Meat & Seafood"
      }
    ],
    "subCategories": [
      {
        "code": "Lunch Meat",
        "desc": "Lunch Meat"
      }
    ],
    "brands": [
      {
        "code": "Carando",
        "desc": "Carando"
      }
    ],
    "price": {
      "basePrice": 6.59,
      "discountPrice": 6.59
    },
    "type": {
      "code": "Other Meat",
      "desc": "Other Meat"
    },
    "weight": "0.67 oz",
    "UpcCode": "",
    "tax": 0.0,
    "spiceLevel": "",
    "aiselNo": "22",
    "store": "Market Basket",
    "weightType": "0.67 oz",
    "imageName": "No Image.jpg",
    "defaultImage": "No Image.jpg",
    "updatedTimestamp": "Jan 23, 2021 8:02:30 PM",
    "createdTimestamp": "Jan 23, 2021 8:02:30 PM",
    "isNewlyAdded": false,
    "isActive": true,
    "isDealsEnabled": false,
    "quantity": 0
  },
  {
    "id": 8352,
    "code": "Ben's Sugar Shack 100% Maple Syrup",
    "desc": "Ben's Sugar Shack 100% Maple Syrup",
    "shortDesc": "Ben's Sugar Shack 100% Maple Syrup",
    "tags": [
      "Syrup"
    ],
    "categories": [
      {
        "code": "Condiments & Dressings",
        "desc": "Condiments & Dressings"
      }
    ],
    "subCategories": [
      {
        "code": "Honey, Syrup & Nectars",
        "desc": "Honey, Syrup & Nectars"
      }
    ],
    "brands": [
      {
        "code": "Ben's Sugar Shack",
        "desc": "Ben's Sugar Shack"
      }
    ],
    "price": {
      "basePrice": 17.09,
      "discountPrice": 17.09
    },
    "type": {
      "code": "Syrup",
      "desc": "Syrup"
    },
    "weight": "1 ct",
    "UpcCode": "",
    "tax": 0.0,
    "spiceLevel": "",
    "aiselNo": "3",
    "store": "Market Basket",
    "weightType": "1 ct",
    "imageName": "No Image.jpg",
    "defaultImage": "No Image.jpg",
    "updatedTimestamp": "Jan 23, 2021 8:02:30 PM",
    "createdTimestamp": "Jan 23, 2021 8:02:30 PM",
    "isNewlyAdded": false,
    "isActive": true,
    "isDealsEnabled": false,
    "quantity": 0
  },
  {
    "id": 4369,
    "code": "Market Basket Albacore Tuna Steak",
    "desc": "Market Basket Albacore Tuna Steak",
    "shortDesc": "Market Basket Albacore Tuna Steak",
    "tags": [
      "Tuna"
    ],
    "categories": [
      {
        "code": "Meat & Seafood",
        "desc": "Meat & Seafood"
      }
    ],
    "subCategories": [
      {
        "code": "Meat & Seafood Counter",
        "desc": "Meat & Seafood Counter"
      }
    ],
    "brands": [
      {
        "code": "Market Basket",
        "desc": "Market Basket"
      }
    ],
    "price": {
      "basePrice": 8.59,
      "discountPrice": 8.59
    },
    "type": {
      "code": "Tuna",
      "desc": "Tuna"
    },
    "weight": "1 lb",
    "UpcCode": "",
    "tax": 0.0,
    "spiceLevel": "",
    "aiselNo": "22",
    "store": "Market Basket",
    "weightType": "1 lb",
    "imageName": "4071.jpg",
    "defaultImage": "4071.jpg",
    "updatedTimestamp": "Jan 23, 2021 8:02:30 PM",
    "createdTimestamp": "Jan 23, 2021 8:02:30 PM",
    "isNewlyAdded": false,
    "isActive": true,
    "isDealsEnabled": false,
    "quantity": 0
  },
  {
    "id": 5337,
    "code": "belVita Bites Blueberry",
    "desc": "belVita Bites Blueberry",
    "shortDesc": "belVita Bites Blueberry",
    "tags": [
      "Cookies & Cakes"
    ],
    "categories": [
      {
        "code": "Chips, Cookies & Snacks",
        "desc": "Chips, Cookies & Snacks"
      }
    ],
    "subCategories": [
      {
        "code": "Cookies & Crackers",
        "desc": "Cookies & Crackers"
      }
    ],
    "brands": [
      {
        "code": "belVita",
        "desc": "belVita"
      }
    ],
    "price": {
      "basePrice": 4.69,
      "discountPrice": 4.69
    },
    "type": {
      "code": "Cookies & Cakes",
      "desc": "Cookies & Cakes"
    },
    "weight": "8.8 oz",
    "UpcCode": "",
    "tax": 0.0,
    "spiceLevel": "",
    "aiselNo": "6",
    "store": "Market Basket",
    "weightType": "8.8 oz",
    "imageName": "No Image.jpg",
    "defaultImage": "No Image.jpg",
    "updatedTimestamp": "Jan 23, 2021 8:02:30 PM",
    "createdTimestamp": "Jan 23, 2021 8:02:30 PM",
    "isNewlyAdded": false,
    "isActive": true,
    "isDealsEnabled": false,
    "quantity": 0
  },
  {
    "id": 7431,
    "code": "Del Monte Fresh Cut Sweet Peas",
    "desc": "Del Monte Fresh Cut Sweet Peas",
    "shortDesc": "Del Monte Fresh Cut Sweet Peas",
    "tags": [
      "Canned & Jarred Vegetables"
    ],
    "categories": [
      {
        "code": "Cooking Needs",
        "desc": "Cooking Needs"
      }
    ],
    "subCategories": [
      {
        "code": "Canned Food",
        "desc": "Canned Food"
      }
    ],
    "brands": [
      {
        "code": "Del Monte",
        "desc": "Del Monte"
      }
    ],
    "price": {
      "basePrice": 0.99,
      "discountPrice": 0.99
    },
    "type": {
      "code": "Canned & Jarred Vegetables",
      "desc": "Canned & Jarred Vegetables"
    },
    "weight": "8.5 oz",
    "UpcCode": "",
    "tax": 0.0,
    "spiceLevel": "",
    "aiselNo": "9",
    "store": "Market Basket",
    "weightType": "8.5 oz",
    "imageName": "5024.jpg",
    "defaultImage": "5024.jpg",
    "updatedTimestamp": "Jan 23, 2021 8:02:30 PM",
    "createdTimestamp": "Jan 23, 2021 8:02:30 PM",
    "isNewlyAdded": false,
    "isActive": true,
    "isDealsEnabled": false,
    "quantity": 0
  },
  {
    "id": 3906,
    "code": "Fresh from the Start Bag of Onions",
    "desc": "Fresh from the Start Bag of Onions",
    "shortDesc": "Fresh from the Start Bag of Onions",
    "tags": [
      "Onion"
    ],
    "categories": [
      {
        "code": "Fresh Produce",
        "desc": "Fresh Produce"
      }
    ],
    "subCategories": [
      {
        "code": "Fresh Vegetables",
        "desc": "Fresh Vegetables"
      }
    ],
    "brands": [
      {
        "code": "Fresh from the Start",
        "desc": "Fresh from the Start"
      }
    ],
    "price": {
      "basePrice": 5.51,
      "discountPrice": 5.51
    },
    "type": {
      "code": "Onion",
      "desc": "Onion"
    },
    "weight": "5 lb bag",
    "UpcCode": "",
    "tax": 0.0,
    "spiceLevel": "",
    "aiselNo": "20",
    "store": "Market Basket",
    "weightType": "5 lb bag",
    "imageName": "49.jpg",
    "defaultImage": "49.jpg",
    "updatedTimestamp": "Jan 23, 2021 8:02:30 PM",
    "createdTimestamp": "Jan 23, 2021 8:02:30 PM",
    "isNewlyAdded": false,
    "isActive": true,
    "isDealsEnabled": false,
    "quantity": 0
  },
  {
    "id": 5050,
    "code": "Keebler Deluxe Grahams Original",
    "desc": "Keebler Deluxe Grahams Original",
    "shortDesc": "Keebler Deluxe Grahams Original",
    "tags": [
      "Cookies & Cakes"
    ],
    "categories": [
      {
        "code": "Chips, Cookies & Snacks",
        "desc": "Chips, Cookies & Snacks"
      }
    ],
    "subCategories": [
      {
        "code": "Cookies & Crackers",
        "desc": "Cookies & Crackers"
      }
    ],
    "brands": [
      {
        "code": "Keebler",
        "desc": "Keebler"
      }
    ],
    "price": {
      "basePrice": 3.91,
      "discountPrice": 3.91
    },
    "type": {
      "code": "Cookies & Cakes",
      "desc": "Cookies & Cakes"
    },
    "weight": "12.5 oz",
    "UpcCode": "",
    "tax": 0.0,
    "spiceLevel": "",
    "aiselNo": "6",
    "store": "Market Basket",
    "weightType": "12.5 oz",
    "imageName": "No Image.jpg",
    "defaultImage": "No Image.jpg",
    "updatedTimestamp": "Jan 23, 2021 8:02:30 PM",
    "createdTimestamp": "Jan 23, 2021 8:02:30 PM",
    "isNewlyAdded": false,
    "isActive": true,
    "isDealsEnabled": false,
    "quantity": 0
  },
  {
    "id": 14383,
    "code": "Gevalia House Blend Ground Arabica Coffee",
    "desc": "Gevalia House Blend Ground Arabica Coffee",
    "shortDesc": "Gevalia House Blend Ground Arabica Coffee",
    "tags": [
      "Coffee"
    ],
    "categories": [
      {
        "code": "Breakfast & Dairy",
        "desc": "Breakfast & Dairy"
      }
    ],
    "subCategories": [
      {
        "code": "Tea & Coffee",
        "desc": "Tea & Coffee"
      }
    ],
    "brands": [
      {
        "code": "Gevalia",
        "desc": "Gevalia"
      }
    ],
    "price": {
      "basePrice": 7.39,
      "discountPrice": 7.39
    },
    "type": {
      "code": "Coffee",
      "desc": "Coffee"
    },
    "weight": "12 oz",
    "UpcCode": "",
    "tax": 0.0,
    "spiceLevel": "",
    "aiselNo": "8",
    "store": "Market Basket",
    "weightType": "12 oz",
    "imageName": "16297.jpg",
    "defaultImage": "16297.jpg",
    "updatedTimestamp": "Jan 23, 2021 8:02:30 PM",
    "createdTimestamp": "Jan 23, 2021 8:02:30 PM",
    "isNewlyAdded": false,
    "isActive": true,
    "isDealsEnabled": false,
    "quantity": 0
  },
  {
    "id": 5653,
    "code": "Doublemint Chewing Gum Multi Total Pack",
    "desc": "Doublemint Chewing Gum Multi Total Pack",
    "shortDesc": "Doublemint Chewing Gum Multi Total Pack",
    "tags": [
      "Mint & Gum"
    ],
    "categories": [
      {
        "code": "Chips, Cookies & Snacks",
        "desc": "Chips, Cookies & Snacks"
      }
    ],
    "subCategories": [
      {
        "code": "Candy & Chocolates",
        "desc": "Candy & Chocolates"
      }
    ],
    "brands": [
      {
        "code": "Gum",
        "desc": "Gum"
      }
    ],
    "price": {
      "basePrice": 3.09,
      "discountPrice": 3.09
    },
    "type": {
      "code": "Mint & Gum",
      "desc": "Mint & Gum"
    },
    "weight": "3 ct",
    "UpcCode": "",
    "tax": 0.0,
    "spiceLevel": "",
    "aiselNo": "3",
    "store": "Market Basket",
    "weightType": "3 ct",
    "imageName": "15338.jpg",
    "defaultImage": "15338.jpg",
    "updatedTimestamp": "Jan 23, 2021 8:02:30 PM",
    "createdTimestamp": "Jan 23, 2021 8:02:30 PM",
    "isNewlyAdded": false,
    "isActive": true,
    "isDealsEnabled": false,
    "quantity": 0
  },
  {
    "id": 4170,
    "code": "Creekstone Farm Black Angus Ground Beef",
    "desc": "Creekstone Farm Black Angus Ground Beef",
    "shortDesc": "Creekstone Farm Black Angus Ground Beef",
    "tags": [
      "Beef"
    ],
    "categories": [
      {
        "code": "Meat & Seafood",
        "desc": "Meat & Seafood"
      }
    ],
    "subCategories": [
      {
        "code": "Packaged Meat & Seafood",
        "desc": "Packaged Meat & Seafood"
      }
    ],
    "brands": [
      {
        "code": "Creekstone Farm",
        "desc": "Creekstone Farm"
      }
    ],
    "price": {
      "basePrice": 8.69,
      "discountPrice": 8.69
    },
    "type": {
      "code": "Beef",
      "desc": "Beef"
    },
    "weight": "1 lb",
    "UpcCode": "",
    "tax": 0.0,
    "spiceLevel": "",
    "aiselNo": "22",
    "store": "Market Basket",
    "weightType": "1 lb",
    "imageName": "16705.jpg",
    "defaultImage": "16705.jpg",
    "updatedTimestamp": "Jan 23, 2021 8:02:30 PM",
    "createdTimestamp": "Jan 23, 2021 8:02:30 PM",
    "isNewlyAdded": false,
    "isActive": true,
    "isDealsEnabled": false,
    "quantity": 0
  },
  {
    "id": 3761,
    "code": "Infinite Herbs Rosemary",
    "desc": "Infinite Herbs Rosemary",
    "shortDesc": "Infinite Herbs Rosemary",
    "tags": [
      "Rosemary"
    ],
    "categories": [
      {
        "code": "Fresh Produce",
        "desc": "Fresh Produce"
      }
    ],
    "subCategories": [
      {
        "code": "Fresh Herbs",
        "desc": "Fresh Herbs"
      }
    ],
    "brands": [
      {
        "code": "Infinite Herbs",
        "desc": "Infinite Herbs"
      }
    ],
    "price": {
      "basePrice": 2.86,
      "discountPrice": 2.86
    },
    "type": {
      "code": "Rosemary",
      "desc": "Rosemary"
    },
    "weight": "1 oz",
    "UpcCode": "",
    "tax": 0.0,
    "spiceLevel": "",
    "aiselNo": "20",
    "store": "Market Basket",
    "weightType": "1 oz",
    "imageName": "90.jpg",
    "defaultImage": "90.jpg",
    "updatedTimestamp": "Jan 23, 2021 8:02:30 PM",
    "createdTimestamp": "Jan 23, 2021 8:02:30 PM",
    "isNewlyAdded": false,
    "isActive": true,
    "isDealsEnabled": false,
    "quantity": 0
  },
  {
    "id": 303,
    "code": "Reynolds Bakeware 16.13 in. x 11.75 in. x 2.88 in. Heavy Duty with Lid Multi Purpose Pan",
    "desc": "Reynolds Bakeware 16.13 in. x 11.75 in. x 2.88 in. Heavy Duty with Lid Multi Purpose Pan",
    "shortDesc": "Reynolds Bakeware 16.13 in. x 11.75 in. x 2.88 in. Heavy Duty with Lid Multi Purpose Pan",
    "tags": [
      "Multi Purpose Pans"
    ],
    "categories": [
      {
        "code": "Kitchen & Cleaning",
        "desc": "Kitchen & Cleaning"
      }
    ],
    "subCategories": [
      {
        "code": "Food Storage & Kitchen Supplies",
        "desc": "Food Storage & Kitchen Supplies"
      }
    ],
    "brands": [
      {
        "code": "Reynolds",
        "desc": "Reynolds"
      }
    ],
    "price": {
      "basePrice": 7.39,
      "discountPrice": 7.39
    },
    "type": {
      "code": "Multi Purpose Pans",
      "desc": "Multi Purpose Pans"
    },
    "weight": "1 count",
    "UpcCode": "",
    "tax": 1.0,
    "spiceLevel": "",
    "aiselNo": "12",
    "store": "Market Basket",
    "weightType": "1 count",
    "imageName": "4479.jpg",
    "defaultImage": "4479.jpg",
    "updatedTimestamp": "Jan 23, 2021 8:02:30 PM",
    "createdTimestamp": "Jan 23, 2021 8:02:30 PM",
    "isNewlyAdded": false,
    "isActive": true,
    "isDealsEnabled": false,
    "quantity": 0
  },
  {
    "id": 431,
    "code": "Market Basket Grip N Tie Lawn And Leaf Bags",
    "desc": "Market Basket Grip N Tie Lawn And Leaf Bags",
    "shortDesc": "Market Basket Grip N Tie Lawn And Leaf Bags",
    "tags": [
      "Regular Trash Bags"
    ],
    "categories": [
      {
        "code": "Kitchen & Cleaning",
        "desc": "Kitchen & Cleaning"
      }
    ],
    "subCategories": [
      {
        "code": "Trash Bags & Liners",
        "desc": "Trash Bags & Liners"
      }
    ],
    "brands": [
      {
        "code": "Market Basket",
        "desc": "Market Basket"
      }
    ],
    "price": {
      "basePrice": 2.79,
      "discountPrice": 2.79
    },
    "type": {
      "code": "Regular Trash Bags",
      "desc": "Regular Trash Bags"
    },
    "weight": "10 count",
    "UpcCode": "",
    "tax": 1.0,
    "spiceLevel": "",
    "aiselNo": "12",
    "store": "Market Basket",
    "weightType": "10 count",
    "imageName": "Market Basket.jpg",
    "defaultImage": "Market Basket.jpg",
    "updatedTimestamp": "Jan 23, 2021 8:02:30 PM",
    "createdTimestamp": "Jan 23, 2021 8:02:30 PM",
    "isNewlyAdded": false,
    "isActive": true,
    "isDealsEnabled": false,
    "quantity": 0
  },
  {
    "id": 14938,
    "code": "Pepto-Bismol 5 Symptom Digestive Relief",
    "desc": "Pepto-Bismol 5 Symptom Digestive Relief",
    "shortDesc": "Pepto-Bismol 5 Symptom Digestive Relief",
    "tags": [
      "Digestion"
    ],
    "categories": [
      {
        "code": "Personal Care",
        "desc": "Personal Care"
      }
    ],
    "subCategories": [
      {
        "code": "First Aid & Healthcare",
        "desc": "First Aid & Healthcare"
      }
    ],
    "brands": [
      {
        "code": "Pepto Bismol",
        "desc": "Pepto Bismol"
      }
    ],
    "price": {
      "basePrice": 7.0,
      "discountPrice": 7.0
    },
    "type": {
      "code": "Digestion",
      "desc": "Digestion"
    },
    "weight": "30 count",
    "UpcCode": "",
    "tax": 1.0,
    "spiceLevel": "",
    "aiselNo": "13",
    "store": "Market Basket",
    "weightType": "30 count",
    "imageName": "6650.jpg",
    "defaultImage": "6650.jpg",
    "updatedTimestamp": "Jan 23, 2021 8:02:30 PM",
    "createdTimestamp": "Jan 23, 2021 8:02:30 PM",
    "isNewlyAdded": false,
    "isActive": true,
    "isDealsEnabled": false,
    "quantity": 0
  },
  {
    "id": 4181,
    "code": "PanaPesca Whole Cleaned Calamari",
    "desc": "PanaPesca Whole Cleaned Calamari",
    "shortDesc": "PanaPesca Whole Cleaned Calamari",
    "tags": [
      "Calamari"
    ],
    "categories": [
      {
        "code": "Meat & Seafood",
        "desc": "Meat & Seafood"
      }
    ],
    "subCategories": [
      {
        "code": "Packaged Meat & Seafood",
        "desc": "Packaged Meat & Seafood"
      }
    ],
    "brands": [
      {
        "code": "PanaPesca",
        "desc": "PanaPesca"
      }
    ],
    "price": {
      "basePrice": 8.59,
      "discountPrice": 8.59
    },
    "type": {
      "code": "Calamari",
      "desc": "Calamari"
    },
    "weight": "17.6 oz",
    "UpcCode": "",
    "tax": 0.0,
    "spiceLevel": "",
    "aiselNo": "22",
    "store": "Market Basket",
    "weightType": "17.6 oz",
    "imageName": "4140.jpg",
    "defaultImage": "4140.jpg",
    "updatedTimestamp": "Jan 23, 2021 8:02:30 PM",
    "createdTimestamp": "Jan 23, 2021 8:02:30 PM",
    "isNewlyAdded": false,
    "isActive": true,
    "isDealsEnabled": false,
    "quantity": 0
  },
  {
    "id": 14348,
    "code": "Cafe Bustelo Espresso Instant Coffee",
    "desc": "Cafe Bustelo Espresso Instant Coffee",
    "shortDesc": "Cafe Bustelo Espresso Instant Coffee",
    "tags": [
      "Coffee"
    ],
    "categories": [
      {
        "code": "Breakfast & Dairy",
        "desc": "Breakfast & Dairy"
      }
    ],
    "subCategories": [
      {
        "code": "Tea & Coffee",
        "desc": "Tea & Coffee"
      }
    ],
    "brands": [
      {
        "code": "Cafe Bustelo",
        "desc": "Cafe Bustelo"
      }
    ],
    "price": {
      "basePrice": 7.39,
      "discountPrice": 7.39
    },
    "type": {
      "code": "Coffee",
      "desc": "Coffee"
    },
    "weight": "7.05 oz",
    "UpcCode": "",
    "tax": 0.0,
    "spiceLevel": "",
    "aiselNo": "8",
    "store": "Market Basket",
    "weightType": "7.05 oz",
    "imageName": "16281.jpg",
    "defaultImage": "16281.jpg",
    "updatedTimestamp": "Jan 23, 2021 8:02:30 PM",
    "createdTimestamp": "Jan 23, 2021 8:02:30 PM",
    "isNewlyAdded": false,
    "isActive": true,
    "isDealsEnabled": false,
    "quantity": 0
  },
  {
    "id": 492,
    "code": "Tide Simply + OXI Refreshing Breeze 74 Loads Laundry Detergent",
    "desc": "Tide Simply + OXI Refreshing Breeze 74 Loads Laundry Detergent",
    "shortDesc": "Tide Simply + OXI Refreshing Breeze 74 Loads Laundry Detergent",
    "tags": [
      "Laundry Detergent"
    ],
    "categories": [
      {
        "code": "Laundry & Paper Goods",
        "desc": "Laundry & Paper Goods"
      }
    ],
    "subCategories": [
      {
        "code": "Laundry",
        "desc": "Laundry"
      }
    ],
    "brands": [
      {
        "code": "Tide",
        "desc": "Tide"
      }
    ],
    "price": {
      "basePrice": 11.86,
      "discountPrice": 11.86
    },
    "type": {
      "code": "Laundry Detergent",
      "desc": "Laundry Detergent"
    },
    "weight": "115 fl oz",
    "UpcCode": "",
    "tax": 1.0,
    "spiceLevel": "",
    "aiselNo": "15",
    "store": "Market Basket",
    "weightType": "115 fl oz",
    "imageName": "No Image.jpg",
    "defaultImage": "No Image.jpg",
    "updatedTimestamp": "Jan 23, 2021 8:02:30 PM",
    "createdTimestamp": "Jan 23, 2021 8:02:30 PM",
    "isNewlyAdded": false,
    "isActive": true,
    "isDealsEnabled": false,
    "quantity": 0
  },
  {
    "id": 4530,
    "code": "Carando Classic Italian Foods Boneless Prosciutto",
    "desc": "Carando Classic Italian Foods Boneless Prosciutto",
    "shortDesc": "Carando Classic Italian Foods Boneless Prosciutto",
    "tags": [
      "Other Meat"
    ],
    "categories": [
      {
        "code": "Meat & Seafood",
        "desc": "Meat & Seafood"
      }
    ],
    "subCategories": [
      {
        "code": "Lunch Meat",
        "desc": "Lunch Meat"
      }
    ],
    "brands": [
      {
        "code": "Carando",
        "desc": "Carando"
      }
    ],
    "price": {
      "basePrice": 2.19,
      "discountPrice": 2.19
    },
    "type": {
      "code": "Other Meat",
      "desc": "Other Meat"
    },
    "weight": "0.22 oz",
    "UpcCode": "",
    "tax": 0.0,
    "spiceLevel": "",
    "aiselNo": "22",
    "store": "Market Basket",
    "weightType": "0.22 oz",
    "imageName": "No Image.jpg",
    "defaultImage": "No Image.jpg",
    "updatedTimestamp": "Jan 23, 2021 8:02:30 PM",
    "createdTimestamp": "Jan 23, 2021 8:02:30 PM",
    "isNewlyAdded": false,
    "isActive": true,
    "isDealsEnabled": false,
    "quantity": 0
  },
  {
    "id": 14885,
    "code": "Always Ultra Thin Pads Overnight",
    "desc": "Always Ultra Thin Pads Overnight",
    "shortDesc": "Always Ultra Thin Pads Overnight",
    "tags": [
      "Menstrual Pads"
    ],
    "categories": [
      {
        "code": "Personal Care",
        "desc": "Personal Care"
      }
    ],
    "subCategories": [
      {
        "code": "Feminine Care",
        "desc": "Feminine Care"
      }
    ],
    "brands": [
      {
        "code": "Always",
        "desc": "Always"
      }
    ],
    "price": {
      "basePrice": 4.93,
      "discountPrice": 4.93
    },
    "type": {
      "code": "Menstrual Pads",
      "desc": "Menstrual Pads"
    },
    "weight": "14 count",
    "UpcCode": "",
    "tax": 1.0,
    "spiceLevel": "",
    "aiselNo": "13",
    "store": "Market Basket",
    "weightType": "14 count",
    "imageName": "6497.jpg",
    "defaultImage": "6497.jpg",
    "updatedTimestamp": "Jan 23, 2021 8:02:30 PM",
    "createdTimestamp": "Jan 23, 2021 8:02:30 PM",
    "isNewlyAdded": false,
    "isActive": true,
    "isDealsEnabled": false,
    "quantity": 0
  },
  {
    "id": 7289,
    "code": "McCormick GourmetÃ¢âÂ¢ Organic Dill Weed",
    "desc": "McCormick GourmetÃ¢âÂ¢ Organic Dill Weed",
    "shortDesc": "McCormick GourmetÃ¢âÂ¢ Organic Dill Weed",
    "tags": [
      "Spices & Seasonings"
    ],
    "categories": [
      {
        "code": "Cooking Needs",
        "desc": "Cooking Needs"
      }
    ],
    "subCategories": [
      {
        "code": "Spices & Seasonings",
        "desc": "Spices & Seasonings"
      }
    ],
    "brands": [
      {
        "code": "McCormick",
        "desc": "McCormick"
      }
    ],
    "price": {
      "basePrice": 6.09,
      "discountPrice": 6.09
    },
    "type": {
      "code": "Spices & Seasonings",
      "desc": "Spices & Seasonings"
    },
    "weight": "0.5 oz",
    "UpcCode": "",
    "tax": 0.0,
    "spiceLevel": "",
    "aiselNo": "9",
    "store": "Market Basket",
    "weightType": "0.5 oz",
    "imageName": "2195.jpg",
    "defaultImage": "2195.jpg",
    "updatedTimestamp": "Jan 23, 2021 8:02:30 PM",
    "createdTimestamp": "Jan 23, 2021 8:02:30 PM",
    "isNewlyAdded": false,
    "isActive": true,
    "isDealsEnabled": false,
    "quantity": 0
  },
  {
    "id": 6432,
    "code": "Sunsweet D'Noir Prunes Pitted Plums",
    "desc": "Sunsweet D'Noir Prunes Pitted Plums",
    "shortDesc": "Sunsweet D'Noir Prunes Pitted Plums",
    "tags": [
      "Nuts, Seeds & Dried Fruit"
    ],
    "categories": [
      {
        "code": "Chips, Cookies & Snacks",
        "desc": "Chips, Cookies & Snacks"
      }
    ],
    "subCategories": [
      {
        "code": "Nuts, Seeds & Dried Fruit",
        "desc": "Nuts, Seeds & Dried Fruit"
      }
    ],
    "brands": [
      {
        "code": "Sunsweet",
        "desc": "Sunsweet"
      }
    ],
    "price": {
      "basePrice": 3.49,
      "discountPrice": 3.49
    },
    "type": {
      "code": "Nuts, Seeds & Dried Fruit",
      "desc": "Nuts, Seeds & Dried Fruit"
    },
    "weight": "8 oz",
    "UpcCode": "",
    "tax": 0.0,
    "spiceLevel": "",
    "aiselNo": "6",
    "store": "Market Basket",
    "weightType": "8 oz",
    "imageName": "1387.jpg",
    "defaultImage": "1387.jpg",
    "updatedTimestamp": "Jan 23, 2021 8:02:30 PM",
    "createdTimestamp": "Jan 23, 2021 8:02:30 PM",
    "isNewlyAdded": false,
    "isActive": true,
    "isDealsEnabled": false,
    "quantity": 0
  },
  {
    "id": 317,
    "code": "Hefty Ez Foil 16 7/8 x 12 11/16 x 3 1/16\" Crown Oval Roaster Pan with Handles",
    "desc": "Hefty Ez Foil 16 7/8 x 12 11/16 x 3 1/16\" Crown Oval Roaster Pan with Handles",
    "shortDesc": "Hefty Ez Foil 16 7/8 x 12 11/16 x 3 1/16\" Crown Oval Roaster Pan with Handles",
    "tags": [
      "Roaster Pans"
    ],
    "categories": [
      {
        "code": "Kitchen & Cleaning",
        "desc": "Kitchen & Cleaning"
      }
    ],
    "subCategories": [
      {
        "code": "Food Storage & Kitchen Supplies",
        "desc": "Food Storage & Kitchen Supplies"
      }
    ],
    "brands": [
      {
        "code": "Hefty",
        "desc": "Hefty"
      }
    ],
    "price": {
      "basePrice": 3.69,
      "discountPrice": 3.69
    },
    "type": {
      "code": "Roaster Pans",
      "desc": "Roaster Pans"
    },
    "weight": "1 count",
    "UpcCode": "",
    "tax": 1.0,
    "spiceLevel": "",
    "aiselNo": "12",
    "store": "Market Basket",
    "weightType": "1 count",
    "imageName": "4459.jpg",
    "defaultImage": "4459.jpg",
    "updatedTimestamp": "Jan 23, 2021 8:02:30 PM",
    "createdTimestamp": "Jan 23, 2021 8:02:30 PM",
    "isNewlyAdded": false,
    "isActive": true,
    "isDealsEnabled": false,
    "quantity": 0
  },
  {
    "id": 8786,
    "code": "Wise Salsa Con Queso Medium",
    "desc": "Wise Salsa Con Queso Medium",
    "shortDesc": "Wise Salsa Con Queso Medium",
    "tags": [
      "Preserved Dips & Salsa"
    ],
    "categories": [
      {
        "code": "Condiments & Dressings",
        "desc": "Condiments & Dressings"
      }
    ],
    "subCategories": [
      {
        "code": "Preserved Dips & Spreads",
        "desc": "Preserved Dips & Spreads"
      }
    ],
    "brands": [
      {
        "code": "Wise",
        "desc": "Wise"
      }
    ],
    "price": {
      "basePrice": 3.09,
      "discountPrice": 3.09
    },
    "type": {
      "code": "Preserved Dips & Salsa",
      "desc": "Preserved Dips & Salsa"
    },
    "weight": "15 oz",
    "UpcCode": "",
    "tax": 0.0,
    "spiceLevel": "",
    "aiselNo": "0",
    "store": "Market Basket",
    "weightType": "15 oz",
    "imageName": "15610.jpg",
    "defaultImage": "15610.jpg",
    "updatedTimestamp": "Jan 23, 2021 8:02:30 PM",
    "createdTimestamp": "Jan 23, 2021 8:02:30 PM",
    "isNewlyAdded": false,
    "isActive": true,
    "isDealsEnabled": false,
    "quantity": 0
  },
  {
    "id": 15142,
    "code": "Aim Multi Benefit Whitening W/Baking Soda Fresh Mint Gel Toothpaste",
    "desc": "Aim Multi Benefit Whitening W/Baking Soda Fresh Mint Gel Toothpaste",
    "shortDesc": "Aim Multi Benefit Whitening W/Baking Soda Fresh Mint Gel Toothpaste",
    "tags": [
      "Oral Hygiene"
    ],
    "categories": [
      {
        "code": "Personal Care",
        "desc": "Personal Care"
      }
    ],
    "subCategories": [
      {
        "code": "Personal Needs",
        "desc": "Personal Needs"
      }
    ],
    "brands": [
      {
        "code": "Aim",
        "desc": "Aim"
      }
    ],
    "price": {
      "basePrice": 1.48,
      "discountPrice": 1.48
    },
    "type": {
      "code": "Oral Hygiene",
      "desc": "Oral Hygiene"
    },
    "weight": "6 oz",
    "UpcCode": "",
    "tax": 1.0,
    "spiceLevel": "",
    "aiselNo": "13",
    "store": "Market Basket",
    "weightType": "6 oz",
    "imageName": "17776.jpg",
    "defaultImage": "17776.jpg",
    "updatedTimestamp": "Jan 23, 2021 8:02:30 PM",
    "createdTimestamp": "Jan 23, 2021 8:02:30 PM",
    "isNewlyAdded": false,
    "isActive": true,
    "isDealsEnabled": false,
    "quantity": 0
  },
  {
    "id": 3565,
    "code": "Napa Cabbage",
    "desc": "Napa Cabbage",
    "shortDesc": "Napa Cabbage",
    "tags": [
      "Cabbage"
    ],
    "categories": [
      {
        "code": "Fresh Produce",
        "desc": "Fresh Produce"
      }
    ],
    "subCategories": [
      {
        "code": "Fresh Vegetables",
        "desc": "Fresh Vegetables"
      }
    ],
    "brands": [
      {
        "code": "Market Basket",
        "desc": "Market Basket"
      }
    ],
    "price": {
      "basePrice": 2.17,
      "discountPrice": 2.17
    },
    "type": {
      "code": "Cabbage",
      "desc": "Cabbage"
    },
    "weight": "1 lb",
    "UpcCode": "",
    "tax": 0.0,
    "spiceLevel": "",
    "aiselNo": "20",
    "store": "Market Basket",
    "weightType": "1 lb",
    "imageName": "FP115.jpg",
    "defaultImage": "FP115.jpg",
    "updatedTimestamp": "Jan 23, 2021 8:02:30 PM",
    "createdTimestamp": "Jan 23, 2021 8:02:30 PM",
    "isNewlyAdded": false,
    "isActive": true,
    "isDealsEnabled": false,
    "quantity": 0
  },
  {
    "id": 14958,
    "code": "Cortizone-10 Maximum Strength Anti-Itch Ointment",
    "desc": "Cortizone-10 Maximum Strength Anti-Itch Ointment",
    "shortDesc": "Cortizone-10 Maximum Strength Anti-Itch Ointment",
    "tags": [
      "First Aid"
    ],
    "categories": [
      {
        "code": "Personal Care",
        "desc": "Personal Care"
      }
    ],
    "subCategories": [
      {
        "code": "First Aid & Healthcare",
        "desc": "First Aid & Healthcare"
      }
    ],
    "brands": [
      {
        "code": "Cortizone-10",
        "desc": "Cortizone-10"
      }
    ],
    "price": {
      "basePrice": 7.69,
      "discountPrice": 7.69
    },
    "type": {
      "code": "First Aid",
      "desc": "First Aid"
    },
    "weight": "1 oz",
    "UpcCode": "",
    "tax": 1.0,
    "spiceLevel": "",
    "aiselNo": "13",
    "store": "Market Basket",
    "weightType": "1 oz",
    "imageName": "6532.jpg",
    "defaultImage": "6532.jpg",
    "updatedTimestamp": "Jan 23, 2021 8:02:30 PM",
    "createdTimestamp": "Jan 23, 2021 8:02:30 PM",
    "isNewlyAdded": false,
    "isActive": true,
    "isDealsEnabled": false,
    "quantity": 0
  },
  {
    "id": 7885,
    "code": "Spam Lite Canned Meat",
    "desc": "Spam Lite Canned Meat",
    "shortDesc": "Spam Lite Canned Meat",
    "tags": [
      "Canned Meat & Seafood"
    ],
    "categories": [
      {
        "code": "Cooking Needs",
        "desc": "Cooking Needs"
      }
    ],
    "subCategories": [
      {
        "code": "Canned Food",
        "desc": "Canned Food"
      }
    ],
    "brands": [
      {
        "code": "Spam",
        "desc": "Spam"
      }
    ],
    "price": {
      "basePrice": 3.09,
      "discountPrice": 3.09
    },
    "type": {
      "code": "Canned Meat & Seafood",
      "desc": "Canned Meat & Seafood"
    },
    "weight": "12 oz",
    "UpcCode": "",
    "tax": 0.0,
    "spiceLevel": "",
    "aiselNo": "2",
    "store": "Market Basket",
    "weightType": "12 oz",
    "imageName": "17149.jpg",
    "defaultImage": "17149.jpg",
    "updatedTimestamp": "Jan 23, 2021 8:02:30 PM",
    "createdTimestamp": "Jan 23, 2021 8:02:30 PM",
    "isNewlyAdded": false,
    "isActive": true,
    "isDealsEnabled": false,
    "quantity": 0
  },
  {
    "id": 4326,
    "code": "Market Basket Whole Center Cut Boneless Pork Loin",
    "desc": "Market Basket Whole Center Cut Boneless Pork Loin",
    "shortDesc": "Market Basket Whole Center Cut Boneless Pork Loin",
    "tags": [
      "Pork"
    ],
    "categories": [
      {
        "code": "Meat & Seafood",
        "desc": "Meat & Seafood"
      }
    ],
    "subCategories": [
      {
        "code": "Meat & Seafood Counter",
        "desc": "Meat & Seafood Counter"
      }
    ],
    "brands": [
      {
        "code": "Market Basket",
        "desc": "Market Basket"
      }
    ],
    "price": {
      "basePrice": 4.76,
      "discountPrice": 4.76
    },
    "type": {
      "code": "Pork",
      "desc": "Pork"
    },
    "weight": "Approx: 1.77 lb at $2.69/lb",
    "UpcCode": "",
    "tax": 0.0,
    "spiceLevel": "",
    "aiselNo": "22",
    "store": "Market Basket",
    "weightType": "Approx: 1.77 lb at $2.69/lb",
    "imageName": "Market Basket.jpg",
    "defaultImage": "Market Basket.jpg",
    "updatedTimestamp": "Jan 23, 2021 8:02:30 PM",
    "createdTimestamp": "Jan 23, 2021 8:02:30 PM",
    "isNewlyAdded": false,
    "isActive": true,
    "isDealsEnabled": false,
    "quantity": 0
  },
  {
    "id": 14583,
    "code": "Pure Leaf Sweet Tea Real Brewed Tea",
    "desc": "Pure Leaf Sweet Tea Real Brewed Tea",
    "shortDesc": "Pure Leaf Sweet Tea Real Brewed Tea",
    "tags": [
      "Tea"
    ],
    "categories": [
      {
        "code": "Beverages & Juices",
        "desc": "Beverages & Juices"
      }
    ],
    "subCategories": [
      {
        "code": "Tea, Coffee, Milk & Coconut Water",
        "desc": "Tea, Coffee, Milk & Coconut Water"
      }
    ],
    "brands": [
      {
        "code": "Pure Leaf",
        "desc": "Pure Leaf"
      }
    ],
    "price": {
      "basePrice": 3.11,
      "discountPrice": 3.11
    },
    "type": {
      "code": "Tea",
      "desc": "Tea"
    },
    "weight": "64 fl oz",
    "UpcCode": "012000142079",
    "tax": 0.0,
    "spiceLevel": "",
    "aiselNo": "10",
    "store": "Market Basket",
    "weightType": "64 fl oz",
    "imageName": "X3042.jpg",
    "defaultImage": "X3042.jpg",
    "updatedTimestamp": "Jan 23, 2021 8:02:29 PM",
    "createdTimestamp": "Jan 23, 2021 8:02:29 PM",
    "isNewlyAdded": false,
    "isActive": true,
    "isDealsEnabled": false,
    "quantity": 0
  },
  {
    "id": 12698,
    "code": "Jessica's Brick Oven Honey Sunflower Tuscan",
    "desc": "Jessica's Brick Oven Honey Sunflower Tuscan",
    "shortDesc": "Jessica's Brick Oven Honey Sunflower Tuscan",
    "tags": [
      "Bread"
    ],
    "categories": [
      {
        "code": "Breakfast & Dairy",
        "desc": "Breakfast & Dairy"
      }
    ],
    "subCategories": [
      {
        "code": "Breads & Rolls",
        "desc": "Breads & Rolls"
      }
    ],
    "brands": [
      {
        "code": "Jessica's Brick Oven Bakery",
        "desc": "Jessica's Brick Oven Bakery"
      }
    ],
    "price": {
      "basePrice": 3.29,
      "discountPrice": 3.29
    },
    "type": {
      "code": "Bread",
      "desc": "Bread"
    },
    "weight": "1.25 lb",
    "UpcCode": "",
    "tax": 0.0,
    "spiceLevel": "",
    "aiselNo": "18",
    "store": "Market Basket",
    "weightType": "1.25 lb",
    "imageName": "No Image.jpg",
    "defaultImage": "No Image.jpg",
    "updatedTimestamp": "Jan 23, 2021 8:02:30 PM",
    "createdTimestamp": "Jan 23, 2021 8:02:30 PM",
    "isNewlyAdded": false,
    "isActive": true,
    "isDealsEnabled": false,
    "quantity": 0
  },
  {
    "id": 7342,
    "code": "McCormick Pure Anise Extract",
    "desc": "McCormick Pure Anise Extract",
    "shortDesc": "McCormick Pure Anise Extract",
    "tags": [
      "Spices & Seasonings"
    ],
    "categories": [
      {
        "code": "Cooking Needs",
        "desc": "Cooking Needs"
      }
    ],
    "subCategories": [
      {
        "code": "Spices & Seasonings",
        "desc": "Spices & Seasonings"
      }
    ],
    "brands": [
      {
        "code": "McCormick",
        "desc": "McCormick"
      }
    ],
    "price": {
      "basePrice": 3.69,
      "discountPrice": 3.69
    },
    "type": {
      "code": "Spices & Seasonings",
      "desc": "Spices & Seasonings"
    },
    "weight": "1 fl oz",
    "UpcCode": "",
    "tax": 0.0,
    "spiceLevel": "",
    "aiselNo": "9",
    "store": "Market Basket",
    "weightType": "1 fl oz",
    "imageName": "2177.jpg",
    "defaultImage": "2177.jpg",
    "updatedTimestamp": "Jan 23, 2021 8:02:30 PM",
    "createdTimestamp": "Jan 23, 2021 8:02:30 PM",
    "isNewlyAdded": false,
    "isActive": true,
    "isDealsEnabled": false,
    "quantity": 0
  },
  {
    "id": 4227,
    "code": "Dockside Classics Crab Cakes, with Real & Imitation Crab and Fish Flakes, Premium, Tray",
    "desc": "Dockside Classics Crab Cakes, with Real & Imitation Crab and Fish Flakes, Premium, Tray",
    "shortDesc": "Dockside Classics Crab Cakes, with Real & Imitation Crab and Fish Flakes, Premium, Tray",
    "tags": [
      "Crab"
    ],
    "categories": [
      {
        "code": "Meat & Seafood",
        "desc": "Meat & Seafood"
      }
    ],
    "subCategories": [
      {
        "code": "Packaged Meat & Seafood",
        "desc": "Packaged Meat & Seafood"
      }
    ],
    "brands": [
      {
        "code": "Dockside Classics",
        "desc": "Dockside Classics"
      }
    ],
    "price": {
      "basePrice": 7.39,
      "discountPrice": 7.39
    },
    "type": {
      "code": "Crab",
      "desc": "Crab"
    },
    "weight": "4 x 12 oz",
    "UpcCode": "",
    "tax": 0.0,
    "spiceLevel": "",
    "aiselNo": "22",
    "store": "Market Basket",
    "weightType": "4 x 12 oz",
    "imageName": "4136.jpg",
    "defaultImage": "4136.jpg",
    "updatedTimestamp": "Jan 23, 2021 8:02:30 PM",
    "createdTimestamp": "Jan 23, 2021 8:02:30 PM",
    "isNewlyAdded": false,
    "isActive": true,
    "isDealsEnabled": false,
    "quantity": 0
  },
  {
    "id": 7081,
    "code": "Loriva Pure Extra Virgin Sesame Oil",
    "desc": "Loriva Pure Extra Virgin Sesame Oil",
    "shortDesc": "Loriva Pure Extra Virgin Sesame Oil",
    "tags": [
      "Oils & Vinegars"
    ],
    "categories": [
      {
        "code": "Cooking Needs",
        "desc": "Cooking Needs"
      }
    ],
    "subCategories": [
      {
        "code": "Oils & Vinegars",
        "desc": "Oils & Vinegars"
      }
    ],
    "brands": [
      {
        "code": "Loriva",
        "desc": "Loriva"
      }
    ],
    "price": {
      "basePrice": 8.59,
      "discountPrice": 8.59
    },
    "type": {
      "code": "Oils & Vinegars",
      "desc": "Oils & Vinegars"
    },
    "weight": "12.7 fl oz",
    "UpcCode": "",
    "tax": 0.0,
    "spiceLevel": "",
    "aiselNo": "2",
    "store": "Market Basket",
    "weightType": "12.7 fl oz",
    "imageName": "15509.jpg",
    "defaultImage": "15509.jpg",
    "updatedTimestamp": "Jan 23, 2021 8:02:30 PM",
    "createdTimestamp": "Jan 23, 2021 8:02:30 PM",
    "isNewlyAdded": false,
    "isActive": true,
    "isDealsEnabled": false,
    "quantity": 0
  },
  {
    "id": 14610,
    "code": "Stash Tea Black Tea Decaf Chai Spice",
    "desc": "Stash Tea Black Tea Decaf Chai Spice",
    "shortDesc": "Stash Tea Black Tea Decaf Chai Spice",
    "tags": [
      "Tea"
    ],
    "categories": [
      {
        "code": "Breakfast & Dairy",
        "desc": "Breakfast & Dairy"
      }
    ],
    "subCategories": [
      {
        "code": "Tea & Coffee",
        "desc": "Tea & Coffee"
      }
    ],
    "brands": [
      {
        "code": "Stash Tea",
        "desc": "Stash Tea"
      }
    ],
    "price": {
      "basePrice": 3.69,
      "discountPrice": 3.69
    },
    "type": {
      "code": "Tea",
      "desc": "Tea"
    },
    "weight": "18 x 1.1 oz",
    "UpcCode": "",
    "tax": 0.0,
    "spiceLevel": "",
    "aiselNo": "8",
    "store": "Market Basket",
    "weightType": "18 x 1.1 oz",
    "imageName": "16334.jpg",
    "defaultImage": "16334.jpg",
    "updatedTimestamp": "Jan 23, 2021 8:02:30 PM",
    "createdTimestamp": "Jan 23, 2021 8:02:30 PM",
    "isNewlyAdded": false,
    "isActive": true,
    "isDealsEnabled": false,
    "quantity": 0
  },
  {
    "id": 611,
    "code": "Market Basket Premium 2 Ply Paper Towels",
    "desc": "Market Basket Premium 2 Ply Paper Towels",
    "shortDesc": "Market Basket Premium 2 Ply Paper Towels",
    "tags": [
      "Paper Towels"
    ],
    "categories": [
      {
        "code": "Laundry & Paper Goods",
        "desc": "Laundry & Paper Goods"
      }
    ],
    "subCategories": [
      {
        "code": "Paper Goods",
        "desc": "Paper Goods"
      }
    ],
    "brands": [
      {
        "code": "Market Basket",
        "desc": "Market Basket"
      }
    ],
    "price": {
      "basePrice": 18.74,
      "discountPrice": 18.74
    },
    "type": {
      "code": "Paper Towels",
      "desc": "Paper Towels"
    },
    "weight": "12 count",
    "UpcCode": "",
    "tax": 1.0,
    "spiceLevel": "",
    "aiselNo": "14",
    "store": "Market Basket",
    "weightType": "12 count",
    "imageName": "Market Basket.jpg",
    "defaultImage": "Market Basket.jpg",
    "updatedTimestamp": "Jan 23, 2021 8:02:30 PM",
    "createdTimestamp": "Jan 23, 2021 8:02:30 PM",
    "isNewlyAdded": false,
    "isActive": true,
    "isDealsEnabled": false,
    "quantity": 0
  },
  {
    "id": 57,
    "code": "Air Wick Automatic Spray Refill, Fresh Waters, FreshMatic Ultra, Aerosol",
    "desc": "Air Wick Automatic Spray Refill, Fresh Waters, FreshMatic Ultra, Aerosol",
    "shortDesc": "Air Wick Automatic Spray Refill, Fresh Waters, FreshMatic Ultra, Aerosol",
    "tags": [
      "Automatic Spray & Refill"
    ],
    "categories": [
      {
        "code": "Kitchen & Cleaning",
        "desc": "Kitchen & Cleaning"
      }
    ],
    "subCategories": [
      {
        "code": "Air Fresheners & Candles",
        "desc": "Air Fresheners & Candles"
      }
    ],
    "brands": [
      {
        "code": "Air Wick",
        "desc": "Air Wick"
      }
    ],
    "price": {
      "basePrice": 4.89,
      "discountPrice": 4.89
    },
    "type": {
      "code": "Automatic Spray & Refill",
      "desc": "Automatic Spray & Refill"
    },
    "weight": "6.17 oz",
    "UpcCode": "",
    "tax": 1.0,
    "spiceLevel": "",
    "aiselNo": "15",
    "store": "Market Basket",
    "weightType": "6.17 oz",
    "imageName": "4213.jpg",
    "defaultImage": "4213.jpg",
    "updatedTimestamp": "Jan 23, 2021 8:02:30 PM",
    "createdTimestamp": "Jan 23, 2021 8:02:30 PM",
    "isNewlyAdded": false,
    "isActive": true,
    "isDealsEnabled": false,
    "quantity": 0
  },
  {
    "id": 9999,
    "code": "Dove Vanilla with Milk Chocolate Ice Cream Bars",
    "desc": "Dove Vanilla with Milk Chocolate Ice Cream Bars",
    "shortDesc": "Dove Vanilla with Milk Chocolate Ice Cream Bars",
    "tags": [
      "Ice Cream & Ice"
    ],
    "categories": [
      {
        "code": "Frozen Food",
        "desc": "Frozen Food"
      }
    ],
    "subCategories": [
      {
        "code": "Ice Cream & Ice",
        "desc": "Ice Cream & Ice"
      }
    ],
    "brands": [
      {
        "code": "Dove",
        "desc": "Dove"
      }
    ],
    "price": {
      "basePrice": 4.09,
      "discountPrice": 4.09
    },
    "type": {
      "code": "Ice Cream & Ice",
      "desc": "Ice Cream & Ice"
    },
    "weight": "3 count",
    "UpcCode": "",
    "tax": 0.0,
    "spiceLevel": "",
    "aiselNo": "21",
    "store": "Market Basket",
    "weightType": "3 count",
    "imageName": "16137.jpg",
    "defaultImage": "16137.jpg",
    "updatedTimestamp": "Jan 23, 2021 8:02:30 PM",
    "createdTimestamp": "Jan 23, 2021 8:02:30 PM",
    "isNewlyAdded": false,
    "isActive": true,
    "isDealsEnabled": false,
    "quantity": 0
  },
  {
    "id": 13827,
    "code": "Jell O Ready to Eat Lemon Lime Sugar Free Gelatin",
    "desc": "Jell O Ready to Eat Lemon Lime Sugar Free Gelatin",
    "shortDesc": "Jell O Ready to Eat Lemon Lime Sugar Free Gelatin",
    "tags": [
      "Refrigerated Pudding & Desserts"
    ],
    "categories": [
      {
        "code": "Breakfast & Dairy",
        "desc": "Breakfast & Dairy"
      }
    ],
    "subCategories": [
      {
        "code": "Dairy & Eggs",
        "desc": "Dairy & Eggs"
      }
    ],
    "brands": [
      {
        "code": "Jell-O",
        "desc": "Jell-O"
      }
    ],
    "price": {
      "basePrice": 2.49,
      "discountPrice": 2.49
    },
    "type": {
      "code": "Refrigerated Pudding & Desserts",
      "desc": "Refrigerated Pudding & Desserts"
    },
    "weight": "4 x 3.25 oz",
    "UpcCode": "",
    "tax": 0.0,
    "spiceLevel": "",
    "aiselNo": "19",
    "store": "Market Basket",
    "weightType": "4 x 3.25 oz",
    "imageName": "796.jpg",
    "defaultImage": "796.jpg",
    "updatedTimestamp": "Jan 23, 2021 8:02:30 PM",
    "createdTimestamp": "Jan 23, 2021 8:02:30 PM",
    "isNewlyAdded": false,
    "isActive": true,
    "isDealsEnabled": false,
    "quantity": 0
  },
  {
    "id": 4664,
    "code": "Goya Sardines with Lemon in Oil",
    "desc": "Goya Sardines with Lemon in Oil",
    "shortDesc": "Goya Sardines with Lemon in Oil",
    "tags": [
      "Canned Sardines"
    ],
    "categories": [
      {
        "code": "Meat & Seafood",
        "desc": "Meat & Seafood"
      }
    ],
    "subCategories": [
      {
        "code": "Canned Meat & Seafood",
        "desc": "Canned Meat & Seafood"
      }
    ],
    "brands": [
      {
        "code": "Goya",
        "desc": "Goya"
      }
    ],
    "price": {
      "basePrice": 2.49,
      "discountPrice": 2.49
    },
    "type": {
      "code": "Canned Sardines",
      "desc": "Canned Sardines"
    },
    "weight": "4.25 oz",
    "UpcCode": "",
    "tax": 0.0,
    "spiceLevel": "",
    "aiselNo": "2",
    "store": "Market Basket",
    "weightType": "4.25 oz",
    "imageName": "5228.jpg",
    "defaultImage": "5228.jpg",
    "updatedTimestamp": "Jan 23, 2021 8:02:30 PM",
    "createdTimestamp": "Jan 23, 2021 8:02:30 PM",
    "isNewlyAdded": false,
    "isActive": true,
    "isDealsEnabled": false,
    "quantity": 0
  },
  {
    "id": 3871,
    "code": "Leeks",
    "desc": "Leeks",
    "shortDesc": "Leeks",
    "tags": [
      "Leeks/Spring onions"
    ],
    "categories": [
      {
        "code": "Fresh Produce",
        "desc": "Fresh Produce"
      }
    ],
    "subCategories": [
      {
        "code": "Fresh Vegetables",
        "desc": "Fresh Vegetables"
      }
    ],
    "brands": [
      {
        "code": "Market Basket",
        "desc": "Market Basket"
      }
    ],
    "price": {
      "basePrice": 3.84,
      "discountPrice": 3.84
    },
    "type": {
      "code": "Leeks/Spring onions",
      "desc": "Leeks/Spring onions"
    },
    "weight": "1 bunch",
    "UpcCode": "",
    "tax": 0.0,
    "spiceLevel": "",
    "aiselNo": "20",
    "store": "Market Basket",
    "weightType": "1 bunch",
    "imageName": "f212.jpg",
    "defaultImage": "f212.jpg",
    "updatedTimestamp": "Jan 23, 2021 8:02:30 PM",
    "createdTimestamp": "Jan 23, 2021 8:02:30 PM",
    "isNewlyAdded": false,
    "isActive": true,
    "isDealsEnabled": false,
    "quantity": 0
  },
  {
    "id": 4188,
    "code": "Market Basket Whole Chicken Legs",
    "desc": "Market Basket Whole Chicken Legs",
    "shortDesc": "Market Basket Whole Chicken Legs",
    "tags": [
      "Chicken"
    ],
    "categories": [
      {
        "code": "Meat & Seafood",
        "desc": "Meat & Seafood"
      }
    ],
    "subCategories": [
      {
        "code": "Packaged Meat & Seafood",
        "desc": "Packaged Meat & Seafood"
      }
    ],
    "brands": [
      {
        "code": "Market Basket",
        "desc": "Market Basket"
      }
    ],
    "price": {
      "basePrice": 3.35,
      "discountPrice": 3.35
    },
    "type": {
      "code": "Chicken",
      "desc": "Chicken"
    },
    "weight": "Approx: 2.25 lb at $1.49/lb",
    "UpcCode": "",
    "tax": 0.0,
    "spiceLevel": "",
    "aiselNo": "22",
    "store": "Market Basket",
    "weightType": "Approx: 2.25 lb at $1.49/lb",
    "imageName": "Market Basket.jpg",
    "defaultImage": "Market Basket.jpg",
    "updatedTimestamp": "Jan 23, 2021 8:02:30 PM",
    "createdTimestamp": "Jan 23, 2021 8:02:30 PM",
    "isNewlyAdded": false,
    "isActive": true,
    "isDealsEnabled": false,
    "quantity": 0
  },
  {
    "id": 13819,
    "code": "Jell O Chocolate Sugar Free Pudding Snack",
    "desc": "Jell O Chocolate Sugar Free Pudding Snack",
    "shortDesc": "Jell O Chocolate Sugar Free Pudding Snack",
    "tags": [
      "Refrigerated Pudding & Desserts"
    ],
    "categories": [
      {
        "code": "Breakfast & Dairy",
        "desc": "Breakfast & Dairy"
      }
    ],
    "subCategories": [
      {
        "code": "Dairy & Eggs",
        "desc": "Dairy & Eggs"
      }
    ],
    "brands": [
      {
        "code": "Jell-O",
        "desc": "Jell-O"
      }
    ],
    "price": {
      "basePrice": 2.69,
      "discountPrice": 2.69
    },
    "type": {
      "code": "Refrigerated Pudding & Desserts",
      "desc": "Refrigerated Pudding & Desserts"
    },
    "weight": "4 x 3.5 oz",
    "UpcCode": "",
    "tax": 0.0,
    "spiceLevel": "",
    "aiselNo": "19",
    "store": "Market Basket",
    "weightType": "4 x 3.5 oz",
    "imageName": "795.jpg",
    "defaultImage": "795.jpg",
    "updatedTimestamp": "Jan 23, 2021 8:02:30 PM",
    "createdTimestamp": "Jan 23, 2021 8:02:30 PM",
    "isNewlyAdded": false,
    "isActive": true,
    "isDealsEnabled": false,
    "quantity": 0
  },
  {
    "id": 8182,
    "code": "Goya Hot Sauce Salsa Picante",
    "desc": "Goya Hot Sauce Salsa Picante",
    "shortDesc": "Goya Hot Sauce Salsa Picante",
    "tags": [
      "Condiments"
    ],
    "categories": [
      {
        "code": "Condiments & Dressings",
        "desc": "Condiments & Dressings"
      }
    ],
    "subCategories": [
      {
        "code": "Marinades, Ketchup & Sauces",
        "desc": "Marinades, Ketchup & Sauces"
      }
    ],
    "brands": [
      {
        "code": "Goya",
        "desc": "Goya"
      }
    ],
    "price": {
      "basePrice": 2.79,
      "discountPrice": 2.79
    },
    "type": {
      "code": "Condiments",
      "desc": "Condiments"
    },
    "weight": "8 fl oz",
    "UpcCode": "",
    "tax": 0.0,
    "spiceLevel": "",
    "aiselNo": "7",
    "store": "Market Basket",
    "weightType": "8 fl oz",
    "imageName": "No Image.jpg",
    "defaultImage": "No Image.jpg",
    "updatedTimestamp": "Jan 23, 2021 8:02:30 PM",
    "createdTimestamp": "Jan 23, 2021 8:02:30 PM",
    "isNewlyAdded": false,
    "isActive": true,
    "isDealsEnabled": false,
    "quantity": 0
  },
  {
    "id": 15262,
    "code": "Tom's Of Maine Toothpaste, Whole Care, with Fluoride, Spearmint Gel, Natural, Box",
    "desc": "Tom's Of Maine Toothpaste, Whole Care, with Fluoride, Spearmint Gel, Natural, Box",
    "shortDesc": "Tom's Of Maine Toothpaste, Whole Care, with Fluoride, Spearmint Gel, Natural, Box",
    "tags": [
      "Oral Hygiene"
    ],
    "categories": [
      {
        "code": "Personal Care",
        "desc": "Personal Care"
      }
    ],
    "subCategories": [
      {
        "code": "Personal Needs",
        "desc": "Personal Needs"
      }
    ],
    "brands": [
      {
        "code": "Tom's Of Maine",
        "desc": "Tom's Of Maine"
      }
    ],
    "price": {
      "basePrice": 6.31,
      "discountPrice": 6.31
    },
    "type": {
      "code": "Oral Hygiene",
      "desc": "Oral Hygiene"
    },
    "weight": "4.7 oz",
    "UpcCode": "",
    "tax": 1.0,
    "spiceLevel": "",
    "aiselNo": "13",
    "store": "Market Basket",
    "weightType": "4.7 oz",
    "imageName": "6459.jpg",
    "defaultImage": "6459.jpg",
    "updatedTimestamp": "Jan 23, 2021 8:02:30 PM",
    "createdTimestamp": "Jan 23, 2021 8:02:30 PM",
    "isNewlyAdded": false,
    "isActive": true,
    "isDealsEnabled": false,
    "quantity": 0
  },
  {
    "id": 73,
    "code": "Air Wick Essential Oils Scented Oil Refills Lavender & Chamomile",
    "desc": "Air Wick Essential Oils Scented Oil Refills Lavender & Chamomile",
    "shortDesc": "Air Wick Essential Oils Scented Oil Refills Lavender & Chamomile",
    "tags": [
      "Scented Oil Refill"
    ],
    "categories": [
      {
        "code": "Kitchen & Cleaning",
        "desc": "Kitchen & Cleaning"
      }
    ],
    "subCategories": [
      {
        "code": "Air Fresheners & Candles",
        "desc": "Air Fresheners & Candles"
      }
    ],
    "brands": [
      {
        "code": "Air Wick",
        "desc": "Air Wick"
      }
    ],
    "price": {
      "basePrice": 7.99,
      "discountPrice": 7.99
    },
    "type": {
      "code": "Scented Oil Refill",
      "desc": "Scented Oil Refill"
    },
    "weight": "0.67 fl oz",
    "UpcCode": "",
    "tax": 1.0,
    "spiceLevel": "",
    "aiselNo": "15",
    "store": "Market Basket",
    "weightType": "0.67 fl oz",
    "imageName": "4208.jpg",
    "defaultImage": "4208.jpg",
    "updatedTimestamp": "Jan 23, 2021 8:02:30 PM",
    "createdTimestamp": "Jan 23, 2021 8:02:30 PM",
    "isNewlyAdded": false,
    "isActive": true,
    "isDealsEnabled": false,
    "quantity": 0
  },
  {
    "id": 4446,
    "code": "Pearl Country Club Beef Frankfurters",
    "desc": "Pearl Country Club Beef Frankfurters",
    "shortDesc": "Pearl Country Club Beef Frankfurters",
    "tags": [
      "Hot Dogs"
    ],
    "categories": [
      {
        "code": "Meat & Seafood",
        "desc": "Meat & Seafood"
      }
    ],
    "subCategories": [
      {
        "code": "Hot Dogs, Bacon & Sausage",
        "desc": "Hot Dogs, Bacon & Sausage"
      }
    ],
    "brands": [
      {
        "code": "Pearl Country",
        "desc": "Pearl Country"
      }
    ],
    "price": {
      "basePrice": 4.59,
      "discountPrice": 4.59
    },
    "type": {
      "code": "Hot Dogs",
      "desc": "Hot Dogs"
    },
    "weight": "6 x 12 oz",
    "UpcCode": "",
    "tax": 0.0,
    "spiceLevel": "",
    "aiselNo": "1",
    "store": "Market Basket",
    "weightType": "6 x 12 oz",
    "imageName": "No Image.jpg",
    "defaultImage": "No Image.jpg",
    "updatedTimestamp": "Jan 23, 2021 8:02:30 PM",
    "createdTimestamp": "Jan 23, 2021 8:02:30 PM",
    "isNewlyAdded": false,
    "isActive": true,
    "isDealsEnabled": false,
    "quantity": 0
  },
  {
    "id": 265,
    "code": "Finish Powerball Automatic Dishwasher Detergent",
    "desc": "Finish Powerball Automatic Dishwasher Detergent",
    "shortDesc": "Finish Powerball Automatic Dishwasher Detergent",
    "tags": [
      "Dishwasher Detergent"
    ],
    "categories": [
      {
        "code": "Kitchen & Cleaning",
        "desc": "Kitchen & Cleaning"
      }
    ],
    "subCategories": [
      {
        "code": "Dish Detergents",
        "desc": "Dish Detergents"
      }
    ],
    "brands": [
      {
        "code": "Finish",
        "desc": "Finish"
      }
    ],
    "price": {
      "basePrice": 4.89,
      "discountPrice": 4.89
    },
    "type": {
      "code": "Dishwasher Detergent",
      "desc": "Dishwasher Detergent"
    },
    "weight": "17 count",
    "UpcCode": "",
    "tax": 1.0,
    "spiceLevel": "",
    "aiselNo": "15",
    "store": "Market Basket",
    "weightType": "17 count",
    "imageName": "4350.jpg",
    "defaultImage": "4350.jpg",
    "updatedTimestamp": "Jan 23, 2021 8:02:30 PM",
    "createdTimestamp": "Jan 23, 2021 8:02:30 PM",
    "isNewlyAdded": false,
    "isActive": true,
    "isDealsEnabled": false,
    "quantity": 0
  },
  {
    "id": 3549,
    "code": "Bag Baby Bok Choy",
    "desc": "Bag Baby Bok Choy",
    "shortDesc": "Bag Baby Bok Choy",
    "tags": [
      "Bok Choy"
    ],
    "categories": [
      {
        "code": "Fresh Produce",
        "desc": "Fresh Produce"
      }
    ],
    "subCategories": [
      {
        "code": "Fresh Vegetables",
        "desc": "Fresh Vegetables"
      }
    ],
    "brands": [
      {
        "code": "Market Basket",
        "desc": "Market Basket"
      }
    ],
    "price": {
      "basePrice": 3.84,
      "discountPrice": 3.84
    },
    "type": {
      "code": "Bok Choy",
      "desc": "Bok Choy"
    },
    "weight": "1 lb",
    "UpcCode": "",
    "tax": 0.0,
    "spiceLevel": "",
    "aiselNo": "20",
    "store": "Market Basket",
    "weightType": "1 lb",
    "imageName": "f155.jpg",
    "defaultImage": "f155.jpg",
    "updatedTimestamp": "Jan 23, 2021 8:02:30 PM",
    "createdTimestamp": "Jan 23, 2021 8:02:30 PM",
    "isNewlyAdded": false,
    "isActive": true,
    "isDealsEnabled": false,
    "quantity": 0
  },
  {
    "id": 4289,
    "code": "Plainville Farms Ground White Turkey 93% Lean 7% Fat",
    "desc": "Plainville Farms Ground White Turkey 93% Lean 7% Fat",
    "shortDesc": "Plainville Farms Ground White Turkey 93% Lean 7% Fat",
    "tags": [
      "Turkey"
    ],
    "categories": [
      {
        "code": "Meat & Seafood",
        "desc": "Meat & Seafood"
      }
    ],
    "subCategories": [
      {
        "code": "Packaged Meat & Seafood",
        "desc": "Packaged Meat & Seafood"
      }
    ],
    "brands": [
      {
        "code": "Plainville Farms",
        "desc": "Plainville Farms"
      }
    ],
    "price": {
      "basePrice": 5.29,
      "discountPrice": 5.29
    },
    "type": {
      "code": "Turkey",
      "desc": "Turkey"
    },
    "weight": "16 oz",
    "UpcCode": "",
    "tax": 0.0,
    "spiceLevel": "",
    "aiselNo": "22",
    "store": "Market Basket",
    "weightType": "16 oz",
    "imageName": "4121.jpg",
    "defaultImage": "4121.jpg",
    "updatedTimestamp": "Jan 23, 2021 8:02:30 PM",
    "createdTimestamp": "Jan 23, 2021 8:02:30 PM",
    "isNewlyAdded": false,
    "isActive": true,
    "isDealsEnabled": false,
    "quantity": 0
  },
  {
    "id": 3935,
    "code": "Thai Hot Red Peppers Pack (Approx: 1 lb)",
    "desc": "Thai Hot Red Peppers Pack (Approx: 1 lb)",
    "shortDesc": "Thai Hot Red Peppers Pack (Approx: 1 lb)",
    "tags": [
      "Pepper"
    ],
    "categories": [
      {
        "code": "Fresh Produce",
        "desc": "Fresh Produce"
      }
    ],
    "subCategories": [
      {
        "code": "Fresh Vegetables",
        "desc": "Fresh Vegetables"
      }
    ],
    "brands": [
      {
        "code": "Market Basket",
        "desc": "Market Basket"
      }
    ],
    "price": {
      "basePrice": 4.82,
      "discountPrice": 4.82
    },
    "type": {
      "code": "Pepper",
      "desc": "Pepper"
    },
    "weight": "1 pack",
    "UpcCode": "",
    "tax": 0.0,
    "spiceLevel": "",
    "aiselNo": "20",
    "store": "Market Basket",
    "weightType": "1 pack",
    "imageName": "FP89.jpg",
    "defaultImage": "FP89.jpg",
    "updatedTimestamp": "Jan 23, 2021 8:02:30 PM",
    "createdTimestamp": "Jan 23, 2021 8:02:30 PM",
    "isNewlyAdded": false,
    "isActive": true,
    "isDealsEnabled": false,
    "quantity": 0
  },
  {
    "id": 7638,
    "code": "Del Monte Fruit Naturals Red Grapefruit In Extra Light Syrup",
    "desc": "Del Monte Fruit Naturals Red Grapefruit In Extra Light Syrup",
    "shortDesc": "Del Monte Fruit Naturals Red Grapefruit In Extra Light Syrup",
    "tags": [
      "Canned Fruit & Applesauce"
    ],
    "categories": [
      {
        "code": "Cooking Needs",
        "desc": "Cooking Needs"
      }
    ],
    "subCategories": [
      {
        "code": "Canned Food",
        "desc": "Canned Food"
      }
    ],
    "brands": [
      {
        "code": "Del Monte",
        "desc": "Del Monte"
      }
    ],
    "price": {
      "basePrice": 1.59,
      "discountPrice": 1.59
    },
    "type": {
      "code": "Canned Fruit & Applesauce",
      "desc": "Canned Fruit & Applesauce"
    },
    "weight": "7 oz",
    "UpcCode": "",
    "tax": 0.0,
    "spiceLevel": "",
    "aiselNo": "3",
    "store": "Market Basket",
    "weightType": "7 oz",
    "imageName": "4912.jpg",
    "defaultImage": "4912.jpg",
    "updatedTimestamp": "Jan 23, 2021 8:02:30 PM",
    "createdTimestamp": "Jan 23, 2021 8:02:30 PM",
    "isNewlyAdded": false,
    "isActive": true,
    "isDealsEnabled": false,
    "quantity": 0
  },
  {
    "id": 9323,
    "code": "Van's Gluten Free Apple Cinnamon Waffles",
    "desc": "Van's Gluten Free Apple Cinnamon Waffles",
    "shortDesc": "Van's Gluten Free Apple Cinnamon Waffles",
    "tags": [
      "Frozen Breakfast"
    ],
    "categories": [
      {
        "code": "Frozen Food",
        "desc": "Frozen Food"
      }
    ],
    "subCategories": [
      {
        "code": "Frozen Breakfast",
        "desc": "Frozen Breakfast"
      }
    ],
    "brands": [
      {
        "code": "Van's Natural Foods",
        "desc": "Van's Natural Foods"
      }
    ],
    "price": {
      "basePrice": 3.09,
      "discountPrice": 3.09
    },
    "type": {
      "code": "Frozen Breakfast",
      "desc": "Frozen Breakfast"
    },
    "weight": "9 oz",
    "UpcCode": "",
    "tax": 0.0,
    "spiceLevel": "",
    "aiselNo": "19",
    "store": "Market Basket",
    "weightType": "9 oz",
    "imageName": "15806.jpg",
    "defaultImage": "15806.jpg",
    "updatedTimestamp": "Jan 23, 2021 8:02:30 PM",
    "createdTimestamp": "Jan 23, 2021 8:02:30 PM",
    "isNewlyAdded": false,
    "isActive": true,
    "isDealsEnabled": false,
    "quantity": 0
  },
  {
    "id": 5206,
    "code": "Nabisco WHole Grain Topped With Sea Salt Saltine Crackers",
    "desc": "Nabisco WHole Grain Topped With Sea Salt Saltine Crackers",
    "shortDesc": "Nabisco WHole Grain Topped With Sea Salt Saltine Crackers",
    "tags": [
      "Crackers"
    ],
    "categories": [
      {
        "code": "Chips, Cookies & Snacks",
        "desc": "Chips, Cookies & Snacks"
      }
    ],
    "subCategories": [
      {
        "code": "Cookies & Crackers",
        "desc": "Cookies & Crackers"
      }
    ],
    "brands": [
      {
        "code": "Nabisco",
        "desc": "Nabisco"
      }
    ],
    "price": {
      "basePrice": 3.91,
      "discountPrice": 3.91
    },
    "type": {
      "code": "Crackers",
      "desc": "Crackers"
    },
    "weight": "1.06 lb",
    "UpcCode": "",
    "tax": 0.0,
    "spiceLevel": "",
    "aiselNo": "6",
    "store": "Market Basket",
    "weightType": "1.06 lb",
    "imageName": "No Image.jpg",
    "defaultImage": "No Image.jpg",
    "updatedTimestamp": "Jan 23, 2021 8:02:30 PM",
    "createdTimestamp": "Jan 23, 2021 8:02:30 PM",
    "isNewlyAdded": false,
    "isActive": true,
    "isDealsEnabled": false,
    "quantity": 0
  },
  {
    "id": 6322,
    "code": "Polar Seltzer Yeti Mischief",
    "desc": "Polar Seltzer Yeti Mischief",
    "shortDesc": "Polar Seltzer Yeti Mischief",
    "tags": [
      "Seltzer"
    ],
    "categories": [
      {
        "code": "Beverages & Juices",
        "desc": "Beverages & Juices"
      }
    ],
    "subCategories": [
      {
        "code": "Soft Drinks & Seltzers",
        "desc": "Soft Drinks & Seltzers"
      }
    ],
    "brands": [
      {
        "code": "Polar",
        "desc": "Polar"
      }
    ],
    "price": {
      "basePrice": 3.74,
      "discountPrice": 3.74
    },
    "type": {
      "code": "Seltzer",
      "desc": "Seltzer"
    },
    "weight": "6 x 8 fl oz",
    "UpcCode": "",
    "tax": 0.0,
    "spiceLevel": "",
    "aiselNo": "11",
    "store": "Market Basket",
    "weightType": "6 x 8 fl oz",
    "imageName": "No Image.jpg",
    "defaultImage": "No Image.jpg",
    "updatedTimestamp": "Jan 23, 2021 8:02:30 PM",
    "createdTimestamp": "Jan 23, 2021 8:02:30 PM",
    "isNewlyAdded": false,
    "isActive": true,
    "isDealsEnabled": false,
    "quantity": 0
  },
  {
    "id": 5307,
    "code": "Nabisco Original Premium Topped With Sea Salt Fresh Stacks",
    "desc": "Nabisco Original Premium Topped With Sea Salt Fresh Stacks",
    "shortDesc": "Nabisco Original Premium Topped With Sea Salt Fresh Stacks",
    "tags": [
      "Crackers"
    ],
    "categories": [
      {
        "code": "Chips, Cookies & Snacks",
        "desc": "Chips, Cookies & Snacks"
      }
    ],
    "subCategories": [
      {
        "code": "Cookies & Crackers",
        "desc": "Cookies & Crackers"
      }
    ],
    "brands": [
      {
        "code": "Nabisco",
        "desc": "Nabisco"
      }
    ],
    "price": {
      "basePrice": 3.91,
      "discountPrice": 3.91
    },
    "type": {
      "code": "Crackers",
      "desc": "Crackers"
    },
    "weight": "13.6 oz",
    "UpcCode": "",
    "tax": 0.0,
    "spiceLevel": "",
    "aiselNo": "6",
    "store": "Market Basket",
    "weightType": "13.6 oz",
    "imageName": "No Image.jpg",
    "defaultImage": "No Image.jpg",
    "updatedTimestamp": "Jan 23, 2021 8:02:30 PM",
    "createdTimestamp": "Jan 23, 2021 8:02:30 PM",
    "isNewlyAdded": false,
    "isActive": true,
    "isDealsEnabled": false,
    "quantity": 0
  },
  {
    "id": 4153,
    "code": "Market Basket Maple Flavored Ham",
    "desc": "Market Basket Maple Flavored Ham",
    "shortDesc": "Market Basket Maple Flavored Ham",
    "tags": [
      "Ham"
    ],
    "categories": [
      {
        "code": "Meat & Seafood",
        "desc": "Meat & Seafood"
      }
    ],
    "subCategories": [
      {
        "code": "Meat & Seafood Counter",
        "desc": "Meat & Seafood Counter"
      }
    ],
    "brands": [
      {
        "code": "Market Basket",
        "desc": "Market Basket"
      }
    ],
    "price": {
      "basePrice": 6.09,
      "discountPrice": 6.09
    },
    "type": {
      "code": "Ham",
      "desc": "Ham"
    },
    "weight": "1 lb",
    "UpcCode": "",
    "tax": 0.0,
    "spiceLevel": "",
    "aiselNo": "22",
    "store": "Market Basket",
    "weightType": "1 lb",
    "imageName": "Market Basket.jpg",
    "defaultImage": "Market Basket.jpg",
    "updatedTimestamp": "Jan 23, 2021 8:02:30 PM",
    "createdTimestamp": "Jan 23, 2021 8:02:30 PM",
    "isNewlyAdded": false,
    "isActive": true,
    "isDealsEnabled": false,
    "quantity": 0
  },
  {
    "id": 7820,
    "code": "Bumble Bee Minced Clams in Clam Juice",
    "desc": "Bumble Bee Minced Clams in Clam Juice",
    "shortDesc": "Bumble Bee Minced Clams in Clam Juice",
    "tags": [
      "Canned Meat & Seafood"
    ],
    "categories": [
      {
        "code": "Cooking Needs",
        "desc": "Cooking Needs"
      }
    ],
    "subCategories": [
      {
        "code": "Canned Food",
        "desc": "Canned Food"
      }
    ],
    "brands": [
      {
        "code": "Bumble Bee",
        "desc": "Bumble Bee"
      }
    ],
    "price": {
      "basePrice": 1.49,
      "discountPrice": 1.49
    },
    "type": {
      "code": "Canned Meat & Seafood",
      "desc": "Canned Meat & Seafood"
    },
    "weight": "6.5 oz",
    "UpcCode": "",
    "tax": 0.0,
    "spiceLevel": "",
    "aiselNo": "2",
    "store": "Market Basket",
    "weightType": "6.5 oz",
    "imageName": "5193.jpg",
    "defaultImage": "5193.jpg",
    "updatedTimestamp": "Jan 23, 2021 8:02:30 PM",
    "createdTimestamp": "Jan 23, 2021 8:02:30 PM",
    "isNewlyAdded": false,
    "isActive": true,
    "isDealsEnabled": false,
    "quantity": 0
  },
  {
    "id": 4791,
    "code": "Market Basket Flounder",
    "desc": "Market Basket Flounder",
    "shortDesc": "Market Basket Flounder",
    "tags": [
      "Frozen Fish (All)"
    ],
    "categories": [
      {
        "code": "Meat & Seafood",
        "desc": "Meat & Seafood"
      }
    ],
    "subCategories": [
      {
        "code": "Frozen Meat & Seafood",
        "desc": "Frozen Meat & Seafood"
      }
    ],
    "brands": [
      {
        "code": "Market Basket",
        "desc": "Market Basket"
      }
    ],
    "price": {
      "basePrice": 6.09,
      "discountPrice": 6.09
    },
    "type": {
      "code": "Frozen Fish (All)",
      "desc": "Frozen Fish (All)"
    },
    "weight": "16 oz",
    "UpcCode": "",
    "tax": 0.0,
    "spiceLevel": "",
    "aiselNo": "18",
    "store": "Market Basket",
    "weightType": "16 oz",
    "imageName": "Market Basket.jpg",
    "defaultImage": "Market Basket.jpg",
    "updatedTimestamp": "Jan 23, 2021 8:02:30 PM",
    "createdTimestamp": "Jan 23, 2021 8:02:30 PM",
    "isNewlyAdded": false,
    "isActive": true,
    "isDealsEnabled": false,
    "quantity": 0
  },
  {
    "id": 4686,
    "code": "Snow's Chopped Clams in Clam Juice",
    "desc": "Snow's Chopped Clams in Clam Juice",
    "shortDesc": "Snow's Chopped Clams in Clam Juice",
    "tags": [
      "Canned Clams"
    ],
    "categories": [
      {
        "code": "Meat & Seafood",
        "desc": "Meat & Seafood"
      }
    ],
    "subCategories": [
      {
        "code": "Canned Meat & Seafood",
        "desc": "Canned Meat & Seafood"
      }
    ],
    "brands": [
      {
        "code": "Snow's",
        "desc": "Snow's"
      }
    ],
    "price": {
      "basePrice": 1.49,
      "discountPrice": 1.49
    },
    "type": {
      "code": "Canned Clams",
      "desc": "Canned Clams"
    },
    "weight": "6.5 oz",
    "UpcCode": "",
    "tax": 0.0,
    "spiceLevel": "",
    "aiselNo": "2",
    "store": "Market Basket",
    "weightType": "6.5 oz",
    "imageName": "17169.jpg",
    "defaultImage": "17169.jpg",
    "updatedTimestamp": "Jan 23, 2021 8:02:30 PM",
    "createdTimestamp": "Jan 23, 2021 8:02:30 PM",
    "isNewlyAdded": false,
    "isActive": true,
    "isDealsEnabled": false,
    "quantity": 0
  },
  {
    "id": 15204,
    "code": "GUM Crayola Flashing Light Soft Toothbrush",
    "desc": "GUM Crayola Flashing Light Soft Toothbrush",
    "shortDesc": "GUM Crayola Flashing Light Soft Toothbrush",
    "tags": [
      "Oral Hygiene"
    ],
    "categories": [
      {
        "code": "Personal Care",
        "desc": "Personal Care"
      }
    ],
    "subCategories": [
      {
        "code": "Personal Needs",
        "desc": "Personal Needs"
      }
    ],
    "brands": [
      {
        "code": "Gum",
        "desc": "Gum"
      }
    ],
    "price": {
      "basePrice": 4.24,
      "discountPrice": 4.24
    },
    "type": {
      "code": "Oral Hygiene",
      "desc": "Oral Hygiene"
    },
    "weight": "1 count",
    "UpcCode": "",
    "tax": 1.0,
    "spiceLevel": "",
    "aiselNo": "13",
    "store": "Market Basket",
    "weightType": "1 count",
    "imageName": "6443.jpg",
    "defaultImage": "6443.jpg",
    "updatedTimestamp": "Jan 23, 2021 8:02:30 PM",
    "createdTimestamp": "Jan 23, 2021 8:02:30 PM",
    "isNewlyAdded": false,
    "isActive": true,
    "isDealsEnabled": false,
    "quantity": 0
  },
  {
    "id": 5175,
    "code": "Dare Breton Black Bean With Onion & Garlic Gluten Free",
    "desc": "Dare Breton Black Bean With Onion & Garlic Gluten Free",
    "shortDesc": "Dare Breton Black Bean With Onion & Garlic Gluten Free",
    "tags": [
      "Crackers"
    ],
    "categories": [
      {
        "code": "Chips, Cookies & Snacks",
        "desc": "Chips, Cookies & Snacks"
      }
    ],
    "subCategories": [
      {
        "code": "Cookies & Crackers",
        "desc": "Cookies & Crackers"
      }
    ],
    "brands": [
      {
        "code": "Dare",
        "desc": "Dare"
      }
    ],
    "price": {
      "basePrice": 3.13,
      "discountPrice": 3.13
    },
    "type": {
      "code": "Crackers",
      "desc": "Crackers"
    },
    "weight": "4.76 oz",
    "UpcCode": "",
    "tax": 0.0,
    "spiceLevel": "",
    "aiselNo": "6",
    "store": "Market Basket",
    "weightType": "4.76 oz",
    "imageName": "No Image.jpg",
    "defaultImage": "No Image.jpg",
    "updatedTimestamp": "Jan 23, 2021 8:02:30 PM",
    "createdTimestamp": "Jan 23, 2021 8:02:30 PM",
    "isNewlyAdded": false,
    "isActive": true,
    "isDealsEnabled": false,
    "quantity": 0
  },
  {
    "id": 14596,
    "code": "Salada Lively Lemon Green Salada Lively Lemon Green Tea Bags",
    "desc": "Salada Lively Lemon Green Salada Lively Lemon Green Tea Bags",
    "shortDesc": "Salada Lively Lemon Green Salada Lively Lemon Green Tea Bags",
    "tags": [
      "Tea"
    ],
    "categories": [
      {
        "code": "Breakfast & Dairy",
        "desc": "Breakfast & Dairy"
      }
    ],
    "subCategories": [
      {
        "code": "Tea & Coffee",
        "desc": "Tea & Coffee"
      }
    ],
    "brands": [
      {
        "code": "Salada",
        "desc": "Salada"
      }
    ],
    "price": {
      "basePrice": 3.69,
      "discountPrice": 3.69
    },
    "type": {
      "code": "Tea",
      "desc": "Tea"
    },
    "weight": "2.61 oz",
    "UpcCode": "",
    "tax": 0.0,
    "spiceLevel": "",
    "aiselNo": "8",
    "store": "Market Basket",
    "weightType": "2.61 oz",
    "imageName": "16311.jpg",
    "defaultImage": "16311.jpg",
    "updatedTimestamp": "Jan 23, 2021 8:02:30 PM",
    "createdTimestamp": "Jan 23, 2021 8:02:30 PM",
    "isNewlyAdded": false,
    "isActive": true,
    "isDealsEnabled": false,
    "quantity": 0
  },
  {
    "id": 7541,
    "code": "Market Basket Whole Peeled Tomatoes In Tomato Juice",
    "desc": "Market Basket Whole Peeled Tomatoes In Tomato Juice",
    "shortDesc": "Market Basket Whole Peeled Tomatoes In Tomato Juice",
    "tags": [
      "Canned & Jarred Vegetables"
    ],
    "categories": [
      {
        "code": "Cooking Needs",
        "desc": "Cooking Needs"
      }
    ],
    "subCategories": [
      {
        "code": "Canned Food",
        "desc": "Canned Food"
      }
    ],
    "brands": [
      {
        "code": "Market Basket",
        "desc": "Market Basket"
      }
    ],
    "price": {
      "basePrice": 1.29,
      "discountPrice": 1.29
    },
    "type": {
      "code": "Canned & Jarred Vegetables",
      "desc": "Canned & Jarred Vegetables"
    },
    "weight": "28 oz",
    "UpcCode": "",
    "tax": 0.0,
    "spiceLevel": "",
    "aiselNo": "9",
    "store": "Market Basket",
    "weightType": "28 oz",
    "imageName": "Market Basket.jpg",
    "defaultImage": "Market Basket.jpg",
    "updatedTimestamp": "Jan 23, 2021 8:02:30 PM",
    "createdTimestamp": "Jan 23, 2021 8:02:30 PM",
    "isNewlyAdded": false,
    "isActive": true,
    "isDealsEnabled": false,
    "quantity": 0
  },
  {
    "id": 473,
    "code": "OxiClean Stain Fighters Fresco aroma Laundry Detergent",
    "desc": "OxiClean Stain Fighters Fresco aroma Laundry Detergent",
    "shortDesc": "OxiClean Stain Fighters Fresco aroma Laundry Detergent",
    "tags": [
      "Laundry Detergent"
    ],
    "categories": [
      {
        "code": "Laundry & Paper Goods",
        "desc": "Laundry & Paper Goods"
      }
    ],
    "subCategories": [
      {
        "code": "Laundry",
        "desc": "Laundry"
      }
    ],
    "brands": [
      {
        "code": "Oxi Clean",
        "desc": "Oxi Clean"
      }
    ],
    "price": {
      "basePrice": 6.86,
      "discountPrice": 6.86
    },
    "type": {
      "code": "Laundry Detergent",
      "desc": "Laundry Detergent"
    },
    "weight": "1.58 kg",
    "UpcCode": "",
    "tax": 1.0,
    "spiceLevel": "",
    "aiselNo": "15",
    "store": "Market Basket",
    "weightType": "1.58 kg",
    "imageName": "No Image.jpg",
    "defaultImage": "No Image.jpg",
    "updatedTimestamp": "Jan 23, 2021 8:02:30 PM",
    "createdTimestamp": "Jan 23, 2021 8:02:30 PM",
    "isNewlyAdded": false,
    "isActive": true,
    "isDealsEnabled": false,
    "quantity": 0
  },
  {
    "id": 433,
    "code": "Essential Everyday Flap Top Tall Kitchen Trash Bags",
    "desc": "Essential Everyday Flap Top Tall Kitchen Trash Bags",
    "shortDesc": "Essential Everyday Flap Top Tall Kitchen Trash Bags",
    "tags": [
      "Tall Trash Bags"
    ],
    "categories": [
      {
        "code": "Kitchen & Cleaning",
        "desc": "Kitchen & Cleaning"
      }
    ],
    "subCategories": [
      {
        "code": "Trash Bags & Liners",
        "desc": "Trash Bags & Liners"
      }
    ],
    "brands": [
      {
        "code": "Essential Everyday",
        "desc": "Essential Everyday"
      }
    ],
    "price": {
      "basePrice": 7.39,
      "discountPrice": 7.39
    },
    "type": {
      "code": "Tall Trash Bags",
      "desc": "Tall Trash Bags"
    },
    "weight": "96 x 13 gal",
    "UpcCode": "",
    "tax": 1.0,
    "spiceLevel": "",
    "aiselNo": "12",
    "store": "Market Basket",
    "weightType": "96 x 13 gal",
    "imageName": "4690.jpg",
    "defaultImage": "4690.jpg",
    "updatedTimestamp": "Jan 23, 2021 8:02:30 PM",
    "createdTimestamp": "Jan 23, 2021 8:02:30 PM",
    "isNewlyAdded": false,
    "isActive": true,
    "isDealsEnabled": false,
    "quantity": 0
  },
  {
    "id": 14442,
    "code": "New England Coffee Colombian Supremo Medium Roasted Coffee K Cup Pods",
    "desc": "New England Coffee Colombian Supremo Medium Roasted Coffee K Cup Pods",
    "shortDesc": "New England Coffee Colombian Supremo Medium Roasted Coffee K Cup Pods",
    "tags": [
      "Coffee"
    ],
    "categories": [
      {
        "code": "Breakfast & Dairy",
        "desc": "Breakfast & Dairy"
      }
    ],
    "subCategories": [
      {
        "code": "Tea & Coffee",
        "desc": "Tea & Coffee"
      }
    ],
    "brands": [
      {
        "code": "New England Coffee",
        "desc": "New England Coffee"
      }
    ],
    "price": {
      "basePrice": 7.39,
      "discountPrice": 7.39
    },
    "type": {
      "code": "Coffee",
      "desc": "Coffee"
    },
    "weight": "12 count",
    "UpcCode": "",
    "tax": 0.0,
    "spiceLevel": "",
    "aiselNo": "8",
    "store": "Market Basket",
    "weightType": "12 count",
    "imageName": "3369.jpg",
    "defaultImage": "3369.jpg",
    "updatedTimestamp": "Jan 23, 2021 8:02:30 PM",
    "createdTimestamp": "Jan 23, 2021 8:02:30 PM",
    "isNewlyAdded": false,
    "isActive": true,
    "isDealsEnabled": false,
    "quantity": 0
  },
  {
    "id": 3482,
    "code": "Turmeric",
    "desc": "Turmeric",
    "shortDesc": "Turmeric",
    "tags": [
      "Turmeric"
    ],
    "categories": [
      {
        "code": "Fresh Produce",
        "desc": "Fresh Produce"
      }
    ],
    "subCategories": [
      {
        "code": "Fresh Herbs",
        "desc": "Fresh Herbs"
      }
    ],
    "brands": [
      {
        "code": "Market Basket",
        "desc": "Market Basket"
      }
    ],
    "price": {
      "basePrice": 5.49,
      "discountPrice": 5.49
    },
    "type": {
      "code": "Turmeric",
      "desc": "Turmeric"
    },
    "weight": "1 lb",
    "UpcCode": "",
    "tax": 0.0,
    "spiceLevel": "",
    "aiselNo": "20",
    "store": "Market Basket",
    "weightType": "1 lb",
    "imageName": "f71.jpg",
    "defaultImage": "f71.jpg",
    "updatedTimestamp": "Jan 23, 2021 8:02:30 PM",
    "createdTimestamp": "Jan 23, 2021 8:02:30 PM",
    "isNewlyAdded": false,
    "isActive": true,
    "isDealsEnabled": false,
    "quantity": 0
  },
  {
    "id": 14940,
    "code": "Pepto-Bismol Pepto Original Liquid for Nausea, Heartburn, Indigestion, Upset Stomach",
    "desc": "Pepto-Bismol Pepto Original Liquid for Nausea, Heartburn, Indigestion, Upset Stomach",
    "shortDesc": "Pepto-Bismol Pepto Original Liquid for Nausea, Heartburn, Indigestion, Upset Stomach",
    "tags": [
      "Digestion"
    ],
    "categories": [
      {
        "code": "Personal Care",
        "desc": "Personal Care"
      }
    ],
    "subCategories": [
      {
        "code": "First Aid & Healthcare",
        "desc": "First Aid & Healthcare"
      }
    ],
    "brands": [
      {
        "code": "Pepto Bismol",
        "desc": "Pepto Bismol"
      }
    ],
    "price": {
      "basePrice": 4.01,
      "discountPrice": 4.01
    },
    "type": {
      "code": "Digestion",
      "desc": "Digestion"
    },
    "weight": "4 fl oz",
    "UpcCode": "",
    "tax": 1.0,
    "spiceLevel": "",
    "aiselNo": "13",
    "store": "Market Basket",
    "weightType": "4 fl oz",
    "imageName": "6651.jpg",
    "defaultImage": "6651.jpg",
    "updatedTimestamp": "Jan 23, 2021 8:02:30 PM",
    "createdTimestamp": "Jan 23, 2021 8:02:30 PM",
    "isNewlyAdded": false,
    "isActive": true,
    "isDealsEnabled": false,
    "quantity": 0
  },
  {
    "id": 5308,
    "code": "Nabisco Famous Chocolate Wafers",
    "desc": "Nabisco Famous Chocolate Wafers",
    "shortDesc": "Nabisco Famous Chocolate Wafers",
    "tags": [
      "Crackers"
    ],
    "categories": [
      {
        "code": "Chips, Cookies & Snacks",
        "desc": "Chips, Cookies & Snacks"
      }
    ],
    "subCategories": [
      {
        "code": "Cookies & Crackers",
        "desc": "Cookies & Crackers"
      }
    ],
    "brands": [
      {
        "code": "Nabisco",
        "desc": "Nabisco"
      }
    ],
    "price": {
      "basePrice": 6.23,
      "discountPrice": 6.23
    },
    "type": {
      "code": "Crackers",
      "desc": "Crackers"
    },
    "weight": "9 oz",
    "UpcCode": "",
    "tax": 0.0,
    "spiceLevel": "",
    "aiselNo": "6",
    "store": "Market Basket",
    "weightType": "9 oz",
    "imageName": "No Image.jpg",
    "defaultImage": "No Image.jpg",
    "updatedTimestamp": "Jan 23, 2021 8:02:30 PM",
    "createdTimestamp": "Jan 23, 2021 8:02:30 PM",
    "isNewlyAdded": false,
    "isActive": true,
    "isDealsEnabled": false,
    "quantity": 0
  },
  {
    "id": 6886,
    "code": "Market Basket Pumpkin Pie",
    "desc": "Market Basket Pumpkin Pie",
    "shortDesc": "Market Basket Pumpkin Pie",
    "tags": [
      "Baking Ingredients"
    ],
    "categories": [
      {
        "code": "Cooking Needs",
        "desc": "Cooking Needs"
      }
    ],
    "subCategories": [
      {
        "code": "Baking & Cooking",
        "desc": "Baking & Cooking"
      }
    ],
    "brands": [
      {
        "code": "Market Basket",
        "desc": "Market Basket"
      }
    ],
    "price": {
      "basePrice": 6.69,
      "discountPrice": 6.69
    },
    "type": {
      "code": "Baking Ingredients",
      "desc": "Baking Ingredients"
    },
    "weight": "8 oz",
    "UpcCode": "",
    "tax": 0.0,
    "spiceLevel": "",
    "aiselNo": "8",
    "store": "Market Basket",
    "weightType": "8 oz",
    "imageName": "Market Basket.jpg",
    "defaultImage": "Market Basket.jpg",
    "updatedTimestamp": "Jan 23, 2021 8:02:30 PM",
    "createdTimestamp": "Jan 23, 2021 8:02:30 PM",
    "isNewlyAdded": false,
    "isActive": true,
    "isDealsEnabled": false,
    "quantity": 0
  },
  {
    "id": 4199,
    "code": "Harvestland Chicken Breast",
    "desc": "Harvestland Chicken Breast",
    "shortDesc": "Harvestland Chicken Breast",
    "tags": [
      "Chicken Breast"
    ],
    "categories": [
      {
        "code": "Meat & Seafood",
        "desc": "Meat & Seafood"
      }
    ],
    "subCategories": [
      {
        "code": "Packaged Meat & Seafood",
        "desc": "Packaged Meat & Seafood"
      }
    ],
    "brands": [
      {
        "code": "Harvestland",
        "desc": "Harvestland"
      }
    ],
    "price": {
      "basePrice": 6.09,
      "discountPrice": 6.09
    },
    "type": {
      "code": "Chicken Breast",
      "desc": "Chicken Breast"
    },
    "weight": "1 lb",
    "UpcCode": "",
    "tax": 0.0,
    "spiceLevel": "",
    "aiselNo": "22",
    "store": "Market Basket",
    "weightType": "1 lb",
    "imageName": "No Image.jpg",
    "defaultImage": "No Image.jpg",
    "updatedTimestamp": "Jan 23, 2021 8:02:30 PM",
    "createdTimestamp": "Jan 23, 2021 8:02:30 PM",
    "isNewlyAdded": false,
    "isActive": true,
    "isDealsEnabled": false,
    "quantity": 0
  },
  {
    "id": 6820,
    "code": "Domino Brownulated Pure Cane Light Brown Granulated Sugar",
    "desc": "Domino Brownulated Pure Cane Light Brown Granulated Sugar",
    "shortDesc": "Domino Brownulated Pure Cane Light Brown Granulated Sugar",
    "tags": [
      "Baking Ingredients"
    ],
    "categories": [
      {
        "code": "Cooking Needs",
        "desc": "Cooking Needs"
      }
    ],
    "subCategories": [
      {
        "code": "Baking & Cooking",
        "desc": "Baking & Cooking"
      }
    ],
    "brands": [
      {
        "code": "Domino",
        "desc": "Domino"
      }
    ],
    "price": {
      "basePrice": 1.49,
      "discountPrice": 1.49
    },
    "type": {
      "code": "Baking Ingredients",
      "desc": "Baking Ingredients"
    },
    "weight": "14 oz",
    "UpcCode": "",
    "tax": 0.0,
    "spiceLevel": "",
    "aiselNo": "8",
    "store": "Market Basket",
    "weightType": "14 oz",
    "imageName": "2335.jpg",
    "defaultImage": "2335.jpg",
    "updatedTimestamp": "Jan 23, 2021 8:02:30 PM",
    "createdTimestamp": "Jan 23, 2021 8:02:30 PM",
    "isNewlyAdded": false,
    "isActive": true,
    "isDealsEnabled": false,
    "quantity": 0
  },
  {
    "id": 3955,
    "code": "Fresh Radicchio",
    "desc": "Fresh Radicchio",
    "shortDesc": "Fresh Radicchio",
    "tags": [
      "Radicchio"
    ],
    "categories": [
      {
        "code": "Fresh Produce",
        "desc": "Fresh Produce"
      }
    ],
    "subCategories": [
      {
        "code": "Fresh Vegetables",
        "desc": "Fresh Vegetables"
      }
    ],
    "brands": [
      {
        "code": "Market Basket",
        "desc": "Market Basket"
      }
    ],
    "price": {
      "basePrice": 7.69,
      "discountPrice": 7.69
    },
    "type": {
      "code": "Radicchio",
      "desc": "Radicchio"
    },
    "weight": "1 lb",
    "UpcCode": "",
    "tax": 0.0,
    "spiceLevel": "",
    "aiselNo": "20",
    "store": "Market Basket",
    "weightType": "1 lb",
    "imageName": "FP63.jpg",
    "defaultImage": "FP63.jpg",
    "updatedTimestamp": "Jan 23, 2021 8:02:30 PM",
    "createdTimestamp": "Jan 23, 2021 8:02:30 PM",
    "isNewlyAdded": false,
    "isActive": true,
    "isDealsEnabled": false,
    "quantity": 0
  },
  {
    "id": 5462,
    "code": "Hershey's Nuggets Assortment Candy",
    "desc": "Hershey's Nuggets Assortment Candy",
    "shortDesc": "Hershey's Nuggets Assortment Candy",
    "tags": [
      "Candy & Chocolate"
    ],
    "categories": [
      {
        "code": "Chips, Cookies & Snacks",
        "desc": "Chips, Cookies & Snacks"
      }
    ],
    "subCategories": [
      {
        "code": "Candy & Chocolates",
        "desc": "Candy & Chocolates"
      }
    ],
    "brands": [
      {
        "code": "Hershey's",
        "desc": "Hershey's"
      }
    ],
    "price": {
      "basePrice": 12.48,
      "discountPrice": 12.48
    },
    "type": {
      "code": "Candy & Chocolate",
      "desc": "Candy & Chocolate"
    },
    "weight": "31.5 oz",
    "UpcCode": "",
    "tax": 0.0,
    "spiceLevel": "",
    "aiselNo": "3",
    "store": "Market Basket",
    "weightType": "31.5 oz",
    "imageName": "985.jpg",
    "defaultImage": "985.jpg",
    "updatedTimestamp": "Jan 23, 2021 8:02:30 PM",
    "createdTimestamp": "Jan 23, 2021 8:02:30 PM",
    "isNewlyAdded": false,
    "isActive": true,
    "isDealsEnabled": false,
    "quantity": 0
  },
  {
    "id": 10105,
    "code": "Hood Light Ice Cream Churned Vanilla",
    "desc": "Hood Light Ice Cream Churned Vanilla",
    "shortDesc": "Hood Light Ice Cream Churned Vanilla",
    "tags": [
      "Ice Cream & Ice"
    ],
    "categories": [
      {
        "code": "Frozen Food",
        "desc": "Frozen Food"
      }
    ],
    "subCategories": [
      {
        "code": "Ice Cream & Ice",
        "desc": "Ice Cream & Ice"
      }
    ],
    "brands": [
      {
        "code": "Hood",
        "desc": "Hood"
      }
    ],
    "price": {
      "basePrice": 3.09,
      "discountPrice": 3.09
    },
    "type": {
      "code": "Ice Cream & Ice",
      "desc": "Ice Cream & Ice"
    },
    "weight": "1.5 quart",
    "UpcCode": "",
    "tax": 0.0,
    "spiceLevel": "",
    "aiselNo": "21",
    "store": "Market Basket",
    "weightType": "1.5 quart",
    "imageName": "3113.jpg",
    "defaultImage": "3113.jpg",
    "updatedTimestamp": "Jan 23, 2021 8:02:30 PM",
    "createdTimestamp": "Jan 23, 2021 8:02:30 PM",
    "isNewlyAdded": false,
    "isActive": true,
    "isDealsEnabled": false,
    "quantity": 0
  },
  {
    "id": 10217,
    "code": "Richie's Super Premium Italian Ice Strawberry",
    "desc": "Richie's Super Premium Italian Ice Strawberry",
    "shortDesc": "Richie's Super Premium Italian Ice Strawberry",
    "tags": [
      "Ice Cream & Ice"
    ],
    "categories": [
      {
        "code": "Frozen Food",
        "desc": "Frozen Food"
      }
    ],
    "subCategories": [
      {
        "code": "Ice Cream & Ice",
        "desc": "Ice Cream & Ice"
      }
    ],
    "brands": [
      {
        "code": "Richie's",
        "desc": "Richie's"
      }
    ],
    "price": {
      "basePrice": 1.29,
      "discountPrice": 1.29
    },
    "type": {
      "code": "Ice Cream & Ice",
      "desc": "Ice Cream & Ice"
    },
    "weight": "10 fl oz",
    "UpcCode": "",
    "tax": 0.0,
    "spiceLevel": "",
    "aiselNo": "21",
    "store": "Market Basket",
    "weightType": "10 fl oz",
    "imageName": "16155.jpg",
    "defaultImage": "16155.jpg",
    "updatedTimestamp": "Jan 23, 2021 8:02:30 PM",
    "createdTimestamp": "Jan 23, 2021 8:02:30 PM",
    "isNewlyAdded": false,
    "isActive": true,
    "isDealsEnabled": false,
    "quantity": 0
  },
  {
    "id": 7529,
    "code": "Market Basket Small Early Peas",
    "desc": "Market Basket Small Early Peas",
    "shortDesc": "Market Basket Small Early Peas",
    "tags": [
      "Canned & Jarred Vegetables"
    ],
    "categories": [
      {
        "code": "Cooking Needs",
        "desc": "Cooking Needs"
      }
    ],
    "subCategories": [
      {
        "code": "Canned Food",
        "desc": "Canned Food"
      }
    ],
    "brands": [
      {
        "code": "Market Basket",
        "desc": "Market Basket"
      }
    ],
    "price": {
      "basePrice": 0.99,
      "discountPrice": 0.99
    },
    "type": {
      "code": "Canned & Jarred Vegetables",
      "desc": "Canned & Jarred Vegetables"
    },
    "weight": "15 oz",
    "UpcCode": "",
    "tax": 0.0,
    "spiceLevel": "",
    "aiselNo": "9",
    "store": "Market Basket",
    "weightType": "15 oz",
    "imageName": "Market Basket.jpg",
    "defaultImage": "Market Basket.jpg",
    "updatedTimestamp": "Jan 23, 2021 8:02:30 PM",
    "createdTimestamp": "Jan 23, 2021 8:02:30 PM",
    "isNewlyAdded": false,
    "isActive": true,
    "isDealsEnabled": false,
    "quantity": 0
  },
  {
    "id": 161,
    "code": "Market Basket Lemon Furniture Polish",
    "desc": "Market Basket Lemon Furniture Polish",
    "shortDesc": "Market Basket Lemon Furniture Polish",
    "tags": [
      "Other Cleaning Products"
    ],
    "categories": [
      {
        "code": "Kitchen & Cleaning",
        "desc": "Kitchen & Cleaning"
      }
    ],
    "subCategories": [
      {
        "code": "Cleaning Products",
        "desc": "Cleaning Products"
      }
    ],
    "brands": [
      {
        "code": "Market Basket",
        "desc": "Market Basket"
      }
    ],
    "price": {
      "basePrice": 2.49,
      "discountPrice": 2.49
    },
    "type": {
      "code": "Other Cleaning Products",
      "desc": "Other Cleaning Products"
    },
    "weight": "12.5 oz",
    "UpcCode": "",
    "tax": 1.0,
    "spiceLevel": "",
    "aiselNo": "15",
    "store": "Market Basket",
    "weightType": "12.5 oz",
    "imageName": "Market Basket.jpg",
    "defaultImage": "Market Basket.jpg",
    "updatedTimestamp": "Jan 23, 2021 8:02:30 PM",
    "createdTimestamp": "Jan 23, 2021 8:02:30 PM",
    "isNewlyAdded": false,
    "isActive": true,
    "isDealsEnabled": false,
    "quantity": 0
  },
  {
    "id": 15073,
    "code": "Opti-Free Replenish Multi-Purpose Disinfecting Solution Enhanced Comfort",
    "desc": "Opti-Free Replenish Multi-Purpose Disinfecting Solution Enhanced Comfort",
    "shortDesc": "Opti-Free Replenish Multi-Purpose Disinfecting Solution Enhanced Comfort",
    "tags": [
      "Eye & Ear Care"
    ],
    "categories": [
      {
        "code": "Personal Care",
        "desc": "Personal Care"
      }
    ],
    "subCategories": [
      {
        "code": "Personal Needs",
        "desc": "Personal Needs"
      }
    ],
    "brands": [
      {
        "code": "Opti-Free",
        "desc": "Opti-Free"
      }
    ],
    "price": {
      "basePrice": 15.51,
      "discountPrice": 15.51
    },
    "type": {
      "code": "Eye & Ear Care",
      "desc": "Eye & Ear Care"
    },
    "weight": "10 fl oz",
    "UpcCode": "",
    "tax": 1.0,
    "spiceLevel": "",
    "aiselNo": "13",
    "store": "Market Basket",
    "weightType": "10 fl oz",
    "imageName": "6478.jpg",
    "defaultImage": "6478.jpg",
    "updatedTimestamp": "Jan 23, 2021 8:02:30 PM",
    "createdTimestamp": "Jan 23, 2021 8:02:30 PM",
    "isNewlyAdded": false,
    "isActive": true,
    "isDealsEnabled": false,
    "quantity": 0
  },
  {
    "id": 13438,
    "code": "Nature's Yoke Natural Eggs, Organic, Large",
    "desc": "Nature's Yoke Natural Eggs, Organic, Large",
    "shortDesc": "Nature's Yoke Natural Eggs, Organic, Large",
    "tags": [
      "Eggs"
    ],
    "categories": [
      {
        "code": "Breakfast & Dairy",
        "desc": "Breakfast & Dairy"
      }
    ],
    "subCategories": [
      {
        "code": "Dairy & Eggs",
        "desc": "Dairy & Eggs"
      }
    ],
    "brands": [
      {
        "code": "Nature's Yoke Natural",
        "desc": "Nature's Yoke Natural"
      }
    ],
    "price": {
      "basePrice": 4.79,
      "discountPrice": 4.79
    },
    "type": {
      "code": "Eggs",
      "desc": "Eggs"
    },
    "weight": "12 count",
    "UpcCode": "",
    "tax": 0.0,
    "spiceLevel": "",
    "aiselNo": "1",
    "store": "Market Basket",
    "weightType": "12 count",
    "imageName": "607.jpg",
    "defaultImage": "607.jpg",
    "updatedTimestamp": "Jan 23, 2021 8:02:30 PM",
    "createdTimestamp": "Jan 23, 2021 8:02:30 PM",
    "isNewlyAdded": false,
    "isActive": true,
    "isDealsEnabled": false,
    "quantity": 0
  },
  {
    "id": 9857,
    "code": "Market Basket Extra Fine Whole Green Beans",
    "desc": "Market Basket Extra Fine Whole Green Beans",
    "shortDesc": "Market Basket Extra Fine Whole Green Beans",
    "tags": [
      "Frozen Produce"
    ],
    "categories": [
      {
        "code": "Frozen Food",
        "desc": "Frozen Food"
      }
    ],
    "subCategories": [
      {
        "code": "Frozen Produce",
        "desc": "Frozen Produce"
      }
    ],
    "brands": [
      {
        "code": "Market Basket",
        "desc": "Market Basket"
      }
    ],
    "price": {
      "basePrice": 1.89,
      "discountPrice": 1.89
    },
    "type": {
      "code": "Frozen Produce",
      "desc": "Frozen Produce"
    },
    "weight": "16 oz",
    "UpcCode": "",
    "tax": 0.0,
    "spiceLevel": "",
    "aiselNo": "19",
    "store": "Market Basket",
    "weightType": "16 oz",
    "imageName": "Market Basket.jpg",
    "defaultImage": "Market Basket.jpg",
    "updatedTimestamp": "Jan 23, 2021 8:02:30 PM",
    "createdTimestamp": "Jan 23, 2021 8:02:30 PM",
    "isNewlyAdded": false,
    "isActive": true,
    "isDealsEnabled": false,
    "quantity": 0
  },
  {
    "id": 14988,
    "code": "Bayer Aspirin Low Dose Safety Coated Tablets",
    "desc": "Bayer Aspirin Low Dose Safety Coated Tablets",
    "shortDesc": "Bayer Aspirin Low Dose Safety Coated Tablets",
    "tags": [
      "Muscles, Joints & Pain Relief"
    ],
    "categories": [
      {
        "code": "Personal Care",
        "desc": "Personal Care"
      }
    ],
    "subCategories": [
      {
        "code": "First Aid & Healthcare",
        "desc": "First Aid & Healthcare"
      }
    ],
    "brands": [
      {
        "code": "Bayer",
        "desc": "Bayer"
      }
    ],
    "price": {
      "basePrice": 9.88,
      "discountPrice": 9.88
    },
    "type": {
      "code": "Muscles, Joints & Pain Relief",
      "desc": "Muscles, Joints & Pain Relief"
    },
    "weight": "120 count",
    "UpcCode": "",
    "tax": 1.0,
    "spiceLevel": "",
    "aiselNo": "13",
    "store": "Market Basket",
    "weightType": "120 count",
    "imageName": "6635.jpg",
    "defaultImage": "6635.jpg",
    "updatedTimestamp": "Jan 23, 2021 8:02:30 PM",
    "createdTimestamp": "Jan 23, 2021 8:02:30 PM",
    "isNewlyAdded": false,
    "isActive": true,
    "isDealsEnabled": false,
    "quantity": 0
  },
  {
    "id": 15283,
    "code": "Boost HIGH PROTEIN Very Vanilla",
    "desc": "Boost HIGH PROTEIN Very Vanilla",
    "shortDesc": "Boost HIGH PROTEIN Very Vanilla",
    "tags": [
      "Protien Drinks"
    ],
    "categories": [
      {
        "code": "Personal Care",
        "desc": "Personal Care"
      }
    ],
    "subCategories": [
      {
        "code": "Vitamins & Proteins",
        "desc": "Vitamins & Proteins"
      }
    ],
    "brands": [
      {
        "code": "Boost",
        "desc": "Boost"
      }
    ],
    "price": {
      "basePrice": 11.26,
      "discountPrice": 11.26
    },
    "type": {
      "code": "Protien Drinks",
      "desc": "Protien Drinks"
    },
    "weight": "6 x 8 fl oz",
    "UpcCode": "",
    "tax": 1.0,
    "spiceLevel": "",
    "aiselNo": "13",
    "store": "Market Basket",
    "weightType": "6 x 8 fl oz",
    "imageName": "6739.jpg",
    "defaultImage": "6739.jpg",
    "updatedTimestamp": "Jan 23, 2021 8:02:30 PM",
    "createdTimestamp": "Jan 23, 2021 8:02:30 PM",
    "isNewlyAdded": false,
    "isActive": true,
    "isDealsEnabled": false,
    "quantity": 0
  },
  {
    "id": 6043,
    "code": "Hawaiian Punch Fruit Juicy Red",
    "desc": "Hawaiian Punch Fruit Juicy Red",
    "shortDesc": "Hawaiian Punch Fruit Juicy Red",
    "tags": [
      "Juice & Nectars"
    ],
    "categories": [
      {
        "code": "Beverages & Juices",
        "desc": "Beverages & Juices"
      }
    ],
    "subCategories": [
      {
        "code": "Juices & Refrigerated Drinks",
        "desc": "Juices & Refrigerated Drinks"
      }
    ],
    "brands": [
      {
        "code": "Hawaiian Punch",
        "desc": "Hawaiian Punch"
      }
    ],
    "price": {
      "basePrice": 2.5,
      "discountPrice": 2.5
    },
    "type": {
      "code": "Juice & Nectars",
      "desc": "Juice & Nectars"
    },
    "weight": "1 gal",
    "UpcCode": "014800646542",
    "tax": 0.0,
    "spiceLevel": "",
    "aiselNo": "10",
    "store": "Market Basket",
    "weightType": "1 gal",
    "imageName": "X3156.jpg",
    "defaultImage": "X3156.jpg",
    "updatedTimestamp": "Jan 23, 2021 8:02:29 PM",
    "createdTimestamp": "Jan 23, 2021 8:02:29 PM",
    "isNewlyAdded": false,
    "isActive": true,
    "isDealsEnabled": false,
    "quantity": 0
  },
  {
    "id": 4082,
    "code": "Market Basket Beef Liver",
    "desc": "Market Basket Beef Liver",
    "shortDesc": "Market Basket Beef Liver",
    "tags": [
      "Beef"
    ],
    "categories": [
      {
        "code": "Meat & Seafood",
        "desc": "Meat & Seafood"
      }
    ],
    "subCategories": [
      {
        "code": "Meat & Seafood Counter",
        "desc": "Meat & Seafood Counter"
      }
    ],
    "brands": [
      {
        "code": "Market Basket",
        "desc": "Market Basket"
      }
    ],
    "price": {
      "basePrice": 2.59,
      "discountPrice": 2.59
    },
    "type": {
      "code": "Beef",
      "desc": "Beef"
    },
    "weight": "Approx: 1.30 lb at $1.99/lb",
    "UpcCode": "",
    "tax": 0.0,
    "spiceLevel": "",
    "aiselNo": "22",
    "store": "Market Basket",
    "weightType": "Approx: 1.30 lb at $1.99/lb",
    "imageName": "Market Basket.jpg",
    "defaultImage": "Market Basket.jpg",
    "updatedTimestamp": "Jan 23, 2021 8:02:30 PM",
    "createdTimestamp": "Jan 23, 2021 8:02:30 PM",
    "isNewlyAdded": false,
    "isActive": true,
    "isDealsEnabled": false,
    "quantity": 0
  },
  {
    "id": 7711,
    "code": "Bush's Best Reduced Sodium Cannellini Beans",
    "desc": "Bush's Best Reduced Sodium Cannellini Beans",
    "shortDesc": "Bush's Best Reduced Sodium Cannellini Beans",
    "tags": [
      "Canned Meals & Beans"
    ],
    "categories": [
      {
        "code": "Cooking Needs",
        "desc": "Cooking Needs"
      }
    ],
    "subCategories": [
      {
        "code": "Canned Food",
        "desc": "Canned Food"
      }
    ],
    "brands": [
      {
        "code": "Bush's Best",
        "desc": "Bush's Best"
      }
    ],
    "price": {
      "basePrice": 1.29,
      "discountPrice": 1.29
    },
    "type": {
      "code": "Canned Meals & Beans",
      "desc": "Canned Meals & Beans"
    },
    "weight": "15.5 oz",
    "UpcCode": "",
    "tax": 0.0,
    "spiceLevel": "",
    "aiselNo": "2",
    "store": "Market Basket",
    "weightType": "15.5 oz",
    "imageName": "5146.jpg",
    "defaultImage": "5146.jpg",
    "updatedTimestamp": "Jan 23, 2021 8:02:30 PM",
    "createdTimestamp": "Jan 23, 2021 8:02:30 PM",
    "isNewlyAdded": false,
    "isActive": true,
    "isDealsEnabled": false,
    "quantity": 0
  },
  {
    "id": 4145,
    "code": "Market Basket Imitation Crab Meat Chunks",
    "desc": "Market Basket Imitation Crab Meat Chunks",
    "shortDesc": "Market Basket Imitation Crab Meat Chunks",
    "tags": [
      "Crab Meat"
    ],
    "categories": [
      {
        "code": "Meat & Seafood",
        "desc": "Meat & Seafood"
      }
    ],
    "subCategories": [
      {
        "code": "Meat & Seafood Counter",
        "desc": "Meat & Seafood Counter"
      }
    ],
    "brands": [
      {
        "code": "Market Basket",
        "desc": "Market Basket"
      }
    ],
    "price": {
      "basePrice": 4.89,
      "discountPrice": 4.89
    },
    "type": {
      "code": "Crab Meat",
      "desc": "Crab Meat"
    },
    "weight": "1 lb",
    "UpcCode": "",
    "tax": 0.0,
    "spiceLevel": "",
    "aiselNo": "22",
    "store": "Market Basket",
    "weightType": "1 lb",
    "imageName": "Market Basket.jpg",
    "defaultImage": "Market Basket.jpg",
    "updatedTimestamp": "Jan 23, 2021 8:02:30 PM",
    "createdTimestamp": "Jan 23, 2021 8:02:30 PM",
    "isNewlyAdded": false,
    "isActive": true,
    "isDealsEnabled": false,
    "quantity": 0
  },
  {
    "id": 3756,
    "code": "Oregano",
    "desc": "Oregano",
    "shortDesc": "Oregano",
    "tags": [
      "Oregano"
    ],
    "categories": [
      {
        "code": "Fresh Produce",
        "desc": "Fresh Produce"
      }
    ],
    "subCategories": [
      {
        "code": "Fresh Herbs",
        "desc": "Fresh Herbs"
      }
    ],
    "brands": [
      {
        "code": "Market Basket",
        "desc": "Market Basket"
      }
    ],
    "price": {
      "basePrice": 2.86,
      "discountPrice": 2.86
    },
    "type": {
      "code": "Oregano",
      "desc": "Oregano"
    },
    "weight": "1 bunch",
    "UpcCode": "",
    "tax": 0.0,
    "spiceLevel": "",
    "aiselNo": "20",
    "store": "Market Basket",
    "weightType": "1 bunch",
    "imageName": "14549.jpg",
    "defaultImage": "14549.jpg",
    "updatedTimestamp": "Jan 23, 2021 8:02:30 PM",
    "createdTimestamp": "Jan 23, 2021 8:02:30 PM",
    "isNewlyAdded": false,
    "isActive": true,
    "isDealsEnabled": false,
    "quantity": 0
  },
  {
    "id": 7865,
    "code": "Libby's Vienna Sausage",
    "desc": "Libby's Vienna Sausage",
    "shortDesc": "Libby's Vienna Sausage",
    "tags": [
      "Canned Meat & Seafood"
    ],
    "categories": [
      {
        "code": "Cooking Needs",
        "desc": "Cooking Needs"
      }
    ],
    "subCategories": [
      {
        "code": "Canned Food",
        "desc": "Canned Food"
      }
    ],
    "brands": [
      {
        "code": "Libby's",
        "desc": "Libby's"
      }
    ],
    "price": {
      "basePrice": 0.69,
      "discountPrice": 0.69
    },
    "type": {
      "code": "Canned Meat & Seafood",
      "desc": "Canned Meat & Seafood"
    },
    "weight": "4.6 oz",
    "UpcCode": "",
    "tax": 0.0,
    "spiceLevel": "",
    "aiselNo": "2",
    "store": "Market Basket",
    "weightType": "4.6 oz",
    "imageName": "17152.jpg",
    "defaultImage": "17152.jpg",
    "updatedTimestamp": "Jan 23, 2021 8:02:30 PM",
    "createdTimestamp": "Jan 23, 2021 8:02:30 PM",
    "isNewlyAdded": false,
    "isActive": true,
    "isDealsEnabled": false,
    "quantity": 0
  },
  {
    "id": 15275,
    "code": "Amrita Sun Butter & Jelly Protein Bar",
    "desc": "Amrita Sun Butter & Jelly Protein Bar",
    "shortDesc": "Amrita Sun Butter & Jelly Protein Bar",
    "tags": [
      "Protien Bars"
    ],
    "categories": [
      {
        "code": "Breakfast & Dairy",
        "desc": "Breakfast & Dairy"
      }
    ],
    "subCategories": [
      {
        "code": "Bars & Pastries",
        "desc": "Bars & Pastries"
      }
    ],
    "brands": [
      {
        "code": "Amrita Protein",
        "desc": "Amrita Protein"
      }
    ],
    "price": {
      "basePrice": 2.17,
      "discountPrice": 2.17
    },
    "type": {
      "code": "Protien Bars",
      "desc": "Protien Bars"
    },
    "weight": "2.12 oz",
    "UpcCode": "",
    "tax": 1.0,
    "spiceLevel": "",
    "aiselNo": "13",
    "store": "Market Basket",
    "weightType": "2.12 oz",
    "imageName": "6750.jpg",
    "defaultImage": "6750.jpg",
    "updatedTimestamp": "Jan 23, 2021 8:02:30 PM",
    "createdTimestamp": "Jan 23, 2021 8:02:30 PM",
    "isNewlyAdded": false,
    "isActive": true,
    "isDealsEnabled": false,
    "quantity": 0
  },
  {
    "id": 4576,
    "code": "Tropical Smoked Cooked Salami Original",
    "desc": "Tropical Smoked Cooked Salami Original",
    "shortDesc": "Tropical Smoked Cooked Salami Original",
    "tags": [
      "Salami"
    ],
    "categories": [
      {
        "code": "Meat & Seafood",
        "desc": "Meat & Seafood"
      }
    ],
    "subCategories": [
      {
        "code": "Lunch Meat",
        "desc": "Lunch Meat"
      }
    ],
    "brands": [
      {
        "code": "Tropical",
        "desc": "Tropical"
      }
    ],
    "price": {
      "basePrice": 4.39,
      "discountPrice": 4.39
    },
    "type": {
      "code": "Salami",
      "desc": "Salami"
    },
    "weight": "16 oz",
    "UpcCode": "",
    "tax": 0.0,
    "spiceLevel": "",
    "aiselNo": "22",
    "store": "Market Basket",
    "weightType": "16 oz",
    "imageName": "No Image.jpg",
    "defaultImage": "No Image.jpg",
    "updatedTimestamp": "Jan 23, 2021 8:02:30 PM",
    "createdTimestamp": "Jan 23, 2021 8:02:30 PM",
    "isNewlyAdded": false,
    "isActive": true,
    "isDealsEnabled": false,
    "quantity": 0
  },
  {
    "id": 13974,
    "code": "Reduced Fat Mozzarella",
    "desc": "Reduced Fat Mozzarella",
    "shortDesc": "Reduced Fat Mozzarella",
    "tags": [
      "Specialty Cheeses"
    ],
    "categories": [
      {
        "code": "Breakfast & Dairy",
        "desc": "Breakfast & Dairy"
      }
    ],
    "subCategories": [
      {
        "code": "Dairy & Eggs",
        "desc": "Dairy & Eggs"
      }
    ],
    "brands": [
      {
        "code": "Market Basket",
        "desc": "Market Basket"
      }
    ],
    "price": {
      "basePrice": 3.29,
      "discountPrice": 3.29
    },
    "type": {
      "code": "Specialty Cheeses",
      "desc": "Specialty Cheeses"
    },
    "weight": "8 oz",
    "UpcCode": "",
    "tax": 0.0,
    "spiceLevel": "",
    "aiselNo": "1",
    "store": "Market Basket",
    "weightType": "8 oz",
    "imageName": "Market Basket.jpg",
    "defaultImage": "Market Basket.jpg",
    "updatedTimestamp": "Jan 23, 2021 8:02:30 PM",
    "createdTimestamp": "Jan 23, 2021 8:02:30 PM",
    "isNewlyAdded": false,
    "isActive": true,
    "isDealsEnabled": false,
    "quantity": 0
  },
  {
    "id": 5674,
    "code": "Trident Original Sugar Free Gum",
    "desc": "Trident Original Sugar Free Gum",
    "shortDesc": "Trident Original Sugar Free Gum",
    "tags": [
      "Mint & Gum"
    ],
    "categories": [
      {
        "code": "Chips, Cookies & Snacks",
        "desc": "Chips, Cookies & Snacks"
      }
    ],
    "subCategories": [
      {
        "code": "Candy & Chocolates",
        "desc": "Candy & Chocolates"
      }
    ],
    "brands": [
      {
        "code": "Trident",
        "desc": "Trident"
      }
    ],
    "price": {
      "basePrice": 1.29,
      "discountPrice": 1.29
    },
    "type": {
      "code": "Mint & Gum",
      "desc": "Mint & Gum"
    },
    "weight": "14 ct",
    "UpcCode": "",
    "tax": 0.0,
    "spiceLevel": "",
    "aiselNo": "3",
    "store": "Market Basket",
    "weightType": "14 ct",
    "imageName": "1485.jpg",
    "defaultImage": "1485.jpg",
    "updatedTimestamp": "Jan 23, 2021 8:02:30 PM",
    "createdTimestamp": "Jan 23, 2021 8:02:30 PM",
    "isNewlyAdded": false,
    "isActive": true,
    "isDealsEnabled": false,
    "quantity": 0
  },
  {
    "id": 3800,
    "code": "Foxy Organic Italian Parsley",
    "desc": "Foxy Organic Italian Parsley",
    "shortDesc": "Foxy Organic Italian Parsley",
    "tags": [
      "Parsley"
    ],
    "categories": [
      {
        "code": "Fresh Produce",
        "desc": "Fresh Produce"
      }
    ],
    "subCategories": [
      {
        "code": "Fresh Organic Herbs",
        "desc": "Fresh Organic Herbs"
      }
    ],
    "brands": [
      {
        "code": "Foxy Organic",
        "desc": "Foxy Organic"
      }
    ],
    "price": {
      "basePrice": 2.4,
      "discountPrice": 2.4
    },
    "type": {
      "code": "Parsley",
      "desc": "Parsley"
    },
    "weight": "1 lb",
    "UpcCode": "",
    "tax": 0.0,
    "spiceLevel": "",
    "aiselNo": "20",
    "store": "Market Basket",
    "weightType": "1 lb",
    "imageName": "FP41.jpg",
    "defaultImage": "FP41.jpg",
    "updatedTimestamp": "Jan 23, 2021 8:02:30 PM",
    "createdTimestamp": "Jan 23, 2021 8:02:30 PM",
    "isNewlyAdded": false,
    "isActive": true,
    "isDealsEnabled": false,
    "quantity": 0
  },
  {
    "id": 12701,
    "code": "Kasanof's All Natural Deli Rolls 6 CT",
    "desc": "Kasanof's All Natural Deli Rolls 6 CT",
    "shortDesc": "Kasanof's All Natural Deli Rolls 6 CT",
    "tags": [
      "Bread"
    ],
    "categories": [
      {
        "code": "Breakfast & Dairy",
        "desc": "Breakfast & Dairy"
      }
    ],
    "subCategories": [
      {
        "code": "Breads & Rolls",
        "desc": "Breads & Rolls"
      }
    ],
    "brands": [
      {
        "code": "Kasanof's",
        "desc": "Kasanof's"
      }
    ],
    "price": {
      "basePrice": 3.09,
      "discountPrice": 3.09
    },
    "type": {
      "code": "Bread",
      "desc": "Bread"
    },
    "weight": "6 count",
    "UpcCode": "",
    "tax": 0.0,
    "spiceLevel": "",
    "aiselNo": "18",
    "store": "Market Basket",
    "weightType": "6 count",
    "imageName": "17007.jpg",
    "defaultImage": "17007.jpg",
    "updatedTimestamp": "Jan 23, 2021 8:02:30 PM",
    "createdTimestamp": "Jan 23, 2021 8:02:30 PM",
    "isNewlyAdded": false,
    "isActive": true,
    "isDealsEnabled": false,
    "quantity": 0
  },
  {
    "id": 6013,
    "code": "Mountain Dew Original Citrus Flavored Energy Drink",
    "desc": "Mountain Dew Original Citrus Flavored Energy Drink",
    "shortDesc": "Mountain Dew Original Citrus Flavored Energy Drink",
    "tags": [
      "Energy & Sports Drinks"
    ],
    "categories": [
      {
        "code": "Beverages & Juices",
        "desc": "Beverages & Juices"
      }
    ],
    "subCategories": [
      {
        "code": "Energy & Sports Drinks",
        "desc": "Energy & Sports Drinks"
      }
    ],
    "brands": [
      {
        "code": "Mountain Dew",
        "desc": "Mountain Dew"
      }
    ],
    "price": {
      "basePrice": 2.49,
      "discountPrice": 2.49
    },
    "type": {
      "code": "Energy & Sports Drinks",
      "desc": "Energy & Sports Drinks"
    },
    "weight": "16 fl oz",
    "UpcCode": "",
    "tax": 0.0,
    "spiceLevel": "",
    "aiselNo": "17",
    "store": "Market Basket",
    "weightType": "16 fl oz",
    "imageName": "3782.jpg",
    "defaultImage": "3782.jpg",
    "updatedTimestamp": "Jan 23, 2021 8:02:29 PM",
    "createdTimestamp": "Jan 23, 2021 8:02:29 PM",
    "isNewlyAdded": false,
    "isActive": true,
    "isDealsEnabled": false,
    "quantity": 0
  },
  {
    "id": 6963,
    "code": "Hodgson Mill Muffin Mix Stone Ground Cornbread",
    "desc": "Hodgson Mill Muffin Mix Stone Ground Cornbread",
    "shortDesc": "Hodgson Mill Muffin Mix Stone Ground Cornbread",
    "tags": [
      "Doughs, Gelatins & Bake Mixes"
    ],
    "categories": [
      {
        "code": "Cooking Needs",
        "desc": "Cooking Needs"
      }
    ],
    "subCategories": [
      {
        "code": "Baking & Cooking",
        "desc": "Baking & Cooking"
      }
    ],
    "brands": [
      {
        "code": "Hodgson Mill",
        "desc": "Hodgson Mill"
      }
    ],
    "price": {
      "basePrice": 2.09,
      "discountPrice": 2.09
    },
    "type": {
      "code": "Doughs, Gelatins & Bake Mixes",
      "desc": "Doughs, Gelatins & Bake Mixes"
    },
    "weight": "7.5 oz",
    "UpcCode": "",
    "tax": 0.0,
    "spiceLevel": "",
    "aiselNo": "8",
    "store": "Market Basket",
    "weightType": "7.5 oz",
    "imageName": "15616.jpg",
    "defaultImage": "15616.jpg",
    "updatedTimestamp": "Jan 23, 2021 8:02:30 PM",
    "createdTimestamp": "Jan 23, 2021 8:02:30 PM",
    "isNewlyAdded": false,
    "isActive": true,
    "isDealsEnabled": false,
    "quantity": 0
  },
  {
    "id": 7764,
    "code": "Goya Refried Beans",
    "desc": "Goya Refried Beans",
    "shortDesc": "Goya Refried Beans",
    "tags": [
      "Canned Meals & Beans"
    ],
    "categories": [
      {
        "code": "Cooking Needs",
        "desc": "Cooking Needs"
      }
    ],
    "subCategories": [
      {
        "code": "Canned Food",
        "desc": "Canned Food"
      }
    ],
    "brands": [
      {
        "code": "Goya",
        "desc": "Goya"
      }
    ],
    "price": {
      "basePrice": 1.69,
      "discountPrice": 1.69
    },
    "type": {
      "code": "Canned Meals & Beans",
      "desc": "Canned Meals & Beans"
    },
    "weight": "16 oz",
    "UpcCode": "",
    "tax": 0.0,
    "spiceLevel": "",
    "aiselNo": "7",
    "store": "Market Basket",
    "weightType": "16 oz",
    "imageName": "5123.jpg",
    "defaultImage": "5123.jpg",
    "updatedTimestamp": "Jan 23, 2021 8:02:30 PM",
    "createdTimestamp": "Jan 23, 2021 8:02:30 PM",
    "isNewlyAdded": false,
    "isActive": true,
    "isDealsEnabled": false,
    "quantity": 0
  },
  {
    "id": 7217,
    "code": "Goya Adobo Light All Purpose Seasoning With Pepper",
    "desc": "Goya Adobo Light All Purpose Seasoning With Pepper",
    "shortDesc": "Goya Adobo Light All Purpose Seasoning With Pepper",
    "tags": [
      "Spices & Seasonings"
    ],
    "categories": [
      {
        "code": "Cooking Needs",
        "desc": "Cooking Needs"
      }
    ],
    "subCategories": [
      {
        "code": "Spices & Seasonings",
        "desc": "Spices & Seasonings"
      }
    ],
    "brands": [
      {
        "code": "Goya",
        "desc": "Goya"
      }
    ],
    "price": {
      "basePrice": 1.99,
      "discountPrice": 1.99
    },
    "type": {
      "code": "Spices & Seasonings",
      "desc": "Spices & Seasonings"
    },
    "weight": "8 oz",
    "UpcCode": "",
    "tax": 0.0,
    "spiceLevel": "",
    "aiselNo": "9",
    "store": "Market Basket",
    "weightType": "8 oz",
    "imageName": "2236.jpg",
    "defaultImage": "2236.jpg",
    "updatedTimestamp": "Jan 23, 2021 8:02:30 PM",
    "createdTimestamp": "Jan 23, 2021 8:02:30 PM",
    "isNewlyAdded": false,
    "isActive": true,
    "isDealsEnabled": false,
    "quantity": 0
  },
  {
    "id": 7191,
    "code": "Badia Curry Powder",
    "desc": "Badia Curry Powder",
    "shortDesc": "Badia Curry Powder",
    "tags": [
      "Spices & Seasonings"
    ],
    "categories": [
      {
        "code": "Cooking Needs",
        "desc": "Cooking Needs"
      }
    ],
    "subCategories": [
      {
        "code": "Spices & Seasonings",
        "desc": "Spices & Seasonings"
      }
    ],
    "brands": [
      {
        "code": "Badia",
        "desc": "Badia"
      }
    ],
    "price": {
      "basePrice": 1.69,
      "discountPrice": 1.69
    },
    "type": {
      "code": "Spices & Seasonings",
      "desc": "Spices & Seasonings"
    },
    "weight": "2 oz",
    "UpcCode": "",
    "tax": 0.0,
    "spiceLevel": "",
    "aiselNo": "9",
    "store": "Market Basket",
    "weightType": "2 oz",
    "imageName": "2215.jpg",
    "defaultImage": "2215.jpg",
    "updatedTimestamp": "Jan 23, 2021 8:02:30 PM",
    "createdTimestamp": "Jan 23, 2021 8:02:30 PM",
    "isNewlyAdded": false,
    "isActive": true,
    "isDealsEnabled": false,
    "quantity": 0
  },
  {
    "id": 15291,
    "code": "Ensure Original Nutrition Shake Vanilla Ready-to-Drink Bottles",
    "desc": "Ensure Original Nutrition Shake Vanilla Ready-to-Drink Bottles",
    "shortDesc": "Ensure Original Nutrition Shake Vanilla Ready-to-Drink Bottles",
    "tags": [
      "Protien Drinks"
    ],
    "categories": [
      {
        "code": "Personal Care",
        "desc": "Personal Care"
      }
    ],
    "subCategories": [
      {
        "code": "Vitamins & Proteins",
        "desc": "Vitamins & Proteins"
      }
    ],
    "brands": [
      {
        "code": "Ensure",
        "desc": "Ensure"
      }
    ],
    "price": {
      "basePrice": 12.64,
      "discountPrice": 12.64
    },
    "type": {
      "code": "Protien Drinks",
      "desc": "Protien Drinks"
    },
    "weight": "6 x 8 fl oz",
    "UpcCode": "",
    "tax": 1.0,
    "spiceLevel": "",
    "aiselNo": "13",
    "store": "Market Basket",
    "weightType": "6 x 8 fl oz",
    "imageName": "6718.jpg",
    "defaultImage": "6718.jpg",
    "updatedTimestamp": "Jan 23, 2021 8:02:30 PM",
    "createdTimestamp": "Jan 23, 2021 8:02:30 PM",
    "isNewlyAdded": false,
    "isActive": true,
    "isDealsEnabled": false,
    "quantity": 0
  },
  {
    "id": 5965,
    "code": "Lipton Iced Tea Lemon Diet",
    "desc": "Lipton Iced Tea Lemon Diet",
    "shortDesc": "Lipton Iced Tea Lemon Diet",
    "tags": [
      "Cocoa & Drink Mixes"
    ],
    "categories": [
      {
        "code": "Beverages & Juices",
        "desc": "Beverages & Juices"
      }
    ],
    "subCategories": [
      {
        "code": "Cocoa & Drink Mixes",
        "desc": "Cocoa & Drink Mixes"
      }
    ],
    "brands": [
      {
        "code": "Lipton",
        "desc": "Lipton"
      }
    ],
    "price": {
      "basePrice": 4.11,
      "discountPrice": 4.11
    },
    "type": {
      "code": "Cocoa & Drink Mixes",
      "desc": "Cocoa & Drink Mixes"
    },
    "weight": "3 oz",
    "UpcCode": "",
    "tax": 0.0,
    "spiceLevel": "",
    "aiselNo": "17",
    "store": "Market Basket",
    "weightType": "3 oz",
    "imageName": "No Image.jpg",
    "defaultImage": "No Image.jpg",
    "updatedTimestamp": "Jan 23, 2021 8:02:29 PM",
    "createdTimestamp": "Jan 23, 2021 8:02:29 PM",
    "isNewlyAdded": false,
    "isActive": true,
    "isDealsEnabled": false,
    "quantity": 0
  },
  {
    "id": 4319,
    "code": "Market Basket Pork Butt Boneless Southern Style Ribs",
    "desc": "Market Basket Pork Butt Boneless Southern Style Ribs",
    "shortDesc": "Market Basket Pork Butt Boneless Southern Style Ribs",
    "tags": [
      "Pork"
    ],
    "categories": [
      {
        "code": "Meat & Seafood",
        "desc": "Meat & Seafood"
      }
    ],
    "subCategories": [
      {
        "code": "Meat & Seafood Counter",
        "desc": "Meat & Seafood Counter"
      }
    ],
    "brands": [
      {
        "code": "Market Basket",
        "desc": "Market Basket"
      }
    ],
    "price": {
      "basePrice": 3.09,
      "discountPrice": 3.09
    },
    "type": {
      "code": "Pork",
      "desc": "Pork"
    },
    "weight": "1 lb",
    "UpcCode": "",
    "tax": 0.0,
    "spiceLevel": "",
    "aiselNo": "22",
    "store": "Market Basket",
    "weightType": "1 lb",
    "imageName": "Market Basket.jpg",
    "defaultImage": "Market Basket.jpg",
    "updatedTimestamp": "Jan 23, 2021 8:02:30 PM",
    "createdTimestamp": "Jan 23, 2021 8:02:30 PM",
    "isNewlyAdded": false,
    "isActive": true,
    "isDealsEnabled": false,
    "quantity": 0
  },
  {
    "id": 5008,
    "code": "Utz Party Mix Cheese Crunchies Tortilla Chips Bbq Corn Chips Pretzel Wheels Nachos",
    "desc": "Utz Party Mix Cheese Crunchies Tortilla Chips Bbq Corn Chips Pretzel Wheels Nachos",
    "shortDesc": "Utz Party Mix Cheese Crunchies Tortilla Chips Bbq Corn Chips Pretzel Wheels Nachos",
    "tags": [
      "Chips & Pretzels"
    ],
    "categories": [
      {
        "code": "Chips, Cookies & Snacks",
        "desc": "Chips, Cookies & Snacks"
      }
    ],
    "subCategories": [
      {
        "code": "Chips & Fruit Snacks",
        "desc": "Chips & Fruit Snacks"
      }
    ],
    "brands": [
      {
        "code": "Utz",
        "desc": "Utz"
      }
    ],
    "price": {
      "basePrice": 6.23,
      "discountPrice": 6.23
    },
    "type": {
      "code": "Chips & Pretzels",
      "desc": "Chips & Pretzels"
    },
    "weight": "26 oz",
    "UpcCode": "",
    "tax": 0.0,
    "spiceLevel": "",
    "aiselNo": "0",
    "store": "Market Basket",
    "weightType": "26 oz",
    "imageName": "No Image.jpg",
    "defaultImage": "No Image.jpg",
    "updatedTimestamp": "Jan 23, 2021 8:02:30 PM",
    "createdTimestamp": "Jan 23, 2021 8:02:30 PM",
    "isNewlyAdded": false,
    "isActive": true,
    "isDealsEnabled": false,
    "quantity": 0
  },
  {
    "id": 5879,
    "code": "4C Lemonade",
    "desc": "4C Lemonade",
    "shortDesc": "4C Lemonade",
    "tags": [
      "Cocoa & Drink Mixes"
    ],
    "categories": [
      {
        "code": "Beverages & Juices",
        "desc": "Beverages & Juices"
      }
    ],
    "subCategories": [
      {
        "code": "Cocoa & Drink Mixes",
        "desc": "Cocoa & Drink Mixes"
      }
    ],
    "brands": [
      {
        "code": "4C",
        "desc": "4C"
      }
    ],
    "price": {
      "basePrice": 1.88,
      "discountPrice": 1.88
    },
    "type": {
      "code": "Cocoa & Drink Mixes",
      "desc": "Cocoa & Drink Mixes"
    },
    "weight": "18.6 oz",
    "UpcCode": "",
    "tax": 0.0,
    "spiceLevel": "",
    "aiselNo": "17",
    "store": "Market Basket",
    "weightType": "18.6 oz",
    "imageName": "No Image.jpg",
    "defaultImage": "No Image.jpg",
    "updatedTimestamp": "Jan 23, 2021 8:02:29 PM",
    "createdTimestamp": "Jan 23, 2021 8:02:29 PM",
    "isNewlyAdded": false,
    "isActive": true,
    "isDealsEnabled": false,
    "quantity": 0
  },
  {
    "id": 8368,
    "code": "Hershey's Syrup Sugar Free Genuine Chocolate Flavor",
    "desc": "Hershey's Syrup Sugar Free Genuine Chocolate Flavor",
    "shortDesc": "Hershey's Syrup Sugar Free Genuine Chocolate Flavor",
    "tags": [
      "Syrup"
    ],
    "categories": [
      {
        "code": "Condiments & Dressings",
        "desc": "Condiments & Dressings"
      }
    ],
    "subCategories": [
      {
        "code": "Honey, Syrup & Nectars",
        "desc": "Honey, Syrup & Nectars"
      }
    ],
    "brands": [
      {
        "code": "Hershey's",
        "desc": "Hershey's"
      }
    ],
    "price": {
      "basePrice": 4.29,
      "discountPrice": 4.29
    },
    "type": {
      "code": "Syrup",
      "desc": "Syrup"
    },
    "weight": "17.5 oz",
    "UpcCode": "",
    "tax": 0.0,
    "spiceLevel": "",
    "aiselNo": "3",
    "store": "Market Basket",
    "weightType": "17.5 oz",
    "imageName": "1595.jpg",
    "defaultImage": "1595.jpg",
    "updatedTimestamp": "Jan 23, 2021 8:02:30 PM",
    "createdTimestamp": "Jan 23, 2021 8:02:30 PM",
    "isNewlyAdded": false,
    "isActive": true,
    "isDealsEnabled": false,
    "quantity": 0
  },
  {
    "id": 14409,
    "code": "Market Basket French Vanilla Creme Coffee",
    "desc": "Market Basket French Vanilla Creme Coffee",
    "shortDesc": "Market Basket French Vanilla Creme Coffee",
    "tags": [
      "Coffee"
    ],
    "categories": [
      {
        "code": "Breakfast & Dairy",
        "desc": "Breakfast & Dairy"
      }
    ],
    "subCategories": [
      {
        "code": "Tea & Coffee",
        "desc": "Tea & Coffee"
      }
    ],
    "brands": [
      {
        "code": "Market Basket",
        "desc": "Market Basket"
      }
    ],
    "price": {
      "basePrice": 4.89,
      "discountPrice": 4.89
    },
    "type": {
      "code": "Coffee",
      "desc": "Coffee"
    },
    "weight": "11 oz",
    "UpcCode": "",
    "tax": 0.0,
    "spiceLevel": "",
    "aiselNo": "8",
    "store": "Market Basket",
    "weightType": "11 oz",
    "imageName": "Market Basket.jpg",
    "defaultImage": "Market Basket.jpg",
    "updatedTimestamp": "Jan 23, 2021 8:02:30 PM",
    "createdTimestamp": "Jan 23, 2021 8:02:30 PM",
    "isNewlyAdded": false,
    "isActive": true,
    "isDealsEnabled": false,
    "quantity": 0
  },
  {
    "id": 6671,
    "code": "Tropicana PURE PRIMIUM ORIGINAL NO PULP 100% ORANGE JUICE PASTEURIZED",
    "desc": "Tropicana PURE PRIMIUM ORIGINAL NO PULP 100% ORANGE JUICE PASTEURIZED",
    "shortDesc": "Tropicana PURE PRIMIUM ORIGINAL NO PULP 100% ORANGE JUICE PASTEURIZED",
    "tags": [
      "Refrigerated Drinks"
    ],
    "categories": [
      {
        "code": "Beverages & Juices",
        "desc": "Beverages & Juices"
      }
    ],
    "subCategories": [
      {
        "code": "Juices & Refrigerated Drinks",
        "desc": "Juices & Refrigerated Drinks"
      }
    ],
    "brands": [
      {
        "code": "Tropicana ",
        "desc": "Tropicana "
      }
    ],
    "price": {
      "basePrice": 4.99,
      "discountPrice": 4.99
    },
    "type": {
      "code": "Refrigerated Drinks",
      "desc": "Refrigerated Drinks"
    },
    "weight": "48 fl oz",
    "UpcCode": "",
    "tax": 0.0,
    "spiceLevel": "",
    "aiselNo": "1",
    "store": "Market Basket",
    "weightType": "48 fl oz",
    "imageName": "X845.jpg",
    "defaultImage": "X845.jpg",
    "updatedTimestamp": "Jan 23, 2021 8:02:29 PM",
    "createdTimestamp": "Jan 23, 2021 8:02:29 PM",
    "isNewlyAdded": false,
    "isActive": true,
    "isDealsEnabled": false,
    "quantity": 0
  },
  {
    "id": 7760,
    "code": "Goya Premium Small Red Beans",
    "desc": "Goya Premium Small Red Beans",
    "shortDesc": "Goya Premium Small Red Beans",
    "tags": [
      "Canned Meals & Beans"
    ],
    "categories": [
      {
        "code": "Cooking Needs",
        "desc": "Cooking Needs"
      }
    ],
    "subCategories": [
      {
        "code": "Canned Food",
        "desc": "Canned Food"
      }
    ],
    "brands": [
      {
        "code": "Goya",
        "desc": "Goya"
      }
    ],
    "price": {
      "basePrice": 1.09,
      "discountPrice": 1.09
    },
    "type": {
      "code": "Canned Meals & Beans",
      "desc": "Canned Meals & Beans"
    },
    "weight": "15.5 oz",
    "UpcCode": "",
    "tax": 0.0,
    "spiceLevel": "",
    "aiselNo": "7",
    "store": "Market Basket",
    "weightType": "15.5 oz",
    "imageName": "5102.jpg",
    "defaultImage": "5102.jpg",
    "updatedTimestamp": "Jan 23, 2021 8:02:30 PM",
    "createdTimestamp": "Jan 23, 2021 8:02:30 PM",
    "isNewlyAdded": false,
    "isActive": true,
    "isDealsEnabled": false,
    "quantity": 0
  },
  {
    "id": 8018,
    "code": "Kitchen Basics All Natural Original Chicken Stock",
    "desc": "Kitchen Basics All Natural Original Chicken Stock",
    "shortDesc": "Kitchen Basics All Natural Original Chicken Stock",
    "tags": [
      "Soup, Broth & Bouillon"
    ],
    "categories": [
      {
        "code": "Cooking Needs",
        "desc": "Cooking Needs"
      }
    ],
    "subCategories": [
      {
        "code": "Canned Food",
        "desc": "Canned Food"
      }
    ],
    "brands": [
      {
        "code": "Kitchen Basics",
        "desc": "Kitchen Basics"
      }
    ],
    "price": {
      "basePrice": 3.09,
      "discountPrice": 3.09
    },
    "type": {
      "code": "Soup, Broth & Bouillon",
      "desc": "Soup, Broth & Bouillon"
    },
    "weight": "32 fl oz",
    "UpcCode": "",
    "tax": 0.0,
    "spiceLevel": "",
    "aiselNo": "2",
    "store": "Market Basket",
    "weightType": "32 fl oz",
    "imageName": "17172.jpg",
    "defaultImage": "17172.jpg",
    "updatedTimestamp": "Jan 23, 2021 8:02:30 PM",
    "createdTimestamp": "Jan 23, 2021 8:02:30 PM",
    "isNewlyAdded": false,
    "isActive": true,
    "isDealsEnabled": false,
    "quantity": 0
  },
  {
    "id": 4146,
    "code": "Shirakiku California Roll",
    "desc": "Shirakiku California Roll",
    "shortDesc": "Shirakiku California Roll",
    "tags": [
      "Crab Meat"
    ],
    "categories": [
      {
        "code": "Meat & Seafood",
        "desc": "Meat & Seafood"
      }
    ],
    "subCategories": [
      {
        "code": "Meat & Seafood Counter",
        "desc": "Meat & Seafood Counter"
      }
    ],
    "brands": [
      {
        "code": "Shirakiku",
        "desc": "Shirakiku"
      }
    ],
    "price": {
      "basePrice": 7.09,
      "discountPrice": 7.09
    },
    "type": {
      "code": "Crab Meat",
      "desc": "Crab Meat"
    },
    "weight": "1 lb",
    "UpcCode": "",
    "tax": 0.0,
    "spiceLevel": "",
    "aiselNo": "22",
    "store": "Market Basket",
    "weightType": "1 lb",
    "imageName": "No Image.jpg",
    "defaultImage": "No Image.jpg",
    "updatedTimestamp": "Jan 23, 2021 8:02:30 PM",
    "createdTimestamp": "Jan 23, 2021 8:02:30 PM",
    "isNewlyAdded": false,
    "isActive": true,
    "isDealsEnabled": false,
    "quantity": 0
  },
  {
    "id": 6830,
    "code": "Duncan Hines Pie Filling & Topping, Apple",
    "desc": "Duncan Hines Pie Filling & Topping, Apple",
    "shortDesc": "Duncan Hines Pie Filling & Topping, Apple",
    "tags": [
      "Baking Ingredients"
    ],
    "categories": [
      {
        "code": "Cooking Needs",
        "desc": "Cooking Needs"
      }
    ],
    "subCategories": [
      {
        "code": "Baking & Cooking",
        "desc": "Baking & Cooking"
      }
    ],
    "brands": [
      {
        "code": "Duncan Hines",
        "desc": "Duncan Hines"
      }
    ],
    "price": {
      "basePrice": 3.09,
      "discountPrice": 3.09
    },
    "type": {
      "code": "Baking Ingredients",
      "desc": "Baking Ingredients"
    },
    "weight": "21 oz",
    "UpcCode": "",
    "tax": 0.0,
    "spiceLevel": "",
    "aiselNo": "8",
    "store": "Market Basket",
    "weightType": "21 oz",
    "imageName": "15739.jpg",
    "defaultImage": "15739.jpg",
    "updatedTimestamp": "Jan 23, 2021 8:02:30 PM",
    "createdTimestamp": "Jan 23, 2021 8:02:30 PM",
    "isNewlyAdded": false,
    "isActive": true,
    "isDealsEnabled": false,
    "quantity": 0
  },
  {
    "id": 10014,
    "code": "Edy's/dreyer's Mint Chocolate Chip Light Ice Cream",
    "desc": "Edy's/dreyer's Mint Chocolate Chip Light Ice Cream",
    "shortDesc": "Edy's/dreyer's Mint Chocolate Chip Light Ice Cream",
    "tags": [
      "Ice Cream & Ice"
    ],
    "categories": [
      {
        "code": "Frozen Food",
        "desc": "Frozen Food"
      }
    ],
    "subCategories": [
      {
        "code": "Ice Cream & Ice",
        "desc": "Ice Cream & Ice"
      }
    ],
    "brands": [
      {
        "code": "Edy's/dreyer's",
        "desc": "Edy's/dreyer's"
      }
    ],
    "price": {
      "basePrice": 3.69,
      "discountPrice": 3.69
    },
    "type": {
      "code": "Ice Cream & Ice",
      "desc": "Ice Cream & Ice"
    },
    "weight": "48 fl oz",
    "UpcCode": "",
    "tax": 0.0,
    "spiceLevel": "",
    "aiselNo": "21",
    "store": "Market Basket",
    "weightType": "48 fl oz",
    "imageName": "3015.jpg",
    "defaultImage": "3015.jpg",
    "updatedTimestamp": "Jan 23, 2021 8:02:30 PM",
    "createdTimestamp": "Jan 23, 2021 8:02:30 PM",
    "isNewlyAdded": false,
    "isActive": true,
    "isDealsEnabled": false,
    "quantity": 0
  },
  {
    "id": 4246,
    "code": "Blue Hill Bay Smoked Seafood Herring in Dill Marinade",
    "desc": "Blue Hill Bay Smoked Seafood Herring in Dill Marinade",
    "shortDesc": "Blue Hill Bay Smoked Seafood Herring in Dill Marinade",
    "tags": [
      "Herring"
    ],
    "categories": [
      {
        "code": "Meat & Seafood",
        "desc": "Meat & Seafood"
      }
    ],
    "subCategories": [
      {
        "code": "Packaged Meat & Seafood",
        "desc": "Packaged Meat & Seafood"
      }
    ],
    "brands": [
      {
        "code": "Blue Hill Bay",
        "desc": "Blue Hill Bay"
      }
    ],
    "price": {
      "basePrice": 5.59,
      "discountPrice": 5.59
    },
    "type": {
      "code": "Herring",
      "desc": "Herring"
    },
    "weight": "12 oz",
    "UpcCode": "",
    "tax": 0.0,
    "spiceLevel": "",
    "aiselNo": "22",
    "store": "Market Basket",
    "weightType": "12 oz",
    "imageName": "4128.jpg",
    "defaultImage": "4128.jpg",
    "updatedTimestamp": "Jan 23, 2021 8:02:30 PM",
    "createdTimestamp": "Jan 23, 2021 8:02:30 PM",
    "isNewlyAdded": false,
    "isActive": true,
    "isDealsEnabled": false,
    "quantity": 0
  },
  {
    "id": 8278,
    "code": "Cedar Garlic Hommus",
    "desc": "Cedar Garlic Hommus",
    "shortDesc": "Cedar Garlic Hommus",
    "tags": [
      "Hommus"
    ],
    "categories": [
      {
        "code": "Condiments & Dressings",
        "desc": "Condiments & Dressings"
      }
    ],
    "subCategories": [
      {
        "code": "Fresh Dips & Tapenades",
        "desc": "Fresh Dips & Tapenades"
      }
    ],
    "brands": [
      {
        "code": "Cedar",
        "desc": "Cedar"
      }
    ],
    "price": {
      "basePrice": 7.09,
      "discountPrice": 7.09
    },
    "type": {
      "code": "Hommus",
      "desc": "Hommus"
    },
    "weight": "16 oz",
    "UpcCode": "",
    "tax": 0.0,
    "spiceLevel": "",
    "aiselNo": "1",
    "store": "Market Basket",
    "weightType": "16 oz",
    "imageName": "5512.jpg",
    "defaultImage": "5512.jpg",
    "updatedTimestamp": "Jan 23, 2021 8:02:30 PM",
    "createdTimestamp": "Jan 23, 2021 8:02:30 PM",
    "isNewlyAdded": false,
    "isActive": true,
    "isDealsEnabled": false,
    "quantity": 0
  },
  {
    "id": 15243,
    "code": "Oral-B Glide Pro-Health Mint Floss Dental Floss",
    "desc": "Oral-B Glide Pro-Health Mint Floss Dental Floss",
    "shortDesc": "Oral-B Glide Pro-Health Mint Floss Dental Floss",
    "tags": [
      "Oral Hygiene"
    ],
    "categories": [
      {
        "code": "Personal Care",
        "desc": "Personal Care"
      }
    ],
    "subCategories": [
      {
        "code": "Personal Needs",
        "desc": "Personal Needs"
      }
    ],
    "brands": [
      {
        "code": "Oral-B",
        "desc": "Oral-B"
      }
    ],
    "price": {
      "basePrice": 4.93,
      "discountPrice": 4.93
    },
    "type": {
      "code": "Oral Hygiene",
      "desc": "Oral Hygiene"
    },
    "weight": "54.6 yd",
    "UpcCode": "",
    "tax": 1.0,
    "spiceLevel": "",
    "aiselNo": "13",
    "store": "Market Basket",
    "weightType": "54.6 yd",
    "imageName": "6425.jpg",
    "defaultImage": "6425.jpg",
    "updatedTimestamp": "Jan 23, 2021 8:02:30 PM",
    "createdTimestamp": "Jan 23, 2021 8:02:30 PM",
    "isNewlyAdded": false,
    "isActive": true,
    "isDealsEnabled": false,
    "quantity": 0
  },
  {
    "id": 6556,
    "code": "Sunsweet Ones Amazing Prunes Plum",
    "desc": "Sunsweet Ones Amazing Prunes Plum",
    "shortDesc": "Sunsweet Ones Amazing Prunes Plum",
    "tags": [
      "Nuts, Seeds & Dried Fruit"
    ],
    "categories": [
      {
        "code": "Chips, Cookies & Snacks",
        "desc": "Chips, Cookies & Snacks"
      }
    ],
    "subCategories": [
      {
        "code": "Nuts, Seeds & Dried Fruit",
        "desc": "Nuts, Seeds & Dried Fruit"
      }
    ],
    "brands": [
      {
        "code": "Sunsweet",
        "desc": "Sunsweet"
      }
    ],
    "price": {
      "basePrice": 5.74,
      "discountPrice": 5.74
    },
    "type": {
      "code": "Nuts, Seeds & Dried Fruit",
      "desc": "Nuts, Seeds & Dried Fruit"
    },
    "weight": "12 oz",
    "UpcCode": "",
    "tax": 0.0,
    "spiceLevel": "",
    "aiselNo": "6",
    "store": "Market Basket",
    "weightType": "12 oz",
    "imageName": "No Image.jpg",
    "defaultImage": "No Image.jpg",
    "updatedTimestamp": "Jan 23, 2021 8:02:30 PM",
    "createdTimestamp": "Jan 23, 2021 8:02:30 PM",
    "isNewlyAdded": false,
    "isActive": true,
    "isDealsEnabled": false,
    "quantity": 0
  },
  {
    "id": 3431,
    "code": "Cortland Apples",
    "desc": "Cortland Apples",
    "shortDesc": "Cortland Apples",
    "tags": [
      "Apple"
    ],
    "categories": [
      {
        "code": "Fresh Produce",
        "desc": "Fresh Produce"
      }
    ],
    "subCategories": [
      {
        "code": "Fresh Fruits",
        "desc": "Fresh Fruits"
      }
    ],
    "brands": [
      {
        "code": "Market Basket",
        "desc": "Market Basket"
      }
    ],
    "price": {
      "basePrice": 1.64,
      "discountPrice": 1.64
    },
    "type": {
      "code": "Apple",
      "desc": "Apple"
    },
    "weight": "1 lb",
    "UpcCode": "",
    "tax": 0.0,
    "spiceLevel": "",
    "aiselNo": "20",
    "store": "Market Basket",
    "weightType": "1 lb",
    "imageName": "No Image.jpg",
    "defaultImage": "No Image.jpg",
    "updatedTimestamp": "Jan 23, 2021 8:02:30 PM",
    "createdTimestamp": "Jan 23, 2021 8:02:30 PM",
    "isNewlyAdded": false,
    "isActive": true,
    "isDealsEnabled": false,
    "quantity": 0
  },
  {
    "id": 9950,
    "code": "Ben & Jerry's Ice Cream Oat Of This SwirledÃ¢âÂ¢",
    "desc": "Ben & Jerry's Ice Cream Oat Of This SwirledÃ¢âÂ¢",
    "shortDesc": "Ben & Jerry's Ice Cream Oat Of This SwirledÃ¢âÂ¢",
    "tags": [
      "Ice Cream & Ice"
    ],
    "categories": [
      {
        "code": "Frozen Food",
        "desc": "Frozen Food"
      }
    ],
    "subCategories": [
      {
        "code": "Ice Cream & Ice",
        "desc": "Ice Cream & Ice"
      }
    ],
    "brands": [
      {
        "code": "Ben & Jerry's",
        "desc": "Ben & Jerry's"
      }
    ],
    "price": {
      "basePrice": 4.79,
      "discountPrice": 4.79
    },
    "type": {
      "code": "Ice Cream & Ice",
      "desc": "Ice Cream & Ice"
    },
    "weight": "1 pint",
    "UpcCode": "",
    "tax": 0.0,
    "spiceLevel": "",
    "aiselNo": "21",
    "store": "Market Basket",
    "weightType": "1 pint",
    "imageName": "18035.jpg",
    "defaultImage": "18035.jpg",
    "updatedTimestamp": "Jan 23, 2021 8:02:30 PM",
    "createdTimestamp": "Jan 23, 2021 8:02:30 PM",
    "isNewlyAdded": false,
    "isActive": true,
    "isDealsEnabled": false,
    "quantity": 0
  },
  {
    "id": 7763,
    "code": "Goya Red Kidney Beans",
    "desc": "Goya Red Kidney Beans",
    "shortDesc": "Goya Red Kidney Beans",
    "tags": [
      "Canned Meals & Beans"
    ],
    "categories": [
      {
        "code": "Cooking Needs",
        "desc": "Cooking Needs"
      }
    ],
    "subCategories": [
      {
        "code": "Canned Food",
        "desc": "Canned Food"
      }
    ],
    "brands": [
      {
        "code": "Goya",
        "desc": "Goya"
      }
    ],
    "price": {
      "basePrice": 2.29,
      "discountPrice": 2.29
    },
    "type": {
      "code": "Canned Meals & Beans",
      "desc": "Canned Meals & Beans"
    },
    "weight": "29 oz",
    "UpcCode": "",
    "tax": 0.0,
    "spiceLevel": "",
    "aiselNo": "7",
    "store": "Market Basket",
    "weightType": "29 oz",
    "imageName": "5116.jpg",
    "defaultImage": "5116.jpg",
    "updatedTimestamp": "Jan 23, 2021 8:02:30 PM",
    "createdTimestamp": "Jan 23, 2021 8:02:30 PM",
    "isNewlyAdded": false,
    "isActive": true,
    "isDealsEnabled": false,
    "quantity": 0
  },
  {
    "id": 14479,
    "code": "Starbucks Decaf House Blend Medium Roast Ground Coffee",
    "desc": "Starbucks Decaf House Blend Medium Roast Ground Coffee",
    "shortDesc": "Starbucks Decaf House Blend Medium Roast Ground Coffee",
    "tags": [
      "Coffee"
    ],
    "categories": [
      {
        "code": "Breakfast & Dairy",
        "desc": "Breakfast & Dairy"
      }
    ],
    "subCategories": [
      {
        "code": "Tea & Coffee",
        "desc": "Tea & Coffee"
      }
    ],
    "brands": [
      {
        "code": "StarBucks",
        "desc": "StarBucks"
      }
    ],
    "price": {
      "basePrice": 9.79,
      "discountPrice": 9.79
    },
    "type": {
      "code": "Coffee",
      "desc": "Coffee"
    },
    "weight": "12 oz",
    "UpcCode": "",
    "tax": 0.0,
    "spiceLevel": "",
    "aiselNo": "8",
    "store": "Market Basket",
    "weightType": "12 oz",
    "imageName": "3315.jpg",
    "defaultImage": "3315.jpg",
    "updatedTimestamp": "Jan 23, 2021 8:02:30 PM",
    "createdTimestamp": "Jan 23, 2021 8:02:30 PM",
    "isNewlyAdded": false,
    "isActive": true,
    "isDealsEnabled": false,
    "quantity": 0
  },
  {
    "id": 6007,
    "code": "Monster Energy Zero Ultra",
    "desc": "Monster Energy Zero Ultra",
    "shortDesc": "Monster Energy Zero Ultra",
    "tags": [
      "Energy & Sports Drinks"
    ],
    "categories": [
      {
        "code": "Beverages & Juices",
        "desc": "Beverages & Juices"
      }
    ],
    "subCategories": [
      {
        "code": "Energy & Sports Drinks",
        "desc": "Energy & Sports Drinks"
      }
    ],
    "brands": [
      {
        "code": "Monster",
        "desc": "Monster"
      }
    ],
    "price": {
      "basePrice": 2.49,
      "discountPrice": 2.49
    },
    "type": {
      "code": "Energy & Sports Drinks",
      "desc": "Energy & Sports Drinks"
    },
    "weight": "16 fl oz",
    "UpcCode": "",
    "tax": 0.0,
    "spiceLevel": "",
    "aiselNo": "17",
    "store": "Market Basket",
    "weightType": "16 fl oz",
    "imageName": "No Image.jpg",
    "defaultImage": "No Image.jpg",
    "updatedTimestamp": "Jan 23, 2021 8:02:29 PM",
    "createdTimestamp": "Jan 23, 2021 8:02:29 PM",
    "isNewlyAdded": false,
    "isActive": true,
    "isDealsEnabled": false,
    "quantity": 0
  },
  {
    "id": 7843,
    "code": "Genova Tonno Solid White Tuna in Olive Oil",
    "desc": "Genova Tonno Solid White Tuna in Olive Oil",
    "shortDesc": "Genova Tonno Solid White Tuna in Olive Oil",
    "tags": [
      "Canned Meat & Seafood"
    ],
    "categories": [
      {
        "code": "Cooking Needs",
        "desc": "Cooking Needs"
      }
    ],
    "subCategories": [
      {
        "code": "Canned Food",
        "desc": "Canned Food"
      }
    ],
    "brands": [
      {
        "code": "Genova",
        "desc": "Genova"
      }
    ],
    "price": {
      "basePrice": 2.49,
      "discountPrice": 2.49
    },
    "type": {
      "code": "Canned Meat & Seafood",
      "desc": "Canned Meat & Seafood"
    },
    "weight": "5 oz",
    "UpcCode": "",
    "tax": 0.0,
    "spiceLevel": "",
    "aiselNo": "2",
    "store": "Market Basket",
    "weightType": "5 oz",
    "imageName": "5243.jpg",
    "defaultImage": "5243.jpg",
    "updatedTimestamp": "Jan 23, 2021 8:02:30 PM",
    "createdTimestamp": "Jan 23, 2021 8:02:30 PM",
    "isNewlyAdded": false,
    "isActive": true,
    "isDealsEnabled": false,
    "quantity": 0
  },
  {
    "id": 5874,
    "code": "4C Half & Half Iced Tea Lemonade",
    "desc": "4C Half & Half Iced Tea Lemonade",
    "shortDesc": "4C Half & Half Iced Tea Lemonade",
    "tags": [
      "Cocoa & Drink Mixes"
    ],
    "categories": [
      {
        "code": "Beverages & Juices",
        "desc": "Beverages & Juices"
      }
    ],
    "subCategories": [
      {
        "code": "Cocoa & Drink Mixes",
        "desc": "Cocoa & Drink Mixes"
      }
    ],
    "brands": [
      {
        "code": "4C",
        "desc": "4C"
      }
    ],
    "price": {
      "basePrice": 6.24,
      "discountPrice": 6.24
    },
    "type": {
      "code": "Cocoa & Drink Mixes",
      "desc": "Cocoa & Drink Mixes"
    },
    "weight": "47.2 oz",
    "UpcCode": "",
    "tax": 0.0,
    "spiceLevel": "",
    "aiselNo": "17",
    "store": "Market Basket",
    "weightType": "47.2 oz",
    "imageName": "No Image.jpg",
    "defaultImage": "No Image.jpg",
    "updatedTimestamp": "Jan 23, 2021 8:02:29 PM",
    "createdTimestamp": "Jan 23, 2021 8:02:29 PM",
    "isNewlyAdded": false,
    "isActive": true,
    "isDealsEnabled": false,
    "quantity": 0
  },
  {
    "id": 4986,
    "code": "Utz Kettle Classic Smokin Sweet Bbq Flavored Potato Chips",
    "desc": "Utz Kettle Classic Smokin Sweet Bbq Flavored Potato Chips",
    "shortDesc": "Utz Kettle Classic Smokin Sweet Bbq Flavored Potato Chips",
    "tags": [
      "Chips & Pretzels"
    ],
    "categories": [
      {
        "code": "Chips, Cookies & Snacks",
        "desc": "Chips, Cookies & Snacks"
      }
    ],
    "subCategories": [
      {
        "code": "Chips & Fruit Snacks",
        "desc": "Chips & Fruit Snacks"
      }
    ],
    "brands": [
      {
        "code": "Utz",
        "desc": "Utz"
      }
    ],
    "price": {
      "basePrice": 4.69,
      "discountPrice": 4.69
    },
    "type": {
      "code": "Chips & Pretzels",
      "desc": "Chips & Pretzels"
    },
    "weight": "8 oz",
    "UpcCode": "",
    "tax": 0.0,
    "spiceLevel": "",
    "aiselNo": "0",
    "store": "Market Basket",
    "weightType": "8 oz",
    "imageName": "No Image.jpg",
    "defaultImage": "No Image.jpg",
    "updatedTimestamp": "Jan 23, 2021 8:02:30 PM",
    "createdTimestamp": "Jan 23, 2021 8:02:30 PM",
    "isNewlyAdded": false,
    "isActive": true,
    "isDealsEnabled": false,
    "quantity": 0
  },
  {
    "id": 7819,
    "code": "Bumble Bee Fancy Whole Baby Clams",
    "desc": "Bumble Bee Fancy Whole Baby Clams",
    "shortDesc": "Bumble Bee Fancy Whole Baby Clams",
    "tags": [
      "Canned Meat & Seafood"
    ],
    "categories": [
      {
        "code": "Cooking Needs",
        "desc": "Cooking Needs"
      }
    ],
    "subCategories": [
      {
        "code": "Canned Food",
        "desc": "Canned Food"
      }
    ],
    "brands": [
      {
        "code": "Bumble Bee",
        "desc": "Bumble Bee"
      }
    ],
    "price": {
      "basePrice": 2.19,
      "discountPrice": 2.19
    },
    "type": {
      "code": "Canned Meat & Seafood",
      "desc": "Canned Meat & Seafood"
    },
    "weight": "10 oz",
    "UpcCode": "",
    "tax": 0.0,
    "spiceLevel": "",
    "aiselNo": "2",
    "store": "Market Basket",
    "weightType": "10 oz",
    "imageName": "5190.jpg",
    "defaultImage": "5190.jpg",
    "updatedTimestamp": "Jan 23, 2021 8:02:30 PM",
    "createdTimestamp": "Jan 23, 2021 8:02:30 PM",
    "isNewlyAdded": false,
    "isActive": true,
    "isDealsEnabled": false,
    "quantity": 0
  },
  {
    "id": 13585,
    "code": "Market Basket Cream Cheese",
    "desc": "Market Basket Cream Cheese",
    "shortDesc": "Market Basket Cream Cheese",
    "tags": [
      "Other Creams & Cheeses"
    ],
    "categories": [
      {
        "code": "Breakfast & Dairy",
        "desc": "Breakfast & Dairy"
      }
    ],
    "subCategories": [
      {
        "code": "Dairy & Eggs",
        "desc": "Dairy & Eggs"
      }
    ],
    "brands": [
      {
        "code": "Market Basket",
        "desc": "Market Basket"
      }
    ],
    "price": {
      "basePrice": 2.79,
      "discountPrice": 2.79
    },
    "type": {
      "code": "Other Creams & Cheeses",
      "desc": "Other Creams & Cheeses"
    },
    "weight": "12 oz",
    "UpcCode": "",
    "tax": 0.0,
    "spiceLevel": "",
    "aiselNo": "1",
    "store": "Market Basket",
    "weightType": "12 oz",
    "imageName": "Market Basket.jpg",
    "defaultImage": "Market Basket.jpg",
    "updatedTimestamp": "Jan 23, 2021 8:02:30 PM",
    "createdTimestamp": "Jan 23, 2021 8:02:30 PM",
    "isNewlyAdded": false,
    "isActive": true,
    "isDealsEnabled": false,
    "quantity": 0
  },
  {
    "id": 6908,
    "code": "South Georgia Pecan Co. Pecan Pieces",
    "desc": "South Georgia Pecan Co. Pecan Pieces",
    "shortDesc": "South Georgia Pecan Co. Pecan Pieces",
    "tags": [
      "Baking Ingredients"
    ],
    "categories": [
      {
        "code": "Cooking Needs",
        "desc": "Cooking Needs"
      }
    ],
    "subCategories": [
      {
        "code": "Baking & Cooking",
        "desc": "Baking & Cooking"
      }
    ],
    "brands": [
      {
        "code": "South Georgia Pecan Co.",
        "desc": "South Georgia Pecan Co."
      }
    ],
    "price": {
      "basePrice": 5.49,
      "discountPrice": 5.49
    },
    "type": {
      "code": "Baking Ingredients",
      "desc": "Baking Ingredients"
    },
    "weight": "8 oz",
    "UpcCode": "",
    "tax": 0.0,
    "spiceLevel": "",
    "aiselNo": "8",
    "store": "Market Basket",
    "weightType": "8 oz",
    "imageName": "No Image.jpg",
    "defaultImage": "No Image.jpg",
    "updatedTimestamp": "Jan 23, 2021 8:02:30 PM",
    "createdTimestamp": "Jan 23, 2021 8:02:30 PM",
    "isNewlyAdded": false,
    "isActive": true,
    "isDealsEnabled": false,
    "quantity": 0
  },
  {
    "id": 4894,
    "code": "Market Basket Waffle Pretzel",
    "desc": "Market Basket Waffle Pretzel",
    "shortDesc": "Market Basket Waffle Pretzel",
    "tags": [
      "Chips & Pretzels"
    ],
    "categories": [
      {
        "code": "Chips, Cookies & Snacks",
        "desc": "Chips, Cookies & Snacks"
      }
    ],
    "subCategories": [
      {
        "code": "Chips & Fruit Snacks",
        "desc": "Chips & Fruit Snacks"
      }
    ],
    "brands": [
      {
        "code": "Market Basket",
        "desc": "Market Basket"
      }
    ],
    "price": {
      "basePrice": 1.55,
      "discountPrice": 1.55
    },
    "type": {
      "code": "Chips & Pretzels",
      "desc": "Chips & Pretzels"
    },
    "weight": "10 oz",
    "UpcCode": "",
    "tax": 0.0,
    "spiceLevel": "",
    "aiselNo": "0",
    "store": "Market Basket",
    "weightType": "10 oz",
    "imageName": "Market Basket.jpg",
    "defaultImage": "Market Basket.jpg",
    "updatedTimestamp": "Jan 23, 2021 8:02:30 PM",
    "createdTimestamp": "Jan 23, 2021 8:02:30 PM",
    "isNewlyAdded": false,
    "isActive": true,
    "isDealsEnabled": false,
    "quantity": 0
  },
  {
    "id": 8609,
    "code": "Goya Alcaparrado Manzanilla Olives Pimientos & Capers",
    "desc": "Goya Alcaparrado Manzanilla Olives Pimientos & Capers",
    "shortDesc": "Goya Alcaparrado Manzanilla Olives Pimientos & Capers",
    "tags": [
      "Pickled Goods & Olives"
    ],
    "categories": [
      {
        "code": "Condiments & Dressings",
        "desc": "Condiments & Dressings"
      }
    ],
    "subCategories": [
      {
        "code": "Pickled Goods & Olives",
        "desc": "Pickled Goods & Olives"
      }
    ],
    "brands": [
      {
        "code": "Goya",
        "desc": "Goya"
      }
    ],
    "price": {
      "basePrice": 2.69,
      "discountPrice": 2.69
    },
    "type": {
      "code": "Pickled Goods & Olives",
      "desc": "Pickled Goods & Olives"
    },
    "weight": "10 oz",
    "UpcCode": "",
    "tax": 0.0,
    "spiceLevel": "",
    "aiselNo": "7",
    "store": "Market Basket",
    "weightType": "10 oz",
    "imageName": "1879.jpg",
    "defaultImage": "1879.jpg",
    "updatedTimestamp": "Jan 23, 2021 8:02:30 PM",
    "createdTimestamp": "Jan 23, 2021 8:02:30 PM",
    "isNewlyAdded": false,
    "isActive": true,
    "isDealsEnabled": false,
    "quantity": 0
  },
  {
    "id": 7365,
    "code": "Mrs. Dash Mrs. Dash Salt Free Seasoning Blend Table Blend",
    "desc": "Mrs. Dash Mrs. Dash Salt Free Seasoning Blend Table Blend",
    "shortDesc": "Mrs. Dash Mrs. Dash Salt Free Seasoning Blend Table Blend",
    "tags": [
      "Spices & Seasonings"
    ],
    "categories": [
      {
        "code": "Cooking Needs",
        "desc": "Cooking Needs"
      }
    ],
    "subCategories": [
      {
        "code": "Spices & Seasonings",
        "desc": "Spices & Seasonings"
      }
    ],
    "brands": [
      {
        "code": "Mrs. Dash",
        "desc": "Mrs. Dash"
      }
    ],
    "price": {
      "basePrice": 3.69,
      "discountPrice": 3.69
    },
    "type": {
      "code": "Spices & Seasonings",
      "desc": "Spices & Seasonings"
    },
    "weight": "2.5 oz",
    "UpcCode": "",
    "tax": 0.0,
    "spiceLevel": "",
    "aiselNo": "9",
    "store": "Market Basket",
    "weightType": "2.5 oz",
    "imageName": "15655.jpg",
    "defaultImage": "15655.jpg",
    "updatedTimestamp": "Jan 23, 2021 8:02:30 PM",
    "createdTimestamp": "Jan 23, 2021 8:02:30 PM",
    "isNewlyAdded": false,
    "isActive": true,
    "isDealsEnabled": false,
    "quantity": 0
  },
  {
    "id": 7789,
    "code": "Market Basket French Style Green Beans",
    "desc": "Market Basket French Style Green Beans",
    "shortDesc": "Market Basket French Style Green Beans",
    "tags": [
      "Canned Meals & Beans"
    ],
    "categories": [
      {
        "code": "Cooking Needs",
        "desc": "Cooking Needs"
      }
    ],
    "subCategories": [
      {
        "code": "Canned Food",
        "desc": "Canned Food"
      }
    ],
    "brands": [
      {
        "code": "Market Basket",
        "desc": "Market Basket"
      }
    ],
    "price": {
      "basePrice": 0.79,
      "discountPrice": 0.79
    },
    "type": {
      "code": "Canned Meals & Beans",
      "desc": "Canned Meals & Beans"
    },
    "weight": "15.25 oz",
    "UpcCode": "",
    "tax": 0.0,
    "spiceLevel": "",
    "aiselNo": "2",
    "store": "Market Basket",
    "weightType": "15.25 oz",
    "imageName": "Market Basket.jpg",
    "defaultImage": "Market Basket.jpg",
    "updatedTimestamp": "Jan 23, 2021 8:02:30 PM",
    "createdTimestamp": "Jan 23, 2021 8:02:30 PM",
    "isNewlyAdded": false,
    "isActive": true,
    "isDealsEnabled": false,
    "quantity": 0
  },
  {
    "id": 10490,
    "code": "Goya Yellow Rice & Red Beans Seasoned",
    "desc": "Goya Yellow Rice & Red Beans Seasoned",
    "shortDesc": "Goya Yellow Rice & Red Beans Seasoned",
    "tags": [
      "Instant Rice"
    ],
    "categories": [
      {
        "code": "Cooking Needs",
        "desc": "Cooking Needs"
      }
    ],
    "subCategories": [
      {
        "code": "Rice & Grains",
        "desc": "Rice & Grains"
      }
    ],
    "brands": [
      {
        "code": "Goya",
        "desc": "Goya"
      }
    ],
    "price": {
      "basePrice": 2.49,
      "discountPrice": 2.49
    },
    "type": {
      "code": "Instant Rice",
      "desc": "Instant Rice"
    },
    "weight": "8 oz",
    "UpcCode": "",
    "tax": 0.0,
    "spiceLevel": "",
    "aiselNo": "7",
    "store": "Market Basket",
    "weightType": "8 oz",
    "imageName": "5741.jpg",
    "defaultImage": "5741.jpg",
    "updatedTimestamp": "Jan 23, 2021 8:02:30 PM",
    "createdTimestamp": "Jan 23, 2021 8:02:30 PM",
    "isNewlyAdded": false,
    "isActive": true,
    "isDealsEnabled": false,
    "quantity": 0
  },
  {
    "id": 9357,
    "code": "Pepperidge Farm Frozen Bakery Confetti Vanilla Layer Cake",
    "desc": "Pepperidge Farm Frozen Bakery Confetti Vanilla Layer Cake",
    "shortDesc": "Pepperidge Farm Frozen Bakery Confetti Vanilla Layer Cake",
    "tags": [
      "Frozen Dessert"
    ],
    "categories": [
      {
        "code": "Frozen Food",
        "desc": "Frozen Food"
      }
    ],
    "subCategories": [
      {
        "code": "Frozen Dessert",
        "desc": "Frozen Dessert"
      }
    ],
    "brands": [
      {
        "code": "Pepperidge Farm",
        "desc": "Pepperidge Farm"
      }
    ],
    "price": {
      "basePrice": 3.69,
      "discountPrice": 3.69
    },
    "type": {
      "code": "Frozen Dessert",
      "desc": "Frozen Dessert"
    },
    "weight": "19.6 oz",
    "UpcCode": "",
    "tax": 0.0,
    "spiceLevel": "",
    "aiselNo": "19",
    "store": "Market Basket",
    "weightType": "19.6 oz",
    "imageName": "16071.jpg",
    "defaultImage": "16071.jpg",
    "updatedTimestamp": "Jan 23, 2021 8:02:30 PM",
    "createdTimestamp": "Jan 23, 2021 8:02:30 PM",
    "isNewlyAdded": false,
    "isActive": true,
    "isDealsEnabled": false,
    "quantity": 0
  },
  {
    "id": 6323,
    "code": "Polar Seltzer Pixie Lights",
    "desc": "Polar Seltzer Pixie Lights",
    "shortDesc": "Polar Seltzer Pixie Lights",
    "tags": [
      "Seltzer"
    ],
    "categories": [
      {
        "code": "Beverages & Juices",
        "desc": "Beverages & Juices"
      }
    ],
    "subCategories": [
      {
        "code": "Soft Drinks & Seltzers",
        "desc": "Soft Drinks & Seltzers"
      }
    ],
    "brands": [
      {
        "code": "Polar",
        "desc": "Polar"
      }
    ],
    "price": {
      "basePrice": 3.74,
      "discountPrice": 3.74
    },
    "type": {
      "code": "Seltzer",
      "desc": "Seltzer"
    },
    "weight": "6 x 8 fl oz",
    "UpcCode": "",
    "tax": 0.0,
    "spiceLevel": "",
    "aiselNo": "11",
    "store": "Market Basket",
    "weightType": "6 x 8 fl oz",
    "imageName": "No Image.jpg",
    "defaultImage": "No Image.jpg",
    "updatedTimestamp": "Jan 23, 2021 8:02:30 PM",
    "createdTimestamp": "Jan 23, 2021 8:02:30 PM",
    "isNewlyAdded": false,
    "isActive": true,
    "isDealsEnabled": false,
    "quantity": 0
  },
  {
    "id": 4423,
    "code": "Hebrew National Reduced Fat Franks Hotdogs",
    "desc": "Hebrew National Reduced Fat Franks Hotdogs",
    "shortDesc": "Hebrew National Reduced Fat Franks Hotdogs",
    "tags": [
      "Hot Dogs"
    ],
    "categories": [
      {
        "code": "Meat & Seafood",
        "desc": "Meat & Seafood"
      }
    ],
    "subCategories": [
      {
        "code": "Hot Dogs, Bacon & Sausage",
        "desc": "Hot Dogs, Bacon & Sausage"
      }
    ],
    "brands": [
      {
        "code": "Hebrew National",
        "desc": "Hebrew National"
      }
    ],
    "price": {
      "basePrice": 6.09,
      "discountPrice": 6.09
    },
    "type": {
      "code": "Hot Dogs",
      "desc": "Hot Dogs"
    },
    "weight": "11 oz",
    "UpcCode": "",
    "tax": 0.0,
    "spiceLevel": "",
    "aiselNo": "1",
    "store": "Market Basket",
    "weightType": "11 oz",
    "imageName": "4198.jpg",
    "defaultImage": "4198.jpg",
    "updatedTimestamp": "Jan 23, 2021 8:02:30 PM",
    "createdTimestamp": "Jan 23, 2021 8:02:30 PM",
    "isNewlyAdded": false,
    "isActive": true,
    "isDealsEnabled": false,
    "quantity": 0
  },
  {
    "id": 12702,
    "code": "Kasanof's Bread Rye Marble",
    "desc": "Kasanof's Bread Rye Marble",
    "shortDesc": "Kasanof's Bread Rye Marble",
    "tags": [
      "Bread"
    ],
    "categories": [
      {
        "code": "Breakfast & Dairy",
        "desc": "Breakfast & Dairy"
      }
    ],
    "subCategories": [
      {
        "code": "Breads & Rolls",
        "desc": "Breads & Rolls"
      }
    ],
    "brands": [
      {
        "code": "Kasanof's",
        "desc": "Kasanof's"
      }
    ],
    "price": {
      "basePrice": 4.39,
      "discountPrice": 4.39
    },
    "type": {
      "code": "Bread",
      "desc": "Bread"
    },
    "weight": "16 oz",
    "UpcCode": "",
    "tax": 0.0,
    "spiceLevel": "",
    "aiselNo": "18",
    "store": "Market Basket",
    "weightType": "16 oz",
    "imageName": "17016.jpg",
    "defaultImage": "17016.jpg",
    "updatedTimestamp": "Jan 23, 2021 8:02:30 PM",
    "createdTimestamp": "Jan 23, 2021 8:02:30 PM",
    "isNewlyAdded": false,
    "isActive": true,
    "isDealsEnabled": false,
    "quantity": 0
  },
  {
    "id": 7899,
    "code": "Tilapia Loins",
    "desc": "Tilapia Loins",
    "shortDesc": "Tilapia Loins",
    "tags": [
      "Canned Meat & Seafood"
    ],
    "categories": [
      {
        "code": "Cooking Needs",
        "desc": "Cooking Needs"
      }
    ],
    "subCategories": [
      {
        "code": "Canned Food",
        "desc": "Canned Food"
      }
    ],
    "brands": [
      {
        "code": "Store Brand",
        "desc": "Store Brand"
      }
    ],
    "price": {
      "basePrice": 6.09,
      "discountPrice": 6.09
    },
    "type": {
      "code": "Canned Meat & Seafood",
      "desc": "Canned Meat & Seafood"
    },
    "weight": "12 oz",
    "UpcCode": "",
    "tax": 0.0,
    "spiceLevel": "",
    "aiselNo": "2",
    "store": "Market Basket",
    "weightType": "12 oz",
    "imageName": "Market Basket.jpg",
    "defaultImage": "Market Basket.jpg",
    "updatedTimestamp": "Jan 23, 2021 8:02:30 PM",
    "createdTimestamp": "Jan 23, 2021 8:02:30 PM",
    "isNewlyAdded": false,
    "isActive": true,
    "isDealsEnabled": false,
    "quantity": 0
  },
  {
    "id": 4335,
    "code": "Thin 'n Trim Roast Beef",
    "desc": "Thin 'n Trim Roast Beef",
    "shortDesc": "Thin 'n Trim Roast Beef",
    "tags": [
      "Roast Beef"
    ],
    "categories": [
      {
        "code": "Meat & Seafood",
        "desc": "Meat & Seafood"
      }
    ],
    "subCategories": [
      {
        "code": "Meat & Seafood Counter",
        "desc": "Meat & Seafood Counter"
      }
    ],
    "brands": [
      {
        "code": "Thin 'n Trim",
        "desc": "Thin 'n Trim"
      }
    ],
    "price": {
      "basePrice": 10.99,
      "discountPrice": 10.99
    },
    "type": {
      "code": "Roast Beef",
      "desc": "Roast Beef"
    },
    "weight": "1 lb",
    "UpcCode": "",
    "tax": 0.0,
    "spiceLevel": "",
    "aiselNo": "22",
    "store": "Market Basket",
    "weightType": "1 lb",
    "imageName": "No Image.jpg",
    "defaultImage": "No Image.jpg",
    "updatedTimestamp": "Jan 23, 2021 8:02:30 PM",
    "createdTimestamp": "Jan 23, 2021 8:02:30 PM",
    "isNewlyAdded": false,
    "isActive": true,
    "isDealsEnabled": false,
    "quantity": 0
  },
  {
    "id": 6932,
    "code": "Whole Earth Sweetener Co. Nature Sweet Packets",
    "desc": "Whole Earth Sweetener Co. Nature Sweet Packets",
    "shortDesc": "Whole Earth Sweetener Co. Nature Sweet Packets",
    "tags": [
      "Baking Ingredients"
    ],
    "categories": [
      {
        "code": "Cooking Needs",
        "desc": "Cooking Needs"
      }
    ],
    "subCategories": [
      {
        "code": "Baking & Cooking",
        "desc": "Baking & Cooking"
      }
    ],
    "brands": [
      {
        "code": "Whole Earth",
        "desc": "Whole Earth"
      }
    ],
    "price": {
      "basePrice": 3.49,
      "discountPrice": 3.49
    },
    "type": {
      "code": "Baking Ingredients",
      "desc": "Baking Ingredients"
    },
    "weight": "40 count",
    "UpcCode": "",
    "tax": 0.0,
    "spiceLevel": "",
    "aiselNo": "8",
    "store": "Market Basket",
    "weightType": "40 count",
    "imageName": "15741.jpg",
    "defaultImage": "15741.jpg",
    "updatedTimestamp": "Jan 23, 2021 8:02:30 PM",
    "createdTimestamp": "Jan 23, 2021 8:02:30 PM",
    "isNewlyAdded": false,
    "isActive": true,
    "isDealsEnabled": false,
    "quantity": 0
  },
  {
    "id": 14415,
    "code": "Maxwell House Breakfast Blend Ground Coffee",
    "desc": "Maxwell House Breakfast Blend Ground Coffee",
    "shortDesc": "Maxwell House Breakfast Blend Ground Coffee",
    "tags": [
      "Coffee"
    ],
    "categories": [
      {
        "code": "Breakfast & Dairy",
        "desc": "Breakfast & Dairy"
      }
    ],
    "subCategories": [
      {
        "code": "Tea & Coffee",
        "desc": "Tea & Coffee"
      }
    ],
    "brands": [
      {
        "code": "Maxwell House",
        "desc": "Maxwell House"
      }
    ],
    "price": {
      "basePrice": 15.89,
      "discountPrice": 15.89
    },
    "type": {
      "code": "Coffee",
      "desc": "Coffee"
    },
    "weight": "29.3 oz",
    "UpcCode": "",
    "tax": 0.0,
    "spiceLevel": "",
    "aiselNo": "8",
    "store": "Market Basket",
    "weightType": "29.3 oz",
    "imageName": "3390.jpg",
    "defaultImage": "3390.jpg",
    "updatedTimestamp": "Jan 23, 2021 8:02:30 PM",
    "createdTimestamp": "Jan 23, 2021 8:02:30 PM",
    "isNewlyAdded": false,
    "isActive": true,
    "isDealsEnabled": false,
    "quantity": 0
  },
  {
    "id": 13275,
    "code": "Country Crock Buttery Spread Calcium",
    "desc": "Country Crock Buttery Spread Calcium",
    "shortDesc": "Country Crock Buttery Spread Calcium",
    "tags": [
      "Butter"
    ],
    "categories": [
      {
        "code": "Breakfast & Dairy",
        "desc": "Breakfast & Dairy"
      }
    ],
    "subCategories": [
      {
        "code": "Dairy & Eggs",
        "desc": "Dairy & Eggs"
      }
    ],
    "brands": [
      {
        "code": "Country Crock",
        "desc": "Country Crock"
      }
    ],
    "price": {
      "basePrice": 2.49,
      "discountPrice": 2.49
    },
    "type": {
      "code": "Butter",
      "desc": "Butter"
    },
    "weight": "15 oz",
    "UpcCode": "",
    "tax": 0.0,
    "spiceLevel": "",
    "aiselNo": "1",
    "store": "Market Basket",
    "weightType": "15 oz",
    "imageName": "649.jpg",
    "defaultImage": "649.jpg",
    "updatedTimestamp": "Jan 23, 2021 8:02:30 PM",
    "createdTimestamp": "Jan 23, 2021 8:02:30 PM",
    "isNewlyAdded": false,
    "isActive": true,
    "isDealsEnabled": false,
    "quantity": 0
  },
  {
    "id": 8026,
    "code": "Knorr Cube Bouillon Vegetable",
    "desc": "Knorr Cube Bouillon Vegetable",
    "shortDesc": "Knorr Cube Bouillon Vegetable",
    "tags": [
      "Soup, Broth & Bouillon"
    ],
    "categories": [
      {
        "code": "Cooking Needs",
        "desc": "Cooking Needs"
      }
    ],
    "subCategories": [
      {
        "code": "Canned Food",
        "desc": "Canned Food"
      }
    ],
    "brands": [
      {
        "code": "Knorr",
        "desc": "Knorr"
      }
    ],
    "price": {
      "basePrice": 1.49,
      "discountPrice": 1.49
    },
    "type": {
      "code": "Soup, Broth & Bouillon",
      "desc": "Soup, Broth & Bouillon"
    },
    "weight": "2.1 oz",
    "UpcCode": "",
    "tax": 0.0,
    "spiceLevel": "",
    "aiselNo": "2",
    "store": "Market Basket",
    "weightType": "2.1 oz",
    "imageName": "17216.jpg",
    "defaultImage": "17216.jpg",
    "updatedTimestamp": "Jan 23, 2021 8:02:30 PM",
    "createdTimestamp": "Jan 23, 2021 8:02:30 PM",
    "isNewlyAdded": false,
    "isActive": true,
    "isDealsEnabled": false,
    "quantity": 0
  },
  {
    "id": 4189,
    "code": "Market Basket Whole Frozen Chicken Paws",
    "desc": "Market Basket Whole Frozen Chicken Paws",
    "shortDesc": "Market Basket Whole Frozen Chicken Paws",
    "tags": [
      "Chicken"
    ],
    "categories": [
      {
        "code": "Meat & Seafood",
        "desc": "Meat & Seafood"
      }
    ],
    "subCategories": [
      {
        "code": "Packaged Meat & Seafood",
        "desc": "Packaged Meat & Seafood"
      }
    ],
    "brands": [
      {
        "code": "Market Basket",
        "desc": "Market Basket"
      }
    ],
    "price": {
      "basePrice": 2.49,
      "discountPrice": 2.49
    },
    "type": {
      "code": "Chicken",
      "desc": "Chicken"
    },
    "weight": "Approx: 1.00 lb at $2.49/lb",
    "UpcCode": "",
    "tax": 0.0,
    "spiceLevel": "",
    "aiselNo": "22",
    "store": "Market Basket",
    "weightType": "Approx: 1.00 lb at $2.49/lb",
    "imageName": "Market Basket.jpg",
    "defaultImage": "Market Basket.jpg",
    "updatedTimestamp": "Jan 23, 2021 8:02:30 PM",
    "createdTimestamp": "Jan 23, 2021 8:02:30 PM",
    "isNewlyAdded": false,
    "isActive": true,
    "isDealsEnabled": false,
    "quantity": 0
  },
  {
    "id": 14766,
    "code": "Market Basket Hair Detangler",
    "desc": "Market Basket Hair Detangler",
    "shortDesc": "Market Basket Hair Detangler",
    "tags": [
      "Hair Care"
    ],
    "categories": [
      {
        "code": "Personal Care",
        "desc": "Personal Care"
      }
    ],
    "subCategories": [
      {
        "code": "Body Wash, Soap & Hair Care",
        "desc": "Body Wash, Soap & Hair Care"
      }
    ],
    "brands": [
      {
        "code": "Market Basket",
        "desc": "Market Basket"
      }
    ],
    "price": {
      "basePrice": 2.29,
      "discountPrice": 2.29
    },
    "type": {
      "code": "Hair Care",
      "desc": "Hair Care"
    },
    "weight": "10 fl oz",
    "UpcCode": "",
    "tax": 1.0,
    "spiceLevel": "",
    "aiselNo": "13",
    "store": "Market Basket",
    "weightType": "10 fl oz",
    "imageName": "Market Basket.jpg",
    "defaultImage": "Market Basket.jpg",
    "updatedTimestamp": "Jan 23, 2021 8:02:30 PM",
    "createdTimestamp": "Jan 23, 2021 8:02:30 PM",
    "isNewlyAdded": false,
    "isActive": true,
    "isDealsEnabled": false,
    "quantity": 0
  },
  {
    "id": 5332,
    "code": "Nature's Bakery Oatmeal Crumble Cherry",
    "desc": "Nature's Bakery Oatmeal Crumble Cherry",
    "shortDesc": "Nature's Bakery Oatmeal Crumble Cherry",
    "tags": [
      "Breakfast Bars"
    ],
    "categories": [
      {
        "code": "Breakfast & Dairy",
        "desc": "Breakfast & Dairy"
      }
    ],
    "subCategories": [
      {
        "code": "Bars & Pastries",
        "desc": "Bars & Pastries"
      }
    ],
    "brands": [
      {
        "code": "Nature's Bakery",
        "desc": "Nature's Bakery"
      }
    ],
    "price": {
      "basePrice": 4.69,
      "discountPrice": 4.69
    },
    "type": {
      "code": "Breakfast Bars",
      "desc": "Breakfast Bars"
    },
    "weight": "6 x 1.41 oz",
    "UpcCode": "",
    "tax": 0.0,
    "spiceLevel": "",
    "aiselNo": "6",
    "store": "Market Basket",
    "weightType": "6 x 1.41 oz",
    "imageName": "No Image.jpg",
    "defaultImage": "No Image.jpg",
    "updatedTimestamp": "Jan 23, 2021 8:02:30 PM",
    "createdTimestamp": "Jan 23, 2021 8:02:30 PM",
    "isNewlyAdded": false,
    "isActive": true,
    "isDealsEnabled": false,
    "quantity": 0
  },
  {
    "id": 7517,
    "code": "Market Basket No Salt Added Sweet Green Peas",
    "desc": "Market Basket No Salt Added Sweet Green Peas",
    "shortDesc": "Market Basket No Salt Added Sweet Green Peas",
    "tags": [
      "Canned & Jarred Vegetables"
    ],
    "categories": [
      {
        "code": "Cooking Needs",
        "desc": "Cooking Needs"
      }
    ],
    "subCategories": [
      {
        "code": "Canned Food",
        "desc": "Canned Food"
      }
    ],
    "brands": [
      {
        "code": "Market Basket",
        "desc": "Market Basket"
      }
    ],
    "price": {
      "basePrice": 0.79,
      "discountPrice": 0.79
    },
    "type": {
      "code": "Canned & Jarred Vegetables",
      "desc": "Canned & Jarred Vegetables"
    },
    "weight": "8.5 oz",
    "UpcCode": "",
    "tax": 0.0,
    "spiceLevel": "",
    "aiselNo": "9",
    "store": "Market Basket",
    "weightType": "8.5 oz",
    "imageName": "Market Basket.jpg",
    "defaultImage": "Market Basket.jpg",
    "updatedTimestamp": "Jan 23, 2021 8:02:30 PM",
    "createdTimestamp": "Jan 23, 2021 8:02:30 PM",
    "isNewlyAdded": false,
    "isActive": true,
    "isDealsEnabled": false,
    "quantity": 0
  },
  {
    "id": 5951,
    "code": "Mr & Mrs T Pina Colada Mix",
    "desc": "Mr & Mrs T Pina Colada Mix",
    "shortDesc": "Mr & Mrs T Pina Colada Mix",
    "tags": [
      "Cocoa & Drink Mixes"
    ],
    "categories": [
      {
        "code": "Beverages & Juices",
        "desc": "Beverages & Juices"
      }
    ],
    "subCategories": [
      {
        "code": "Cocoa & Drink Mixes",
        "desc": "Cocoa & Drink Mixes"
      }
    ],
    "brands": [
      {
        "code": "Mr & Mrs T",
        "desc": "Mr & Mrs T"
      }
    ],
    "price": {
      "basePrice": 4.99,
      "discountPrice": 4.99
    },
    "type": {
      "code": "Cocoa & Drink Mixes",
      "desc": "Cocoa & Drink Mixes"
    },
    "weight": "1 L",
    "UpcCode": "",
    "tax": 0.0,
    "spiceLevel": "",
    "aiselNo": "17",
    "store": "Market Basket",
    "weightType": "1 L",
    "imageName": "No Image.jpg",
    "defaultImage": "No Image.jpg",
    "updatedTimestamp": "Jan 23, 2021 8:02:29 PM",
    "createdTimestamp": "Jan 23, 2021 8:02:29 PM",
    "isNewlyAdded": false,
    "isActive": true,
    "isDealsEnabled": false,
    "quantity": 0
  },
  {
    "id": 15130,
    "code": "TopCare Oil Of Beauty, Uva/uvb Broad Spectrum Uv Protection Spf 15 For Face With Sunscreen Lotion",
    "desc": "TopCare Oil Of Beauty, Uva/uvb Broad Spectrum Uv Protection Spf 15 For Face With Sunscreen Lotion",
    "shortDesc": "TopCare Oil Of Beauty, Uva/uvb Broad Spectrum Uv Protection Spf 15 For Face With Sunscreen Lotion",
    "tags": [
      "Facial Care"
    ],
    "categories": [
      {
        "code": "Personal Care",
        "desc": "Personal Care"
      }
    ],
    "subCategories": [
      {
        "code": "Personal Needs",
        "desc": "Personal Needs"
      }
    ],
    "brands": [
      {
        "code": "Topcare",
        "desc": "Topcare"
      }
    ],
    "price": {
      "basePrice": 5.62,
      "discountPrice": 5.62
    },
    "type": {
      "code": "Facial Care",
      "desc": "Facial Care"
    },
    "weight": "6 oz",
    "UpcCode": "",
    "tax": 1.0,
    "spiceLevel": "",
    "aiselNo": "13",
    "store": "Market Basket",
    "weightType": "6 oz",
    "imageName": "6281.jpg",
    "defaultImage": "6281.jpg",
    "updatedTimestamp": "Jan 23, 2021 8:02:30 PM",
    "createdTimestamp": "Jan 23, 2021 8:02:30 PM",
    "isNewlyAdded": false,
    "isActive": true,
    "isDealsEnabled": false,
    "quantity": 0
  },
  {
    "id": 3979,
    "code": "Leek",
    "desc": "Leek",
    "shortDesc": "Leek",
    "tags": [
      "Speciality Produce"
    ],
    "categories": [
      {
        "code": "Fresh Produce",
        "desc": "Fresh Produce"
      }
    ],
    "subCategories": [
      {
        "code": "Fresh Vegetables",
        "desc": "Fresh Vegetables"
      }
    ],
    "brands": [
      {
        "code": "Market Basket",
        "desc": "Market Basket"
      }
    ],
    "price": {
      "basePrice": 4.24,
      "discountPrice": 4.24
    },
    "type": {
      "code": "Speciality Produce",
      "desc": "Speciality Produce"
    },
    "weight": "1 lb",
    "UpcCode": "",
    "tax": 0.0,
    "spiceLevel": "",
    "aiselNo": "20",
    "store": "Market Basket",
    "weightType": "1 lb",
    "imageName": "14390.jpg",
    "defaultImage": "14390.jpg",
    "updatedTimestamp": "Jan 23, 2021 8:02:30 PM",
    "createdTimestamp": "Jan 23, 2021 8:02:30 PM",
    "isNewlyAdded": false,
    "isActive": true,
    "isDealsEnabled": false,
    "quantity": 0
  },
  {
    "id": 15048,
    "code": "Secret Invisible Solid Powder Fresh Antiperspirant/Deodorant",
    "desc": "Secret Invisible Solid Powder Fresh Antiperspirant/Deodorant",
    "shortDesc": "Secret Invisible Solid Powder Fresh Antiperspirant/Deodorant",
    "tags": [
      "Deodorants"
    ],
    "categories": [
      {
        "code": "Personal Care",
        "desc": "Personal Care"
      }
    ],
    "subCategories": [
      {
        "code": "Personal Needs",
        "desc": "Personal Needs"
      }
    ],
    "brands": [
      {
        "code": "Secret",
        "desc": "Secret"
      }
    ],
    "price": {
      "basePrice": 4.7,
      "discountPrice": 4.7
    },
    "type": {
      "code": "Deodorants",
      "desc": "Deodorants"
    },
    "weight": "2.6 fl oz",
    "UpcCode": "",
    "tax": 1.0,
    "spiceLevel": "",
    "aiselNo": "13",
    "store": "Market Basket",
    "weightType": "2.6 fl oz",
    "imageName": "18119.jpg",
    "defaultImage": "18119.jpg",
    "updatedTimestamp": "Jan 23, 2021 8:02:30 PM",
    "createdTimestamp": "Jan 23, 2021 8:02:30 PM",
    "isNewlyAdded": false,
    "isActive": true,
    "isDealsEnabled": false,
    "quantity": 0
  },
  {
    "id": 12714,
    "code": "Market Basket French Bread",
    "desc": "Market Basket French Bread",
    "shortDesc": "Market Basket French Bread",
    "tags": [
      "Bread"
    ],
    "categories": [
      {
        "code": "Breakfast & Dairy",
        "desc": "Breakfast & Dairy"
      }
    ],
    "subCategories": [
      {
        "code": "Breads & Rolls",
        "desc": "Breads & Rolls"
      }
    ],
    "brands": [
      {
        "code": "Market Basket",
        "desc": "Market Basket"
      }
    ],
    "price": {
      "basePrice": 2.79,
      "discountPrice": 2.79
    },
    "type": {
      "code": "Bread",
      "desc": "Bread"
    },
    "weight": "12 oz",
    "UpcCode": "",
    "tax": 0.0,
    "spiceLevel": "",
    "aiselNo": "18",
    "store": "Market Basket",
    "weightType": "12 oz",
    "imageName": "Market Basket.jpg",
    "defaultImage": "Market Basket.jpg",
    "updatedTimestamp": "Jan 23, 2021 8:02:30 PM",
    "createdTimestamp": "Jan 23, 2021 8:02:30 PM",
    "isNewlyAdded": false,
    "isActive": true,
    "isDealsEnabled": false,
    "quantity": 0
  },
  {
    "id": 4541,
    "code": "Del Duca Prosciutto Panino",
    "desc": "Del Duca Prosciutto Panino",
    "shortDesc": "Del Duca Prosciutto Panino",
    "tags": [
      "Other Meat"
    ],
    "categories": [
      {
        "code": "Meat & Seafood",
        "desc": "Meat & Seafood"
      }
    ],
    "subCategories": [
      {
        "code": "Lunch Meat",
        "desc": "Lunch Meat"
      }
    ],
    "brands": [
      {
        "code": "Del Duca",
        "desc": "Del Duca"
      }
    ],
    "price": {
      "basePrice": 6.89,
      "discountPrice": 6.89
    },
    "type": {
      "code": "Other Meat",
      "desc": "Other Meat"
    },
    "weight": "8 oz",
    "UpcCode": "",
    "tax": 0.0,
    "spiceLevel": "",
    "aiselNo": "22",
    "store": "Market Basket",
    "weightType": "8 oz",
    "imageName": "5460.jpg",
    "defaultImage": "5460.jpg",
    "updatedTimestamp": "Jan 23, 2021 8:02:30 PM",
    "createdTimestamp": "Jan 23, 2021 8:02:30 PM",
    "isNewlyAdded": false,
    "isActive": true,
    "isDealsEnabled": false,
    "quantity": 0
  },
  {
    "id": 14717,
    "code": "ShiKai Hand Cream, Fragrance-Free",
    "desc": "ShiKai Hand Cream, Fragrance-Free",
    "shortDesc": "ShiKai Hand Cream, Fragrance-Free",
    "tags": [
      "Cream"
    ],
    "categories": [
      {
        "code": "Personal Care",
        "desc": "Personal Care"
      }
    ],
    "subCategories": [
      {
        "code": "Body Wash, Soap & Hair Care",
        "desc": "Body Wash, Soap & Hair Care"
      }
    ],
    "brands": [
      {
        "code": "ShiKai",
        "desc": "ShiKai"
      }
    ],
    "price": {
      "basePrice": 8.96,
      "discountPrice": 8.96
    },
    "type": {
      "code": "Cream",
      "desc": "Cream"
    },
    "weight": "2.5 oz",
    "UpcCode": "",
    "tax": 1.0,
    "spiceLevel": "",
    "aiselNo": "13",
    "store": "Market Basket",
    "weightType": "2.5 oz",
    "imageName": "17713.jpg",
    "defaultImage": "17713.jpg",
    "updatedTimestamp": "Jan 23, 2021 8:02:30 PM",
    "createdTimestamp": "Jan 23, 2021 8:02:30 PM",
    "isNewlyAdded": false,
    "isActive": true,
    "isDealsEnabled": false,
    "quantity": 0
  },
  {
    "id": 6060,
    "code": "Crystal Light Strawberry Orange Banana",
    "desc": "Crystal Light Strawberry Orange Banana",
    "shortDesc": "Crystal Light Strawberry Orange Banana",
    "tags": [
      "Cocoa & Drink Mixes"
    ],
    "categories": [
      {
        "code": "Beverages & Juices",
        "desc": "Beverages & Juices"
      }
    ],
    "subCategories": [
      {
        "code": "Cocoa & Drink Mixes",
        "desc": "Cocoa & Drink Mixes"
      }
    ],
    "brands": [
      {
        "code": "Crystal Light",
        "desc": "Crystal Light"
      }
    ],
    "price": {
      "basePrice": 3.75,
      "discountPrice": 3.75
    },
    "type": {
      "code": "Cocoa & Drink Mixes",
      "desc": "Cocoa & Drink Mixes"
    },
    "weight": "2.4 oz",
    "UpcCode": "",
    "tax": 0.0,
    "spiceLevel": "",
    "aiselNo": "17",
    "store": "Market Basket",
    "weightType": "2.4 oz",
    "imageName": "No Image.jpg",
    "defaultImage": "No Image.jpg",
    "updatedTimestamp": "Jan 23, 2021 8:02:29 PM",
    "createdTimestamp": "Jan 23, 2021 8:02:29 PM",
    "isNewlyAdded": false,
    "isActive": true,
    "isDealsEnabled": false,
    "quantity": 0
  },
  {
    "id": 6991,
    "code": "Jell O Vanilla Cook & Serve Pudding & Pie Filling Mix",
    "desc": "Jell O Vanilla Cook & Serve Pudding & Pie Filling Mix",
    "shortDesc": "Jell O Vanilla Cook & Serve Pudding & Pie Filling Mix",
    "tags": [
      "Doughs, Gelatins & Bake Mixes"
    ],
    "categories": [
      {
        "code": "Cooking Needs",
        "desc": "Cooking Needs"
      }
    ],
    "subCategories": [
      {
        "code": "Baking & Cooking",
        "desc": "Baking & Cooking"
      }
    ],
    "brands": [
      {
        "code": "Jell-O",
        "desc": "Jell-O"
      }
    ],
    "price": {
      "basePrice": 1.09,
      "discountPrice": 1.09
    },
    "type": {
      "code": "Doughs, Gelatins & Bake Mixes",
      "desc": "Doughs, Gelatins & Bake Mixes"
    },
    "weight": "3 oz",
    "UpcCode": "",
    "tax": 0.0,
    "spiceLevel": "",
    "aiselNo": "8",
    "store": "Market Basket",
    "weightType": "3 oz",
    "imageName": "2072.jpg",
    "defaultImage": "2072.jpg",
    "updatedTimestamp": "Jan 23, 2021 8:02:30 PM",
    "createdTimestamp": "Jan 23, 2021 8:02:30 PM",
    "isNewlyAdded": false,
    "isActive": true,
    "isDealsEnabled": false,
    "quantity": 0
  },
  {
    "id": 5517,
    "code": "M&M's Peanut",
    "desc": "M&M's Peanut",
    "shortDesc": "M&M's Peanut",
    "tags": [
      "Candy & Chocolate"
    ],
    "categories": [
      {
        "code": "Chips, Cookies & Snacks",
        "desc": "Chips, Cookies & Snacks"
      }
    ],
    "subCategories": [
      {
        "code": "Candy & Chocolates",
        "desc": "Candy & Chocolates"
      }
    ],
    "brands": [
      {
        "code": "M&M's",
        "desc": "M&M's"
      }
    ],
    "price": {
      "basePrice": 3.69,
      "discountPrice": 3.69
    },
    "type": {
      "code": "Candy & Chocolate",
      "desc": "Candy & Chocolate"
    },
    "weight": "12.6 oz",
    "UpcCode": "",
    "tax": 0.0,
    "spiceLevel": "",
    "aiselNo": "3",
    "store": "Market Basket",
    "weightType": "12.6 oz",
    "imageName": "1016.jpg",
    "defaultImage": "1016.jpg",
    "updatedTimestamp": "Jan 23, 2021 8:02:30 PM",
    "createdTimestamp": "Jan 23, 2021 8:02:30 PM",
    "isNewlyAdded": false,
    "isActive": true,
    "isDealsEnabled": false,
    "quantity": 0
  },
  {
    "id": 5064,
    "code": "Lotus Biscoff Cookies",
    "desc": "Lotus Biscoff Cookies",
    "shortDesc": "Lotus Biscoff Cookies",
    "tags": [
      "Cookies & Cakes"
    ],
    "categories": [
      {
        "code": "Chips, Cookies & Snacks",
        "desc": "Chips, Cookies & Snacks"
      }
    ],
    "subCategories": [
      {
        "code": "Cookies & Crackers",
        "desc": "Cookies & Crackers"
      }
    ],
    "brands": [
      {
        "code": "Lotus",
        "desc": "Lotus"
      }
    ],
    "price": {
      "basePrice": 4.69,
      "discountPrice": 4.69
    },
    "type": {
      "code": "Cookies & Cakes",
      "desc": "Cookies & Cakes"
    },
    "weight": "8.8 oz",
    "UpcCode": "",
    "tax": 0.0,
    "spiceLevel": "",
    "aiselNo": "6",
    "store": "Market Basket",
    "weightType": "8.8 oz",
    "imageName": "15014.jpg",
    "defaultImage": "15014.jpg",
    "updatedTimestamp": "Jan 23, 2021 8:02:30 PM",
    "createdTimestamp": "Jan 23, 2021 8:02:30 PM",
    "isNewlyAdded": false,
    "isActive": true,
    "isDealsEnabled": false,
    "quantity": 0
  },
  {
    "id": 13278,
    "code": "Earth Balance Organic Original Whipped Buttery Spread",
    "desc": "Earth Balance Organic Original Whipped Buttery Spread",
    "shortDesc": "Earth Balance Organic Original Whipped Buttery Spread",
    "tags": [
      "Butter"
    ],
    "categories": [
      {
        "code": "Breakfast & Dairy",
        "desc": "Breakfast & Dairy"
      }
    ],
    "subCategories": [
      {
        "code": "Dairy & Eggs",
        "desc": "Dairy & Eggs"
      }
    ],
    "brands": [
      {
        "code": "Earth Balance",
        "desc": "Earth Balance"
      }
    ],
    "price": {
      "basePrice": 4.59,
      "discountPrice": 4.59
    },
    "type": {
      "code": "Butter",
      "desc": "Butter"
    },
    "weight": "13 oz",
    "UpcCode": "",
    "tax": 0.0,
    "spiceLevel": "",
    "aiselNo": "1",
    "store": "Market Basket",
    "weightType": "13 oz",
    "imageName": "Market Basket.jpg",
    "defaultImage": "Market Basket.jpg",
    "updatedTimestamp": "Jan 23, 2021 8:02:30 PM",
    "createdTimestamp": "Jan 23, 2021 8:02:30 PM",
    "isNewlyAdded": false,
    "isActive": true,
    "isDealsEnabled": false,
    "quantity": 0
  },
  {
    "id": 7542,
    "code": "Market Basket Whole Plum Tomatoes In Tomato Juice",
    "desc": "Market Basket Whole Plum Tomatoes In Tomato Juice",
    "shortDesc": "Market Basket Whole Plum Tomatoes In Tomato Juice",
    "tags": [
      "Canned & Jarred Vegetables"
    ],
    "categories": [
      {
        "code": "Cooking Needs",
        "desc": "Cooking Needs"
      }
    ],
    "subCategories": [
      {
        "code": "Canned Food",
        "desc": "Canned Food"
      }
    ],
    "brands": [
      {
        "code": "Market Basket",
        "desc": "Market Basket"
      }
    ],
    "price": {
      "basePrice": 1.29,
      "discountPrice": 1.29
    },
    "type": {
      "code": "Canned & Jarred Vegetables",
      "desc": "Canned & Jarred Vegetables"
    },
    "weight": "28 oz",
    "UpcCode": "",
    "tax": 0.0,
    "spiceLevel": "",
    "aiselNo": "9",
    "store": "Market Basket",
    "weightType": "28 oz",
    "imageName": "Market Basket.jpg",
    "defaultImage": "Market Basket.jpg",
    "updatedTimestamp": "Jan 23, 2021 8:02:30 PM",
    "createdTimestamp": "Jan 23, 2021 8:02:30 PM",
    "isNewlyAdded": false,
    "isActive": true,
    "isDealsEnabled": false,
    "quantity": 0
  },
  {
    "id": 10117,
    "code": "Kemps Smooth & Creamy Frozen Yogurt Black Jack Cherry",
    "desc": "Kemps Smooth & Creamy Frozen Yogurt Black Jack Cherry",
    "shortDesc": "Kemps Smooth & Creamy Frozen Yogurt Black Jack Cherry",
    "tags": [
      "Ice Cream & Ice"
    ],
    "categories": [
      {
        "code": "Frozen Food",
        "desc": "Frozen Food"
      }
    ],
    "subCategories": [
      {
        "code": "Ice Cream & Ice",
        "desc": "Ice Cream & Ice"
      }
    ],
    "brands": [
      {
        "code": "Kemps",
        "desc": "Kemps"
      }
    ],
    "price": {
      "basePrice": 4.09,
      "discountPrice": 4.09
    },
    "type": {
      "code": "Ice Cream & Ice",
      "desc": "Ice Cream & Ice"
    },
    "weight": "48 oz",
    "UpcCode": "",
    "tax": 0.0,
    "spiceLevel": "",
    "aiselNo": "21",
    "store": "Market Basket",
    "weightType": "48 oz",
    "imageName": "16184.jpg",
    "defaultImage": "16184.jpg",
    "updatedTimestamp": "Jan 23, 2021 8:02:30 PM",
    "createdTimestamp": "Jan 23, 2021 8:02:30 PM",
    "isNewlyAdded": false,
    "isActive": true,
    "isDealsEnabled": false,
    "quantity": 0
  },
  {
    "id": 4679,
    "code": "Portofino Yellowfin Tuna In Extra Virgin Olive Oil",
    "desc": "Portofino Yellowfin Tuna In Extra Virgin Olive Oil",
    "shortDesc": "Portofino Yellowfin Tuna In Extra Virgin Olive Oil",
    "tags": [
      "Canned Tuna"
    ],
    "categories": [
      {
        "code": "Meat & Seafood",
        "desc": "Meat & Seafood"
      }
    ],
    "subCategories": [
      {
        "code": "Canned Meat & Seafood",
        "desc": "Canned Meat & Seafood"
      }
    ],
    "brands": [
      {
        "code": "Portofino",
        "desc": "Portofino"
      }
    ],
    "price": {
      "basePrice": 1.29,
      "discountPrice": 1.29
    },
    "type": {
      "code": "Canned Tuna",
      "desc": "Canned Tuna"
    },
    "weight": "4.5 oz",
    "UpcCode": "",
    "tax": 0.0,
    "spiceLevel": "",
    "aiselNo": "2",
    "store": "Market Basket",
    "weightType": "4.5 oz",
    "imageName": "17165.jpg",
    "defaultImage": "17165.jpg",
    "updatedTimestamp": "Jan 23, 2021 8:02:30 PM",
    "createdTimestamp": "Jan 23, 2021 8:02:30 PM",
    "isNewlyAdded": false,
    "isActive": true,
    "isDealsEnabled": false,
    "quantity": 0
  },
  {
    "id": 5935,
    "code": "Giuliano Dirty Martini Craft Drink Mix",
    "desc": "Giuliano Dirty Martini Craft Drink Mix",
    "shortDesc": "Giuliano Dirty Martini Craft Drink Mix",
    "tags": [
      "Cocoa & Drink Mixes"
    ],
    "categories": [
      {
        "code": "Beverages & Juices",
        "desc": "Beverages & Juices"
      }
    ],
    "subCategories": [
      {
        "code": "Cocoa & Drink Mixes",
        "desc": "Cocoa & Drink Mixes"
      }
    ],
    "brands": [
      {
        "code": "Giuliano",
        "desc": "Giuliano"
      }
    ],
    "price": {
      "basePrice": 3.49,
      "discountPrice": 3.49
    },
    "type": {
      "code": "Cocoa & Drink Mixes",
      "desc": "Cocoa & Drink Mixes"
    },
    "weight": "5 fl oz",
    "UpcCode": "",
    "tax": 0.0,
    "spiceLevel": "",
    "aiselNo": "17",
    "store": "Market Basket",
    "weightType": "5 fl oz",
    "imageName": "No Image.jpg",
    "defaultImage": "No Image.jpg",
    "updatedTimestamp": "Jan 23, 2021 8:02:29 PM",
    "createdTimestamp": "Jan 23, 2021 8:02:29 PM",
    "isNewlyAdded": false,
    "isActive": true,
    "isDealsEnabled": false,
    "quantity": 0
  },
  {
    "id": 13032,
    "code": "Honey Bunches Of Oats Crispy with Almonds Cereal",
    "desc": "Honey Bunches Of Oats Crispy with Almonds Cereal",
    "shortDesc": "Honey Bunches Of Oats Crispy with Almonds Cereal",
    "tags": [
      "Cereal"
    ],
    "categories": [
      {
        "code": "Breakfast & Dairy",
        "desc": "Breakfast & Dairy"
      }
    ],
    "subCategories": [
      {
        "code": "Cereal",
        "desc": "Cereal"
      }
    ],
    "brands": [
      {
        "code": "Honey Bunches",
        "desc": "Honey Bunches"
      }
    ],
    "price": {
      "basePrice": 4.89,
      "discountPrice": 4.89
    },
    "type": {
      "code": "Cereal",
      "desc": "Cereal"
    },
    "weight": "27 oz",
    "UpcCode": "",
    "tax": 0.0,
    "spiceLevel": "",
    "aiselNo": "5",
    "store": "Market Basket",
    "weightType": "27 oz",
    "imageName": "17566.jpg",
    "defaultImage": "17566.jpg",
    "updatedTimestamp": "Jan 23, 2021 8:02:30 PM",
    "createdTimestamp": "Jan 23, 2021 8:02:30 PM",
    "isNewlyAdded": false,
    "isActive": true,
    "isDealsEnabled": false,
    "quantity": 0
  },
  {
    "id": 7326,
    "code": "McCormick Italian Herb Seasoning Grinder",
    "desc": "McCormick Italian Herb Seasoning Grinder",
    "shortDesc": "McCormick Italian Herb Seasoning Grinder",
    "tags": [
      "Spices & Seasonings"
    ],
    "categories": [
      {
        "code": "Cooking Needs",
        "desc": "Cooking Needs"
      }
    ],
    "subCategories": [
      {
        "code": "Spices & Seasonings",
        "desc": "Spices & Seasonings"
      }
    ],
    "brands": [
      {
        "code": "McCormick",
        "desc": "McCormick"
      }
    ],
    "price": {
      "basePrice": 2.49,
      "discountPrice": 2.49
    },
    "type": {
      "code": "Spices & Seasonings",
      "desc": "Spices & Seasonings"
    },
    "weight": "0.77 oz",
    "UpcCode": "",
    "tax": 0.0,
    "spiceLevel": "",
    "aiselNo": "9",
    "store": "Market Basket",
    "weightType": "0.77 oz",
    "imageName": "2155.jpg",
    "defaultImage": "2155.jpg",
    "updatedTimestamp": "Jan 23, 2021 8:02:30 PM",
    "createdTimestamp": "Jan 23, 2021 8:02:30 PM",
    "isNewlyAdded": false,
    "isActive": true,
    "isDealsEnabled": false,
    "quantity": 0
  },
  {
    "id": 5129,
    "code": "Pepperidge Farm Milano Toasted Marshmallow Cookies",
    "desc": "Pepperidge Farm Milano Toasted Marshmallow Cookies",
    "shortDesc": "Pepperidge Farm Milano Toasted Marshmallow Cookies",
    "tags": [
      "Cookies & Cakes"
    ],
    "categories": [
      {
        "code": "Chips, Cookies & Snacks",
        "desc": "Chips, Cookies & Snacks"
      }
    ],
    "subCategories": [
      {
        "code": "Cookies & Crackers",
        "desc": "Cookies & Crackers"
      }
    ],
    "brands": [
      {
        "code": "Pepperidge Farm Milano",
        "desc": "Pepperidge Farm Milano"
      }
    ],
    "price": {
      "basePrice": 4.69,
      "discountPrice": 4.69
    },
    "type": {
      "code": "Cookies & Cakes",
      "desc": "Cookies & Cakes"
    },
    "weight": "7 oz",
    "UpcCode": "",
    "tax": 0.0,
    "spiceLevel": "",
    "aiselNo": "6",
    "store": "Market Basket",
    "weightType": "7 oz",
    "imageName": "No Image.jpg",
    "defaultImage": "No Image.jpg",
    "updatedTimestamp": "Jan 23, 2021 8:02:30 PM",
    "createdTimestamp": "Jan 23, 2021 8:02:30 PM",
    "isNewlyAdded": false,
    "isActive": true,
    "isDealsEnabled": false,
    "quantity": 0
  },
  {
    "id": 8425,
    "code": "Knorr Gravy Mix Roasted Turkey",
    "desc": "Knorr Gravy Mix Roasted Turkey",
    "shortDesc": "Knorr Gravy Mix Roasted Turkey",
    "tags": [
      "Marinades & Meat Preparation"
    ],
    "categories": [
      {
        "code": "Condiments & Dressings",
        "desc": "Condiments & Dressings"
      }
    ],
    "subCategories": [
      {
        "code": "Marinades, Ketchup & Sauces",
        "desc": "Marinades, Ketchup & Sauces"
      }
    ],
    "brands": [
      {
        "code": "Knorr",
        "desc": "Knorr"
      }
    ],
    "price": {
      "basePrice": 2.49,
      "discountPrice": 2.49
    },
    "type": {
      "code": "Marinades & Meat Preparation",
      "desc": "Marinades & Meat Preparation"
    },
    "weight": "1.2 oz",
    "UpcCode": "",
    "tax": 0.0,
    "spiceLevel": "",
    "aiselNo": "9",
    "store": "Market Basket",
    "weightType": "1.2 oz",
    "imageName": "15576.jpg",
    "defaultImage": "15576.jpg",
    "updatedTimestamp": "Jan 23, 2021 8:02:30 PM",
    "createdTimestamp": "Jan 23, 2021 8:02:30 PM",
    "isNewlyAdded": false,
    "isActive": true,
    "isDealsEnabled": false,
    "quantity": 0
  },
  {
    "id": 8041,
    "code": "Market Basket Chicken And Stars Condensed Soup",
    "desc": "Market Basket Chicken And Stars Condensed Soup",
    "shortDesc": "Market Basket Chicken And Stars Condensed Soup",
    "tags": [
      "Soup, Broth & Bouillon"
    ],
    "categories": [
      {
        "code": "Cooking Needs",
        "desc": "Cooking Needs"
      }
    ],
    "subCategories": [
      {
        "code": "Canned Food",
        "desc": "Canned Food"
      }
    ],
    "brands": [
      {
        "code": "Market Basket",
        "desc": "Market Basket"
      }
    ],
    "price": {
      "basePrice": 0.99,
      "discountPrice": 0.99
    },
    "type": {
      "code": "Soup, Broth & Bouillon",
      "desc": "Soup, Broth & Bouillon"
    },
    "weight": "10.5 oz",
    "UpcCode": "",
    "tax": 0.0,
    "spiceLevel": "",
    "aiselNo": "2",
    "store": "Market Basket",
    "weightType": "10.5 oz",
    "imageName": "Market Basket.jpg",
    "defaultImage": "Market Basket.jpg",
    "updatedTimestamp": "Jan 23, 2021 8:02:30 PM",
    "createdTimestamp": "Jan 23, 2021 8:02:30 PM",
    "isNewlyAdded": false,
    "isActive": true,
    "isDealsEnabled": false,
    "quantity": 0
  },
  {
    "id": 6676,
    "code": "TWISTER fruit punch flavored drink with other natural flavors",
    "desc": "TWISTER fruit punch flavored drink with other natural flavors",
    "shortDesc": "TWISTER fruit punch flavored drink with other natural flavors",
    "tags": [
      "Refrigerated Drinks"
    ],
    "categories": [
      {
        "code": "Beverages & Juices",
        "desc": "Beverages & Juices"
      }
    ],
    "subCategories": [
      {
        "code": "Juices & Refrigerated Drinks",
        "desc": "Juices & Refrigerated Drinks"
      }
    ],
    "brands": [
      {
        "code": "Tropicana ",
        "desc": "Tropicana "
      }
    ],
    "price": {
      "basePrice": 1.88,
      "discountPrice": 1.88
    },
    "type": {
      "code": "Refrigerated Drinks",
      "desc": "Refrigerated Drinks"
    },
    "weight": "59 fl oz",
    "UpcCode": "",
    "tax": 0.0,
    "spiceLevel": "",
    "aiselNo": "1",
    "store": "Market Basket",
    "weightType": "59 fl oz",
    "imageName": "X863.jpg",
    "defaultImage": "X863.jpg",
    "updatedTimestamp": "Jan 23, 2021 8:02:29 PM",
    "createdTimestamp": "Jan 23, 2021 8:02:29 PM",
    "isNewlyAdded": false,
    "isActive": true,
    "isDealsEnabled": false,
    "quantity": 0
  },
  {
    "id": 10137,
    "code": "Luigi's Italian Ice, Lemon & Cherry, Box",
    "desc": "Luigi's Italian Ice, Lemon & Cherry, Box",
    "shortDesc": "Luigi's Italian Ice, Lemon & Cherry, Box",
    "tags": [
      "Ice Cream & Ice"
    ],
    "categories": [
      {
        "code": "Frozen Food",
        "desc": "Frozen Food"
      }
    ],
    "subCategories": [
      {
        "code": "Ice Cream & Ice",
        "desc": "Ice Cream & Ice"
      }
    ],
    "brands": [
      {
        "code": "Luigi's",
        "desc": "Luigi's"
      }
    ],
    "price": {
      "basePrice": 3.69,
      "discountPrice": 3.69
    },
    "type": {
      "code": "Ice Cream & Ice",
      "desc": "Ice Cream & Ice"
    },
    "weight": "6 x 4 oz",
    "UpcCode": "",
    "tax": 0.0,
    "spiceLevel": "",
    "aiselNo": "21",
    "store": "Market Basket",
    "weightType": "6 x 4 oz",
    "imageName": "16150.jpg",
    "defaultImage": "16150.jpg",
    "updatedTimestamp": "Jan 23, 2021 8:02:30 PM",
    "createdTimestamp": "Jan 23, 2021 8:02:30 PM",
    "isNewlyAdded": false,
    "isActive": true,
    "isDealsEnabled": false,
    "quantity": 0
  },
  {
    "id": 7701,
    "code": "BUSH'S BEST Garbanzos Chick Peas",
    "desc": "BUSH'S BEST Garbanzos Chick Peas",
    "shortDesc": "BUSH'S BEST Garbanzos Chick Peas",
    "tags": [
      "Canned Meals & Beans"
    ],
    "categories": [
      {
        "code": "Cooking Needs",
        "desc": "Cooking Needs"
      }
    ],
    "subCategories": [
      {
        "code": "Canned Food",
        "desc": "Canned Food"
      }
    ],
    "brands": [
      {
        "code": "Bush's Best",
        "desc": "Bush's Best"
      }
    ],
    "price": {
      "basePrice": 1.29,
      "discountPrice": 1.29
    },
    "type": {
      "code": "Canned Meals & Beans",
      "desc": "Canned Meals & Beans"
    },
    "weight": "16 oz",
    "UpcCode": "",
    "tax": 0.0,
    "spiceLevel": "",
    "aiselNo": "2",
    "store": "Market Basket",
    "weightType": "16 oz",
    "imageName": "5143.jpg",
    "defaultImage": "5143.jpg",
    "updatedTimestamp": "Jan 23, 2021 8:02:30 PM",
    "createdTimestamp": "Jan 23, 2021 8:02:30 PM",
    "isNewlyAdded": false,
    "isActive": true,
    "isDealsEnabled": false,
    "quantity": 0
  },
  {
    "id": 4670,
    "code": "King Oscar Sardines In Extra Virgin Olive Oil",
    "desc": "King Oscar Sardines In Extra Virgin Olive Oil",
    "shortDesc": "King Oscar Sardines In Extra Virgin Olive Oil",
    "tags": [
      "Canned Sardines"
    ],
    "categories": [
      {
        "code": "Meat & Seafood",
        "desc": "Meat & Seafood"
      }
    ],
    "subCategories": [
      {
        "code": "Canned Meat & Seafood",
        "desc": "Canned Meat & Seafood"
      }
    ],
    "brands": [
      {
        "code": "King Oscar",
        "desc": "King Oscar"
      }
    ],
    "price": {
      "basePrice": 3.69,
      "discountPrice": 3.69
    },
    "type": {
      "code": "Canned Sardines",
      "desc": "Canned Sardines"
    },
    "weight": "3.75 oz",
    "UpcCode": "",
    "tax": 0.0,
    "spiceLevel": "",
    "aiselNo": "2",
    "store": "Market Basket",
    "weightType": "3.75 oz",
    "imageName": "5232.jpg",
    "defaultImage": "5232.jpg",
    "updatedTimestamp": "Jan 23, 2021 8:02:30 PM",
    "createdTimestamp": "Jan 23, 2021 8:02:30 PM",
    "isNewlyAdded": false,
    "isActive": true,
    "isDealsEnabled": false,
    "quantity": 0
  },
  {
    "id": 7901,
    "code": "Swanson Premium White Chunk Chicken Breast",
    "desc": "Swanson Premium White Chunk Chicken Breast",
    "shortDesc": "Swanson Premium White Chunk Chicken Breast",
    "tags": [
      "Canned Meat & Seafood"
    ],
    "categories": [
      {
        "code": "Cooking Needs",
        "desc": "Cooking Needs"
      }
    ],
    "subCategories": [
      {
        "code": "Canned Food",
        "desc": "Canned Food"
      }
    ],
    "brands": [
      {
        "code": "Swanson",
        "desc": "Swanson"
      }
    ],
    "price": {
      "basePrice": 2.09,
      "discountPrice": 2.09
    },
    "type": {
      "code": "Canned Meat & Seafood",
      "desc": "Canned Meat & Seafood"
    },
    "weight": "4.5 oz",
    "UpcCode": "",
    "tax": 0.0,
    "spiceLevel": "",
    "aiselNo": "2",
    "store": "Market Basket",
    "weightType": "4.5 oz",
    "imageName": "17151.jpg",
    "defaultImage": "17151.jpg",
    "updatedTimestamp": "Jan 23, 2021 8:02:30 PM",
    "createdTimestamp": "Jan 23, 2021 8:02:30 PM",
    "isNewlyAdded": false,
    "isActive": true,
    "isDealsEnabled": false,
    "quantity": 0
  },
  {
    "id": 8734,
    "code": "Goya Mexican Red Salsa",
    "desc": "Goya Mexican Red Salsa",
    "shortDesc": "Goya Mexican Red Salsa",
    "tags": [
      "Preserved Dips & Salsa"
    ],
    "categories": [
      {
        "code": "Condiments & Dressings",
        "desc": "Condiments & Dressings"
      }
    ],
    "subCategories": [
      {
        "code": "Preserved Dips & Spreads",
        "desc": "Preserved Dips & Spreads"
      }
    ],
    "brands": [
      {
        "code": "Goya",
        "desc": "Goya"
      }
    ],
    "price": {
      "basePrice": 1.49,
      "discountPrice": 1.49
    },
    "type": {
      "code": "Preserved Dips & Salsa",
      "desc": "Preserved Dips & Salsa"
    },
    "weight": "7 oz",
    "UpcCode": "",
    "tax": 0.0,
    "spiceLevel": "",
    "aiselNo": "7",
    "store": "Market Basket",
    "weightType": "7 oz",
    "imageName": "2014.jpg",
    "defaultImage": "2014.jpg",
    "updatedTimestamp": "Jan 23, 2021 8:02:30 PM",
    "createdTimestamp": "Jan 23, 2021 8:02:30 PM",
    "isNewlyAdded": false,
    "isActive": true,
    "isDealsEnabled": false,
    "quantity": 0
  },
  {
    "id": 157,
    "code": "Holloway House Floor Cleaner, Multi-Surface, Quick Shine, Bottle",
    "desc": "Holloway House Floor Cleaner, Multi-Surface, Quick Shine, Bottle",
    "shortDesc": "Holloway House Floor Cleaner, Multi-Surface, Quick Shine, Bottle",
    "tags": [
      "Other Cleaning Products"
    ],
    "categories": [
      {
        "code": "Kitchen & Cleaning",
        "desc": "Kitchen & Cleaning"
      }
    ],
    "subCategories": [
      {
        "code": "Cleaning Products",
        "desc": "Cleaning Products"
      }
    ],
    "brands": [
      {
        "code": "Holloway House",
        "desc": "Holloway House"
      }
    ],
    "price": {
      "basePrice": 4.69,
      "discountPrice": 4.69
    },
    "type": {
      "code": "Other Cleaning Products",
      "desc": "Other Cleaning Products"
    },
    "weight": "27 oz",
    "UpcCode": "",
    "tax": 1.0,
    "spiceLevel": "",
    "aiselNo": "15",
    "store": "Market Basket",
    "weightType": "27 oz",
    "imageName": "16824.jpg",
    "defaultImage": "16824.jpg",
    "updatedTimestamp": "Jan 23, 2021 8:02:30 PM",
    "createdTimestamp": "Jan 23, 2021 8:02:30 PM",
    "isNewlyAdded": false,
    "isActive": true,
    "isDealsEnabled": false,
    "quantity": 0
  },
  {
    "id": 14729,
    "code": "Garnier Fructis For Dry, Damaged Hair Triple Nutrition Shampoo",
    "desc": "Garnier Fructis For Dry, Damaged Hair Triple Nutrition Shampoo",
    "shortDesc": "Garnier Fructis For Dry, Damaged Hair Triple Nutrition Shampoo",
    "tags": [
      "Hair Care"
    ],
    "categories": [
      {
        "code": "Personal Care",
        "desc": "Personal Care"
      }
    ],
    "subCategories": [
      {
        "code": "Body Wash, Soap & Hair Care",
        "desc": "Body Wash, Soap & Hair Care"
      }
    ],
    "brands": [
      {
        "code": "Garnier",
        "desc": "Garnier"
      }
    ],
    "price": {
      "basePrice": 4.93,
      "discountPrice": 4.93
    },
    "type": {
      "code": "Hair Care",
      "desc": "Hair Care"
    },
    "weight": "13 fl oz",
    "UpcCode": "",
    "tax": 1.0,
    "spiceLevel": "",
    "aiselNo": "13",
    "store": "Market Basket",
    "weightType": "13 fl oz",
    "imageName": "6607.jpg",
    "defaultImage": "6607.jpg",
    "updatedTimestamp": "Jan 23, 2021 8:02:30 PM",
    "createdTimestamp": "Jan 23, 2021 8:02:30 PM",
    "isNewlyAdded": false,
    "isActive": true,
    "isDealsEnabled": false,
    "quantity": 0
  },
  {
    "id": 4342,
    "code": "Deli Sliced Liverwurst",
    "desc": "Deli Sliced Liverwurst",
    "shortDesc": "Deli Sliced Liverwurst",
    "tags": [
      "Sausage"
    ],
    "categories": [
      {
        "code": "Meat & Seafood",
        "desc": "Meat & Seafood"
      }
    ],
    "subCategories": [
      {
        "code": "Meat & Seafood Counter",
        "desc": "Meat & Seafood Counter"
      }
    ],
    "brands": [
      {
        "code": "Deli",
        "desc": "Deli"
      }
    ],
    "price": {
      "basePrice": 5.59,
      "discountPrice": 5.59
    },
    "type": {
      "code": "Sausage",
      "desc": "Sausage"
    },
    "weight": "1 lb",
    "UpcCode": "",
    "tax": 0.0,
    "spiceLevel": "",
    "aiselNo": "22",
    "store": "Market Basket",
    "weightType": "1 lb",
    "imageName": "No Image.jpg",
    "defaultImage": "No Image.jpg",
    "updatedTimestamp": "Jan 23, 2021 8:02:30 PM",
    "createdTimestamp": "Jan 23, 2021 8:02:30 PM",
    "isNewlyAdded": false,
    "isActive": true,
    "isDealsEnabled": false,
    "quantity": 0
  },
  {
    "id": 3740,
    "code": "Basil",
    "desc": "Basil",
    "shortDesc": "Basil",
    "tags": [
      "Basil"
    ],
    "categories": [
      {
        "code": "Fresh Produce",
        "desc": "Fresh Produce"
      }
    ],
    "subCategories": [
      {
        "code": "Fresh Herbs",
        "desc": "Fresh Herbs"
      }
    ],
    "brands": [
      {
        "code": "Market Basket",
        "desc": "Market Basket"
      }
    ],
    "price": {
      "basePrice": 4.24,
      "discountPrice": 4.24
    },
    "type": {
      "code": "Basil",
      "desc": "Basil"
    },
    "weight": "3 oz container",
    "UpcCode": "",
    "tax": 0.0,
    "spiceLevel": "",
    "aiselNo": "20",
    "store": "Market Basket",
    "weightType": "3 oz container",
    "imageName": "14554.jpg",
    "defaultImage": "14554.jpg",
    "updatedTimestamp": "Jan 23, 2021 8:02:30 PM",
    "createdTimestamp": "Jan 23, 2021 8:02:30 PM",
    "isNewlyAdded": false,
    "isActive": true,
    "isDealsEnabled": false,
    "quantity": 0
  },
  {
    "id": 14148,
    "code": "Kemps Low Fat Neapolitan Frozen Yogurt",
    "desc": "Kemps Low Fat Neapolitan Frozen Yogurt",
    "shortDesc": "Kemps Low Fat Neapolitan Frozen Yogurt",
    "tags": [
      "Yogurt"
    ],
    "categories": [
      {
        "code": "Breakfast & Dairy",
        "desc": "Breakfast & Dairy"
      }
    ],
    "subCategories": [
      {
        "code": "Dairy & Eggs",
        "desc": "Dairy & Eggs"
      }
    ],
    "brands": [
      {
        "code": "Kemps",
        "desc": "Kemps"
      }
    ],
    "price": {
      "basePrice": 3.69,
      "discountPrice": 3.69
    },
    "type": {
      "code": "Yogurt",
      "desc": "Yogurt"
    },
    "weight": "1.5 count",
    "UpcCode": "",
    "tax": 0.0,
    "spiceLevel": "",
    "aiselNo": "1",
    "store": "Market Basket",
    "weightType": "1.5 count",
    "imageName": "14707.jpg",
    "defaultImage": "14707.jpg",
    "updatedTimestamp": "Jan 23, 2021 8:02:30 PM",
    "createdTimestamp": "Jan 23, 2021 8:02:30 PM",
    "isNewlyAdded": false,
    "isActive": true,
    "isDealsEnabled": false,
    "quantity": 0
  },
  {
    "id": 7455,
    "code": "Goya Sliced Jalapeno Peppers, Green Pickled",
    "desc": "Goya Sliced Jalapeno Peppers, Green Pickled",
    "shortDesc": "Goya Sliced Jalapeno Peppers, Green Pickled",
    "tags": [
      "Canned & Jarred Vegetables"
    ],
    "categories": [
      {
        "code": "Cooking Needs",
        "desc": "Cooking Needs"
      }
    ],
    "subCategories": [
      {
        "code": "Canned Food",
        "desc": "Canned Food"
      }
    ],
    "brands": [
      {
        "code": "Goya",
        "desc": "Goya"
      }
    ],
    "price": {
      "basePrice": 1.69,
      "discountPrice": 1.69
    },
    "type": {
      "code": "Canned & Jarred Vegetables",
      "desc": "Canned & Jarred Vegetables"
    },
    "weight": "11 oz",
    "UpcCode": "",
    "tax": 0.0,
    "spiceLevel": "",
    "aiselNo": "9",
    "store": "Market Basket",
    "weightType": "11 oz",
    "imageName": "5055.jpg",
    "defaultImage": "5055.jpg",
    "updatedTimestamp": "Jan 23, 2021 8:02:30 PM",
    "createdTimestamp": "Jan 23, 2021 8:02:30 PM",
    "isNewlyAdded": false,
    "isActive": true,
    "isDealsEnabled": false,
    "quantity": 0
  },
  {
    "id": 9359,
    "code": "Pepperidge Farm Frozen Chocolate Fudge Layer Cake",
    "desc": "Pepperidge Farm Frozen Chocolate Fudge Layer Cake",
    "shortDesc": "Pepperidge Farm Frozen Chocolate Fudge Layer Cake",
    "tags": [
      "Frozen Dessert"
    ],
    "categories": [
      {
        "code": "Frozen Food",
        "desc": "Frozen Food"
      }
    ],
    "subCategories": [
      {
        "code": "Frozen Dessert",
        "desc": "Frozen Dessert"
      }
    ],
    "brands": [
      {
        "code": "Pepperidge Farm",
        "desc": "Pepperidge Farm"
      }
    ],
    "price": {
      "basePrice": 3.69,
      "discountPrice": 3.69
    },
    "type": {
      "code": "Frozen Dessert",
      "desc": "Frozen Dessert"
    },
    "weight": "19.6 oz",
    "UpcCode": "",
    "tax": 0.0,
    "spiceLevel": "",
    "aiselNo": "19",
    "store": "Market Basket",
    "weightType": "19.6 oz",
    "imageName": "2960.jpg",
    "defaultImage": "2960.jpg",
    "updatedTimestamp": "Jan 23, 2021 8:02:30 PM",
    "createdTimestamp": "Jan 23, 2021 8:02:30 PM",
    "isNewlyAdded": false,
    "isActive": true,
    "isDealsEnabled": false,
    "quantity": 0
  },
  {
    "id": 10423,
    "code": "Goya Rice, Jasmine, Thai",
    "desc": "Goya Rice, Jasmine, Thai",
    "shortDesc": "Goya Rice, Jasmine, Thai",
    "tags": [
      "Canned Food"
    ],
    "categories": [
      {
        "code": "Cooking Needs",
        "desc": "Cooking Needs"
      }
    ],
    "subCategories": [
      {
        "code": "Canned Food",
        "desc": "Canned Food"
      }
    ],
    "brands": [
      {
        "code": "Goya",
        "desc": "Goya"
      }
    ],
    "price": {
      "basePrice": 24.39,
      "discountPrice": 24.39
    },
    "type": {
      "code": "Canned Food",
      "desc": "Canned Food"
    },
    "weight": "20 lb",
    "UpcCode": "",
    "tax": 0.0,
    "spiceLevel": "",
    "aiselNo": "7",
    "store": "Market Basket",
    "weightType": "20 lb",
    "imageName": "5815.jpg",
    "defaultImage": "5815.jpg",
    "updatedTimestamp": "Jan 23, 2021 8:02:30 PM",
    "createdTimestamp": "Jan 23, 2021 8:02:30 PM",
    "isNewlyAdded": false,
    "isActive": true,
    "isDealsEnabled": false,
    "quantity": 0
  },
  {
    "id": 9863,
    "code": "Market Basket Italian Combo",
    "desc": "Market Basket Italian Combo",
    "shortDesc": "Market Basket Italian Combo",
    "tags": [
      "Frozen Produce"
    ],
    "categories": [
      {
        "code": "Frozen Food",
        "desc": "Frozen Food"
      }
    ],
    "subCategories": [
      {
        "code": "Frozen Produce",
        "desc": "Frozen Produce"
      }
    ],
    "brands": [
      {
        "code": "Market Basket",
        "desc": "Market Basket"
      }
    ],
    "price": {
      "basePrice": 1.69,
      "discountPrice": 1.69
    },
    "type": {
      "code": "Frozen Produce",
      "desc": "Frozen Produce"
    },
    "weight": "16 oz",
    "UpcCode": "",
    "tax": 0.0,
    "spiceLevel": "",
    "aiselNo": "19",
    "store": "Market Basket",
    "weightType": "16 oz",
    "imageName": "Market Basket.jpg",
    "defaultImage": "Market Basket.jpg",
    "updatedTimestamp": "Jan 23, 2021 8:02:30 PM",
    "createdTimestamp": "Jan 23, 2021 8:02:30 PM",
    "isNewlyAdded": false,
    "isActive": true,
    "isDealsEnabled": false,
    "quantity": 0
  },
  {
    "id": 271,
    "code": "Cascade Complete Fresh Scent Dishwasher Detergent",
    "desc": "Cascade Complete Fresh Scent Dishwasher Detergent",
    "shortDesc": "Cascade Complete Fresh Scent Dishwasher Detergent",
    "tags": [
      "Dishwasher Detergent"
    ],
    "categories": [
      {
        "code": "Kitchen & Cleaning",
        "desc": "Kitchen & Cleaning"
      }
    ],
    "subCategories": [
      {
        "code": "Dish Detergents",
        "desc": "Dish Detergents"
      }
    ],
    "brands": [
      {
        "code": "Cascade",
        "desc": "Cascade"
      }
    ],
    "price": {
      "basePrice": 6.09,
      "discountPrice": 6.09
    },
    "type": {
      "code": "Dishwasher Detergent",
      "desc": "Dishwasher Detergent"
    },
    "weight": "15 count",
    "UpcCode": "",
    "tax": 1.0,
    "spiceLevel": "",
    "aiselNo": "15",
    "store": "Market Basket",
    "weightType": "15 count",
    "imageName": "4332.jpg",
    "defaultImage": "4332.jpg",
    "updatedTimestamp": "Jan 23, 2021 8:02:30 PM",
    "createdTimestamp": "Jan 23, 2021 8:02:30 PM",
    "isNewlyAdded": false,
    "isActive": true,
    "isDealsEnabled": false,
    "quantity": 0
  },
  {
    "id": 13349,
    "code": "Hood Half & Half, Fat Free",
    "desc": "Hood Half & Half, Fat Free",
    "shortDesc": "Hood Half & Half, Fat Free",
    "tags": [
      "Cream"
    ],
    "categories": [
      {
        "code": "Breakfast & Dairy",
        "desc": "Breakfast & Dairy"
      }
    ],
    "subCategories": [
      {
        "code": "Dairy & Eggs",
        "desc": "Dairy & Eggs"
      }
    ],
    "brands": [
      {
        "code": "Hood",
        "desc": "Hood"
      }
    ],
    "price": {
      "basePrice": 2.39,
      "discountPrice": 2.39
    },
    "type": {
      "code": "Cream",
      "desc": "Cream"
    },
    "weight": "1 count",
    "UpcCode": "",
    "tax": 0.0,
    "spiceLevel": "",
    "aiselNo": "1",
    "store": "Market Basket",
    "weightType": "1 count",
    "imageName": "574.jpg",
    "defaultImage": "574.jpg",
    "updatedTimestamp": "Jan 23, 2021 8:02:30 PM",
    "createdTimestamp": "Jan 23, 2021 8:02:30 PM",
    "isNewlyAdded": false,
    "isActive": true,
    "isDealsEnabled": false,
    "quantity": 0
  },
  {
    "id": 5273,
    "code": "Good Health Sweet Potato Sweet Chipotle Kettle Style Chips",
    "desc": "Good Health Sweet Potato Sweet Chipotle Kettle Style Chips",
    "shortDesc": "Good Health Sweet Potato Sweet Chipotle Kettle Style Chips",
    "tags": [
      "Chips & Pretzels"
    ],
    "categories": [
      {
        "code": "Chips, Cookies & Snacks",
        "desc": "Chips, Cookies & Snacks"
      }
    ],
    "subCategories": [
      {
        "code": "Chips & Fruit Snacks",
        "desc": "Chips & Fruit Snacks"
      }
    ],
    "brands": [
      {
        "code": "Good Health",
        "desc": "Good Health"
      }
    ],
    "price": {
      "basePrice": 4.69,
      "discountPrice": 4.69
    },
    "type": {
      "code": "Chips & Pretzels",
      "desc": "Chips & Pretzels"
    },
    "weight": "5 oz",
    "UpcCode": "",
    "tax": 0.0,
    "spiceLevel": "",
    "aiselNo": "0",
    "store": "Market Basket",
    "weightType": "5 oz",
    "imageName": "No Image.jpg",
    "defaultImage": "No Image.jpg",
    "updatedTimestamp": "Jan 23, 2021 8:02:30 PM",
    "createdTimestamp": "Jan 23, 2021 8:02:30 PM",
    "isNewlyAdded": false,
    "isActive": true,
    "isDealsEnabled": false,
    "quantity": 0
  },
  {
    "id": 7589,
    "code": "Stems and Pieces Mushrooms",
    "desc": "Stems and Pieces Mushrooms",
    "shortDesc": "Stems and Pieces Mushrooms",
    "tags": [
      "Canned & Jarred Vegetables"
    ],
    "categories": [
      {
        "code": "Cooking Needs",
        "desc": "Cooking Needs"
      }
    ],
    "subCategories": [
      {
        "code": "Canned Food",
        "desc": "Canned Food"
      }
    ],
    "brands": [
      {
        "code": "Pennsylvania Dutchman",
        "desc": "Pennsylvania Dutchman"
      }
    ],
    "price": {
      "basePrice": 1.59,
      "discountPrice": 1.59
    },
    "type": {
      "code": "Canned & Jarred Vegetables",
      "desc": "Canned & Jarred Vegetables"
    },
    "weight": "4 oz",
    "UpcCode": "",
    "tax": 0.0,
    "spiceLevel": "",
    "aiselNo": "9",
    "store": "Market Basket",
    "weightType": "4 oz",
    "imageName": "17083.jpg",
    "defaultImage": "17083.jpg",
    "updatedTimestamp": "Jan 23, 2021 8:02:30 PM",
    "createdTimestamp": "Jan 23, 2021 8:02:30 PM",
    "isNewlyAdded": false,
    "isActive": true,
    "isDealsEnabled": false,
    "quantity": 0
  },
  {
    "id": 6854,
    "code": "Goya Manioc Starch, Tapioca",
    "desc": "Goya Manioc Starch, Tapioca",
    "shortDesc": "Goya Manioc Starch, Tapioca",
    "tags": [
      "Baking Ingredients"
    ],
    "categories": [
      {
        "code": "Cooking Needs",
        "desc": "Cooking Needs"
      }
    ],
    "subCategories": [
      {
        "code": "Baking & Cooking",
        "desc": "Baking & Cooking"
      }
    ],
    "brands": [
      {
        "code": "Goya",
        "desc": "Goya"
      }
    ],
    "price": {
      "basePrice": 4.59,
      "discountPrice": 4.59
    },
    "type": {
      "code": "Baking Ingredients",
      "desc": "Baking Ingredients"
    },
    "weight": "24 oz",
    "UpcCode": "",
    "tax": 0.0,
    "spiceLevel": "",
    "aiselNo": "8",
    "store": "Market Basket",
    "weightType": "24 oz",
    "imageName": "2347.jpg",
    "defaultImage": "2347.jpg",
    "updatedTimestamp": "Jan 23, 2021 8:02:30 PM",
    "createdTimestamp": "Jan 23, 2021 8:02:30 PM",
    "isNewlyAdded": false,
    "isActive": true,
    "isDealsEnabled": false,
    "quantity": 0
  },
  {
    "id": 14984,
    "code": "Advil Medicinal Sleep Aid",
    "desc": "Advil Medicinal Sleep Aid",
    "shortDesc": "Advil Medicinal Sleep Aid",
    "tags": [
      "Muscles, Joints & Pain Relief"
    ],
    "categories": [
      {
        "code": "Personal Care",
        "desc": "Personal Care"
      }
    ],
    "subCategories": [
      {
        "code": "First Aid & Healthcare",
        "desc": "First Aid & Healthcare"
      }
    ],
    "brands": [
      {
        "code": "Advil",
        "desc": "Advil"
      }
    ],
    "price": {
      "basePrice": 15.51,
      "discountPrice": 15.51
    },
    "type": {
      "code": "Muscles, Joints & Pain Relief",
      "desc": "Muscles, Joints & Pain Relief"
    },
    "weight": "80 count",
    "UpcCode": "",
    "tax": 1.0,
    "spiceLevel": "",
    "aiselNo": "13",
    "store": "Market Basket",
    "weightType": "80 count",
    "imageName": "6623.jpg",
    "defaultImage": "6623.jpg",
    "updatedTimestamp": "Jan 23, 2021 8:02:30 PM",
    "createdTimestamp": "Jan 23, 2021 8:02:30 PM",
    "isNewlyAdded": false,
    "isActive": true,
    "isDealsEnabled": false,
    "quantity": 0
  },
  {
    "id": 7035,
    "code": "Royal Gelatin, Strawberry",
    "desc": "Royal Gelatin, Strawberry",
    "shortDesc": "Royal Gelatin, Strawberry",
    "tags": [
      "Doughs, Gelatins & Bake Mixes"
    ],
    "categories": [
      {
        "code": "Cooking Needs",
        "desc": "Cooking Needs"
      }
    ],
    "subCategories": [
      {
        "code": "Baking & Cooking",
        "desc": "Baking & Cooking"
      }
    ],
    "brands": [
      {
        "code": "Royal",
        "desc": "Royal"
      }
    ],
    "price": {
      "basePrice": 0.49,
      "discountPrice": 0.49
    },
    "type": {
      "code": "Doughs, Gelatins & Bake Mixes",
      "desc": "Doughs, Gelatins & Bake Mixes"
    },
    "weight": "1.4 oz",
    "UpcCode": "",
    "tax": 0.0,
    "spiceLevel": "",
    "aiselNo": "8",
    "store": "Market Basket",
    "weightType": "1.4 oz",
    "imageName": "2105.jpg",
    "defaultImage": "2105.jpg",
    "updatedTimestamp": "Jan 23, 2021 8:02:30 PM",
    "createdTimestamp": "Jan 23, 2021 8:02:30 PM",
    "isNewlyAdded": false,
    "isActive": true,
    "isDealsEnabled": false,
    "quantity": 0
  },
  {
    "id": 4303,
    "code": "Market Basket Mako Shark Steaks",
    "desc": "Market Basket Mako Shark Steaks",
    "shortDesc": "Market Basket Mako Shark Steaks",
    "tags": [
      "Other Seafood"
    ],
    "categories": [
      {
        "code": "Meat & Seafood",
        "desc": "Meat & Seafood"
      }
    ],
    "subCategories": [
      {
        "code": "Meat & Seafood Counter",
        "desc": "Meat & Seafood Counter"
      }
    ],
    "brands": [
      {
        "code": "Market Basket",
        "desc": "Market Basket"
      }
    ],
    "price": {
      "basePrice": 9.79,
      "discountPrice": 9.79
    },
    "type": {
      "code": "Other Seafood",
      "desc": "Other Seafood"
    },
    "weight": "Approx: 1.00 lb at $9.79/lb",
    "UpcCode": "",
    "tax": 0.0,
    "spiceLevel": "",
    "aiselNo": "22",
    "store": "Market Basket",
    "weightType": "Approx: 1.00 lb at $9.79/lb",
    "imageName": "Market Basket.jpg",
    "defaultImage": "Market Basket.jpg",
    "updatedTimestamp": "Jan 23, 2021 8:02:30 PM",
    "createdTimestamp": "Jan 23, 2021 8:02:30 PM",
    "isNewlyAdded": false,
    "isActive": true,
    "isDealsEnabled": false,
    "quantity": 0
  },
  {
    "id": 14941,
    "code": "Pepto-Bismol Upset Stomach Reliever/Antidiarrheal, 2x Strength, Ultra",
    "desc": "Pepto-Bismol Upset Stomach Reliever/Antidiarrheal, 2x Strength, Ultra",
    "shortDesc": "Pepto-Bismol Upset Stomach Reliever/Antidiarrheal, 2x Strength, Ultra",
    "tags": [
      "Digestion"
    ],
    "categories": [
      {
        "code": "Personal Care",
        "desc": "Personal Care"
      }
    ],
    "subCategories": [
      {
        "code": "First Aid & Healthcare",
        "desc": "First Aid & Healthcare"
      }
    ],
    "brands": [
      {
        "code": "Pepto Bismol",
        "desc": "Pepto Bismol"
      }
    ],
    "price": {
      "basePrice": 8.15,
      "discountPrice": 8.15
    },
    "type": {
      "code": "Digestion",
      "desc": "Digestion"
    },
    "weight": "8 fl oz",
    "UpcCode": "",
    "tax": 1.0,
    "spiceLevel": "",
    "aiselNo": "13",
    "store": "Market Basket",
    "weightType": "8 fl oz",
    "imageName": "6652.jpg",
    "defaultImage": "6652.jpg",
    "updatedTimestamp": "Jan 23, 2021 8:02:30 PM",
    "createdTimestamp": "Jan 23, 2021 8:02:30 PM",
    "isNewlyAdded": false,
    "isActive": true,
    "isDealsEnabled": false,
    "quantity": 0
  },
  {
    "id": 5511,
    "code": "M&M's M&M Peanut Chocolate Candies",
    "desc": "M&M's M&M Peanut Chocolate Candies",
    "shortDesc": "M&M's M&M Peanut Chocolate Candies",
    "tags": [
      "Candy & Chocolate"
    ],
    "categories": [
      {
        "code": "Chips, Cookies & Snacks",
        "desc": "Chips, Cookies & Snacks"
      }
    ],
    "subCategories": [
      {
        "code": "Candy & Chocolates",
        "desc": "Candy & Chocolates"
      }
    ],
    "brands": [
      {
        "code": "M&M's",
        "desc": "M&M's"
      }
    ],
    "price": {
      "basePrice": 3.69,
      "discountPrice": 3.69
    },
    "type": {
      "code": "Candy & Chocolate",
      "desc": "Candy & Chocolate"
    },
    "weight": "12.6 oz",
    "UpcCode": "",
    "tax": 0.0,
    "spiceLevel": "",
    "aiselNo": "3",
    "store": "Market Basket",
    "weightType": "12.6 oz",
    "imageName": "1017.jpg",
    "defaultImage": "1017.jpg",
    "updatedTimestamp": "Jan 23, 2021 8:02:30 PM",
    "createdTimestamp": "Jan 23, 2021 8:02:30 PM",
    "isNewlyAdded": false,
    "isActive": true,
    "isDealsEnabled": false,
    "quantity": 0
  },
  {
    "id": 13280,
    "code": "Earth Balance Soy Free Sticks Buttery",
    "desc": "Earth Balance Soy Free Sticks Buttery",
    "shortDesc": "Earth Balance Soy Free Sticks Buttery",
    "tags": [
      "Butter"
    ],
    "categories": [
      {
        "code": "Breakfast & Dairy",
        "desc": "Breakfast & Dairy"
      }
    ],
    "subCategories": [
      {
        "code": "Dairy & Eggs",
        "desc": "Dairy & Eggs"
      }
    ],
    "brands": [
      {
        "code": "Earth Balance",
        "desc": "Earth Balance"
      }
    ],
    "price": {
      "basePrice": 4.89,
      "discountPrice": 4.89
    },
    "type": {
      "code": "Butter",
      "desc": "Butter"
    },
    "weight": "1 lb",
    "UpcCode": "",
    "tax": 0.0,
    "spiceLevel": "",
    "aiselNo": "1",
    "store": "Market Basket",
    "weightType": "1 lb",
    "imageName": "654.jpg",
    "defaultImage": "654.jpg",
    "updatedTimestamp": "Jan 23, 2021 8:02:30 PM",
    "createdTimestamp": "Jan 23, 2021 8:02:30 PM",
    "isNewlyAdded": false,
    "isActive": true,
    "isDealsEnabled": false,
    "quantity": 0
  },
  {
    "id": 6194,
    "code": "Sierra Mist Lemon Lime Flavored Soda, Caffeine Free",
    "desc": "Sierra Mist Lemon Lime Flavored Soda, Caffeine Free",
    "shortDesc": "Sierra Mist Lemon Lime Flavored Soda, Caffeine Free",
    "tags": [
      "Soft Drinks"
    ],
    "categories": [
      {
        "code": "Beverages & Juices",
        "desc": "Beverages & Juices"
      }
    ],
    "subCategories": [
      {
        "code": "Soft Drinks & Seltzers",
        "desc": "Soft Drinks & Seltzers"
      }
    ],
    "brands": [
      {
        "code": "Sierra Mist",
        "desc": "Sierra Mist"
      }
    ],
    "price": {
      "basePrice": 2.5,
      "discountPrice": 2.5
    },
    "type": {
      "code": "Soft Drinks",
      "desc": "Soft Drinks"
    },
    "weight": "2 L",
    "UpcCode": "",
    "tax": 0.0,
    "spiceLevel": "",
    "aiselNo": "17",
    "store": "Market Basket",
    "weightType": "2 L",
    "imageName": "16649.jpg",
    "defaultImage": "16649.jpg",
    "updatedTimestamp": "Jan 23, 2021 8:02:30 PM",
    "createdTimestamp": "Jan 23, 2021 8:02:30 PM",
    "isNewlyAdded": false,
    "isActive": true,
    "isDealsEnabled": false,
    "quantity": 0
  },
  {
    "id": 7170,
    "code": "Smart Balance Non Stick Original Cooking Spray",
    "desc": "Smart Balance Non Stick Original Cooking Spray",
    "shortDesc": "Smart Balance Non Stick Original Cooking Spray",
    "tags": [
      "Oils & Vinegars"
    ],
    "categories": [
      {
        "code": "Cooking Needs",
        "desc": "Cooking Needs"
      }
    ],
    "subCategories": [
      {
        "code": "Oils & Vinegars",
        "desc": "Oils & Vinegars"
      }
    ],
    "brands": [
      {
        "code": "Smart Balance",
        "desc": "Smart Balance"
      }
    ],
    "price": {
      "basePrice": 3.09,
      "discountPrice": 3.09
    },
    "type": {
      "code": "Oils & Vinegars",
      "desc": "Oils & Vinegars"
    },
    "weight": "6 oz",
    "UpcCode": "",
    "tax": 0.0,
    "spiceLevel": "",
    "aiselNo": "2",
    "store": "Market Basket",
    "weightType": "6 oz",
    "imageName": "15504.jpg",
    "defaultImage": "15504.jpg",
    "updatedTimestamp": "Jan 23, 2021 8:02:30 PM",
    "createdTimestamp": "Jan 23, 2021 8:02:30 PM",
    "isNewlyAdded": false,
    "isActive": true,
    "isDealsEnabled": false,
    "quantity": 0
  },
  {
    "id": 4063,
    "code": "Boneless Eye of Round Beef Steak",
    "desc": "Boneless Eye of Round Beef Steak",
    "shortDesc": "Boneless Eye of Round Beef Steak",
    "tags": [
      "Beef"
    ],
    "categories": [
      {
        "code": "Meat & Seafood",
        "desc": "Meat & Seafood"
      }
    ],
    "subCategories": [
      {
        "code": "Meat & Seafood Counter",
        "desc": "Meat & Seafood Counter"
      }
    ],
    "brands": [
      {
        "code": "Market Basket",
        "desc": "Market Basket"
      }
    ],
    "price": {
      "basePrice": 6.09,
      "discountPrice": 6.09
    },
    "type": {
      "code": "Beef",
      "desc": "Beef"
    },
    "weight": "1 lb",
    "UpcCode": "",
    "tax": 0.0,
    "spiceLevel": "",
    "aiselNo": "22",
    "store": "Market Basket",
    "weightType": "1 lb",
    "imageName": "Market Basket.jpg",
    "defaultImage": "Market Basket.jpg",
    "updatedTimestamp": "Jan 23, 2021 8:02:30 PM",
    "createdTimestamp": "Jan 23, 2021 8:02:30 PM",
    "isNewlyAdded": false,
    "isActive": true,
    "isDealsEnabled": false,
    "quantity": 0
  },
  {
    "id": 6111,
    "code": "Crush Orange Soda Can",
    "desc": "Crush Orange Soda Can",
    "shortDesc": "Crush Orange Soda Can",
    "tags": [
      "Soft Drinks"
    ],
    "categories": [
      {
        "code": "Beverages & Juices",
        "desc": "Beverages & Juices"
      }
    ],
    "subCategories": [
      {
        "code": "Soft Drinks & Seltzers",
        "desc": "Soft Drinks & Seltzers"
      }
    ],
    "brands": [
      {
        "code": "Crush",
        "desc": "Crush"
      }
    ],
    "price": {
      "basePrice": 4.38,
      "discountPrice": 4.38
    },
    "type": {
      "code": "Soft Drinks",
      "desc": "Soft Drinks"
    },
    "weight": "6 x 7.5 fl oz",
    "UpcCode": "",
    "tax": 0.0,
    "spiceLevel": "",
    "aiselNo": "17",
    "store": "Market Basket",
    "weightType": "6 x 7.5 fl oz",
    "imageName": "No Image.jpg",
    "defaultImage": "No Image.jpg",
    "updatedTimestamp": "Jan 23, 2021 8:02:30 PM",
    "createdTimestamp": "Jan 23, 2021 8:02:30 PM",
    "isNewlyAdded": false,
    "isActive": true,
    "isDealsEnabled": false,
    "quantity": 0
  },
  {
    "id": 6477,
    "code": "River Queen Salted Fancy Mixed Nuts",
    "desc": "River Queen Salted Fancy Mixed Nuts",
    "shortDesc": "River Queen Salted Fancy Mixed Nuts",
    "tags": [
      "Nuts, Seeds & Dried Fruit"
    ],
    "categories": [
      {
        "code": "Chips, Cookies & Snacks",
        "desc": "Chips, Cookies & Snacks"
      }
    ],
    "subCategories": [
      {
        "code": "Nuts, Seeds & Dried Fruit",
        "desc": "Nuts, Seeds & Dried Fruit"
      }
    ],
    "brands": [
      {
        "code": "River Queen",
        "desc": "River Queen"
      }
    ],
    "price": {
      "basePrice": 6.24,
      "discountPrice": 6.24
    },
    "type": {
      "code": "Nuts, Seeds & Dried Fruit",
      "desc": "Nuts, Seeds & Dried Fruit"
    },
    "weight": "8 oz",
    "UpcCode": "",
    "tax": 0.0,
    "spiceLevel": "",
    "aiselNo": "6",
    "store": "Market Basket",
    "weightType": "8 oz",
    "imageName": "No Image.jpg",
    "defaultImage": "No Image.jpg",
    "updatedTimestamp": "Jan 23, 2021 8:02:30 PM",
    "createdTimestamp": "Jan 23, 2021 8:02:30 PM",
    "isNewlyAdded": false,
    "isActive": true,
    "isDealsEnabled": false,
    "quantity": 0
  },
  {
    "id": 4625,
    "code": "Spam Lite Canned Meat",
    "desc": "Spam Lite Canned Meat",
    "shortDesc": "Spam Lite Canned Meat",
    "tags": [
      "Other Meat"
    ],
    "categories": [
      {
        "code": "Meat & Seafood",
        "desc": "Meat & Seafood"
      }
    ],
    "subCategories": [
      {
        "code": "Canned Meat & Seafood",
        "desc": "Canned Meat & Seafood"
      }
    ],
    "brands": [
      {
        "code": "Spam",
        "desc": "Spam"
      }
    ],
    "price": {
      "basePrice": 3.09,
      "discountPrice": 3.09
    },
    "type": {
      "code": "Other Meat",
      "desc": "Other Meat"
    },
    "weight": "12 oz",
    "UpcCode": "",
    "tax": 0.0,
    "spiceLevel": "",
    "aiselNo": "2",
    "store": "Market Basket",
    "weightType": "12 oz",
    "imageName": "17149.jpg",
    "defaultImage": "17149.jpg",
    "updatedTimestamp": "Jan 23, 2021 8:02:30 PM",
    "createdTimestamp": "Jan 23, 2021 8:02:30 PM",
    "isNewlyAdded": false,
    "isActive": true,
    "isDealsEnabled": false,
    "quantity": 0
  },
  {
    "id": 6130,
    "code": "Market Basket Club Soda",
    "desc": "Market Basket Club Soda",
    "shortDesc": "Market Basket Club Soda",
    "tags": [
      "Soft Drinks"
    ],
    "categories": [
      {
        "code": "Beverages & Juices",
        "desc": "Beverages & Juices"
      }
    ],
    "subCategories": [
      {
        "code": "Soft Drinks & Seltzers",
        "desc": "Soft Drinks & Seltzers"
      }
    ],
    "brands": [
      {
        "code": "Market Basket",
        "desc": "Market Basket"
      }
    ],
    "price": {
      "basePrice": 1.1,
      "discountPrice": 1.1
    },
    "type": {
      "code": "Soft Drinks",
      "desc": "Soft Drinks"
    },
    "weight": "2 L",
    "UpcCode": "",
    "tax": 0.0,
    "spiceLevel": "",
    "aiselNo": "17",
    "store": "Market Basket",
    "weightType": "2 L",
    "imageName": "Market Basket.jpg",
    "defaultImage": "Market Basket.jpg",
    "updatedTimestamp": "Jan 23, 2021 8:02:30 PM",
    "createdTimestamp": "Jan 23, 2021 8:02:30 PM",
    "isNewlyAdded": false,
    "isActive": true,
    "isDealsEnabled": false,
    "quantity": 0
  },
  {
    "id": 7523,
    "code": "Market Basket Select Stewed Tomatoes In Tomato Juice",
    "desc": "Market Basket Select Stewed Tomatoes In Tomato Juice",
    "shortDesc": "Market Basket Select Stewed Tomatoes In Tomato Juice",
    "tags": [
      "Canned & Jarred Vegetables"
    ],
    "categories": [
      {
        "code": "Cooking Needs",
        "desc": "Cooking Needs"
      }
    ],
    "subCategories": [
      {
        "code": "Canned Food",
        "desc": "Canned Food"
      }
    ],
    "brands": [
      {
        "code": "Market Basket",
        "desc": "Market Basket"
      }
    ],
    "price": {
      "basePrice": 0.89,
      "discountPrice": 0.89
    },
    "type": {
      "code": "Canned & Jarred Vegetables",
      "desc": "Canned & Jarred Vegetables"
    },
    "weight": "14.5 oz",
    "UpcCode": "",
    "tax": 0.0,
    "spiceLevel": "",
    "aiselNo": "9",
    "store": "Market Basket",
    "weightType": "14.5 oz",
    "imageName": "Market Basket.jpg",
    "defaultImage": "Market Basket.jpg",
    "updatedTimestamp": "Jan 23, 2021 8:02:30 PM",
    "createdTimestamp": "Jan 23, 2021 8:02:30 PM",
    "isNewlyAdded": false,
    "isActive": true,
    "isDealsEnabled": false,
    "quantity": 0
  },
  {
    "id": 5200,
    "code": "Milton's Organic Crackers Multi-grain",
    "desc": "Milton's Organic Crackers Multi-grain",
    "shortDesc": "Milton's Organic Crackers Multi-grain",
    "tags": [
      "Crackers"
    ],
    "categories": [
      {
        "code": "Chips, Cookies & Snacks",
        "desc": "Chips, Cookies & Snacks"
      }
    ],
    "subCategories": [
      {
        "code": "Cookies & Crackers",
        "desc": "Cookies & Crackers"
      }
    ],
    "brands": [
      {
        "code": "Milton's",
        "desc": "Milton's"
      }
    ],
    "price": {
      "basePrice": 3.91,
      "discountPrice": 3.91
    },
    "type": {
      "code": "Crackers",
      "desc": "Crackers"
    },
    "weight": "6 oz",
    "UpcCode": "",
    "tax": 0.0,
    "spiceLevel": "",
    "aiselNo": "6",
    "store": "Market Basket",
    "weightType": "6 oz",
    "imageName": "No Image.jpg",
    "defaultImage": "No Image.jpg",
    "updatedTimestamp": "Jan 23, 2021 8:02:30 PM",
    "createdTimestamp": "Jan 23, 2021 8:02:30 PM",
    "isNewlyAdded": false,
    "isActive": true,
    "isDealsEnabled": false,
    "quantity": 0
  },
  {
    "id": 3513,
    "code": "Organic Mini Peppers",
    "desc": "Organic Mini Peppers",
    "shortDesc": "Organic Mini Peppers",
    "tags": [
      "Pepper"
    ],
    "categories": [
      {
        "code": "Fresh Produce",
        "desc": "Fresh Produce"
      }
    ],
    "subCategories": [
      {
        "code": "Fresh Organic Vegetables",
        "desc": "Fresh Organic Vegetables"
      }
    ],
    "brands": [
      {
        "code": "Market Basket",
        "desc": "Market Basket"
      }
    ],
    "price": {
      "basePrice": 7.14,
      "discountPrice": 7.14
    },
    "type": {
      "code": "Pepper",
      "desc": "Pepper"
    },
    "weight": "1 lb",
    "UpcCode": "",
    "tax": 0.0,
    "spiceLevel": "",
    "aiselNo": "20",
    "store": "Market Basket",
    "weightType": "1 lb",
    "imageName": "No Image.jpg",
    "defaultImage": "No Image.jpg",
    "updatedTimestamp": "Jan 23, 2021 8:02:30 PM",
    "createdTimestamp": "Jan 23, 2021 8:02:30 PM",
    "isNewlyAdded": false,
    "isActive": true,
    "isDealsEnabled": false,
    "quantity": 0
  },
  {
    "id": 7861,
    "code": "King Oscar Wild Caught Sardines",
    "desc": "King Oscar Wild Caught Sardines",
    "shortDesc": "King Oscar Wild Caught Sardines",
    "tags": [
      "Canned Meat & Seafood"
    ],
    "categories": [
      {
        "code": "Cooking Needs",
        "desc": "Cooking Needs"
      }
    ],
    "subCategories": [
      {
        "code": "Canned Food",
        "desc": "Canned Food"
      }
    ],
    "brands": [
      {
        "code": "King Oscar",
        "desc": "King Oscar"
      }
    ],
    "price": {
      "basePrice": 3.09,
      "discountPrice": 3.09
    },
    "type": {
      "code": "Canned Meat & Seafood",
      "desc": "Canned Meat & Seafood"
    },
    "weight": "3.75 oz",
    "UpcCode": "",
    "tax": 0.0,
    "spiceLevel": "",
    "aiselNo": "2",
    "store": "Market Basket",
    "weightType": "3.75 oz",
    "imageName": "5233.jpg",
    "defaultImage": "5233.jpg",
    "updatedTimestamp": "Jan 23, 2021 8:02:30 PM",
    "createdTimestamp": "Jan 23, 2021 8:02:30 PM",
    "isNewlyAdded": false,
    "isActive": true,
    "isDealsEnabled": false,
    "quantity": 0
  },
  {
    "id": 7919,
    "code": "Superior Touch Lobster Base",
    "desc": "Superior Touch Lobster Base",
    "shortDesc": "Superior Touch Lobster Base",
    "tags": [
      "Soup, Broth & Bouillon"
    ],
    "categories": [
      {
        "code": "Cooking Needs",
        "desc": "Cooking Needs"
      }
    ],
    "subCategories": [
      {
        "code": "Canned Food",
        "desc": "Canned Food"
      }
    ],
    "brands": [
      {
        "code": "Better Than Bouillon",
        "desc": "Better Than Bouillon"
      }
    ],
    "price": {
      "basePrice": 4.89,
      "discountPrice": 4.89
    },
    "type": {
      "code": "Soup, Broth & Bouillon",
      "desc": "Soup, Broth & Bouillon"
    },
    "weight": "8 oz",
    "UpcCode": "",
    "tax": 0.0,
    "spiceLevel": "",
    "aiselNo": "2",
    "store": "Market Basket",
    "weightType": "8 oz",
    "imageName": "17176.jpg",
    "defaultImage": "17176.jpg",
    "updatedTimestamp": "Jan 23, 2021 8:02:30 PM",
    "createdTimestamp": "Jan 23, 2021 8:02:30 PM",
    "isNewlyAdded": false,
    "isActive": true,
    "isDealsEnabled": false,
    "quantity": 0
  },
  {
    "id": 6123,
    "code": "Fanta Orange Zero Sugar",
    "desc": "Fanta Orange Zero Sugar",
    "shortDesc": "Fanta Orange Zero Sugar",
    "tags": [
      "Soft Drinks"
    ],
    "categories": [
      {
        "code": "Beverages & Juices",
        "desc": "Beverages & Juices"
      }
    ],
    "subCategories": [
      {
        "code": "Soft Drinks & Seltzers",
        "desc": "Soft Drinks & Seltzers"
      }
    ],
    "brands": [
      {
        "code": "Fanta",
        "desc": "Fanta"
      }
    ],
    "price": {
      "basePrice": 1.24,
      "discountPrice": 1.24
    },
    "type": {
      "code": "Soft Drinks",
      "desc": "Soft Drinks"
    },
    "weight": "2 L",
    "UpcCode": "",
    "tax": 0.0,
    "spiceLevel": "",
    "aiselNo": "17",
    "store": "Market Basket",
    "weightType": "2 L",
    "imageName": "No Image.jpg",
    "defaultImage": "No Image.jpg",
    "updatedTimestamp": "Jan 23, 2021 8:02:30 PM",
    "createdTimestamp": "Jan 23, 2021 8:02:30 PM",
    "isNewlyAdded": false,
    "isActive": true,
    "isDealsEnabled": false,
    "quantity": 0
  },
  {
    "id": 10259,
    "code": "Turkey Hill Premium Ice Cream Dutch Chocolate",
    "desc": "Turkey Hill Premium Ice Cream Dutch Chocolate",
    "shortDesc": "Turkey Hill Premium Ice Cream Dutch Chocolate",
    "tags": [
      "Ice Cream & Ice"
    ],
    "categories": [
      {
        "code": "Frozen Food",
        "desc": "Frozen Food"
      }
    ],
    "subCategories": [
      {
        "code": "Ice Cream & Ice",
        "desc": "Ice Cream & Ice"
      }
    ],
    "brands": [
      {
        "code": "Turkey Hill",
        "desc": "Turkey Hill"
      }
    ],
    "price": {
      "basePrice": 3.69,
      "discountPrice": 3.69
    },
    "type": {
      "code": "Ice Cream & Ice",
      "desc": "Ice Cream & Ice"
    },
    "weight": "48 fl oz",
    "UpcCode": "",
    "tax": 0.0,
    "spiceLevel": "",
    "aiselNo": "21",
    "store": "Market Basket",
    "weightType": "48 fl oz",
    "imageName": "3127.jpg",
    "defaultImage": "3127.jpg",
    "updatedTimestamp": "Jan 23, 2021 8:02:30 PM",
    "createdTimestamp": "Jan 23, 2021 8:02:30 PM",
    "isNewlyAdded": false,
    "isActive": true,
    "isDealsEnabled": false,
    "quantity": 0
  },
  {
    "id": 14477,
    "code": "Starbucks Dark Roast Ground Coffee Ã¢â¬â CaffÃÂ¨ Verona Ã¢â¬â 100% Arabica",
    "desc": "Starbucks Dark Roast Ground Coffee Ã¢â¬â CaffÃÂ¨ Verona Ã¢â¬â 100% Arabica",
    "shortDesc": "Starbucks Dark Roast Ground Coffee Ã¢â¬â CaffÃÂ¨ Verona Ã¢â¬â 100% Arabica",
    "tags": [
      "Coffee"
    ],
    "categories": [
      {
        "code": "Breakfast & Dairy",
        "desc": "Breakfast & Dairy"
      }
    ],
    "subCategories": [
      {
        "code": "Tea & Coffee",
        "desc": "Tea & Coffee"
      }
    ],
    "brands": [
      {
        "code": "StarBucks",
        "desc": "StarBucks"
      }
    ],
    "price": {
      "basePrice": 9.79,
      "discountPrice": 9.79
    },
    "type": {
      "code": "Coffee",
      "desc": "Coffee"
    },
    "weight": "12 oz",
    "UpcCode": "",
    "tax": 0.0,
    "spiceLevel": "",
    "aiselNo": "8",
    "store": "Market Basket",
    "weightType": "12 oz",
    "imageName": "3313.jpg",
    "defaultImage": "3313.jpg",
    "updatedTimestamp": "Jan 23, 2021 8:02:30 PM",
    "createdTimestamp": "Jan 23, 2021 8:02:30 PM",
    "isNewlyAdded": false,
    "isActive": true,
    "isDealsEnabled": false,
    "quantity": 0
  },
  {
    "id": 7457,
    "code": "Goya Tomato Paste",
    "desc": "Goya Tomato Paste",
    "shortDesc": "Goya Tomato Paste",
    "tags": [
      "Canned & Jarred Vegetables"
    ],
    "categories": [
      {
        "code": "Cooking Needs",
        "desc": "Cooking Needs"
      }
    ],
    "subCategories": [
      {
        "code": "Canned Food",
        "desc": "Canned Food"
      }
    ],
    "brands": [
      {
        "code": "Goya",
        "desc": "Goya"
      }
    ],
    "price": {
      "basePrice": 0.89,
      "discountPrice": 0.89
    },
    "type": {
      "code": "Canned & Jarred Vegetables",
      "desc": "Canned & Jarred Vegetables"
    },
    "weight": "6 oz",
    "UpcCode": "",
    "tax": 0.0,
    "spiceLevel": "",
    "aiselNo": "9",
    "store": "Market Basket",
    "weightType": "6 oz",
    "imageName": "5052.jpg",
    "defaultImage": "5052.jpg",
    "updatedTimestamp": "Jan 23, 2021 8:02:30 PM",
    "createdTimestamp": "Jan 23, 2021 8:02:30 PM",
    "isNewlyAdded": false,
    "isActive": true,
    "isDealsEnabled": false,
    "quantity": 0
  },
  {
    "id": 463,
    "code": "Sun Triple Clean clean&fresh 134 medium loads laundry detergent",
    "desc": "Sun Triple Clean clean&fresh 134 medium loads laundry detergent",
    "shortDesc": "Sun Triple Clean clean&fresh 134 medium loads laundry detergent",
    "tags": [
      "Laundry Detergent"
    ],
    "categories": [
      {
        "code": "Laundry & Paper Goods",
        "desc": "Laundry & Paper Goods"
      }
    ],
    "subCategories": [
      {
        "code": "Laundry",
        "desc": "Laundry"
      }
    ],
    "brands": [
      {
        "code": "Sun",
        "desc": "Sun"
      }
    ],
    "price": {
      "basePrice": 7.49,
      "discountPrice": 7.49
    },
    "type": {
      "code": "Laundry Detergent",
      "desc": "Laundry Detergent"
    },
    "weight": "188 fl oz",
    "UpcCode": "",
    "tax": 1.0,
    "spiceLevel": "",
    "aiselNo": "15",
    "store": "Market Basket",
    "weightType": "188 fl oz",
    "imageName": "No Image.jpg",
    "defaultImage": "No Image.jpg",
    "updatedTimestamp": "Jan 23, 2021 8:02:30 PM",
    "createdTimestamp": "Jan 23, 2021 8:02:30 PM",
    "isNewlyAdded": false,
    "isActive": true,
    "isDealsEnabled": false,
    "quantity": 0
  },
  {
    "id": 6186,
    "code": "Schweppes Ginger Ale",
    "desc": "Schweppes Ginger Ale",
    "shortDesc": "Schweppes Ginger Ale",
    "tags": [
      "Ginger Ale"
    ],
    "categories": [
      {
        "code": "Beverages & Juices",
        "desc": "Beverages & Juices"
      }
    ],
    "subCategories": [
      {
        "code": "Ginger Ale & Ginger Beer",
        "desc": "Ginger Ale & Ginger Beer"
      }
    ],
    "brands": [
      {
        "code": "Schweppes",
        "desc": "Schweppes"
      }
    ],
    "price": {
      "basePrice": 2.5,
      "discountPrice": 2.5
    },
    "type": {
      "code": "Ginger Ale",
      "desc": "Ginger Ale"
    },
    "weight": "2 L",
    "UpcCode": "",
    "tax": 0.0,
    "spiceLevel": "",
    "aiselNo": "17",
    "store": "Market Basket",
    "weightType": "2 L",
    "imageName": "3969.jpg",
    "defaultImage": "3969.jpg",
    "updatedTimestamp": "Jan 23, 2021 8:02:29 PM",
    "createdTimestamp": "Jan 23, 2021 8:02:29 PM",
    "isNewlyAdded": false,
    "isActive": true,
    "isDealsEnabled": false,
    "quantity": 0
  },
  {
    "id": 5270,
    "code": "Good Health Veggie Chips Monster Shaped",
    "desc": "Good Health Veggie Chips Monster Shaped",
    "shortDesc": "Good Health Veggie Chips Monster Shaped",
    "tags": [
      "Chips & Pretzels"
    ],
    "categories": [
      {
        "code": "Chips, Cookies & Snacks",
        "desc": "Chips, Cookies & Snacks"
      }
    ],
    "subCategories": [
      {
        "code": "Chips & Fruit Snacks",
        "desc": "Chips & Fruit Snacks"
      }
    ],
    "brands": [
      {
        "code": "Good Health",
        "desc": "Good Health"
      }
    ],
    "price": {
      "basePrice": 4.69,
      "discountPrice": 4.69
    },
    "type": {
      "code": "Chips & Pretzels",
      "desc": "Chips & Pretzels"
    },
    "weight": "6.25 oz",
    "UpcCode": "",
    "tax": 0.0,
    "spiceLevel": "",
    "aiselNo": "0",
    "store": "Market Basket",
    "weightType": "6.25 oz",
    "imageName": "No Image.jpg",
    "defaultImage": "No Image.jpg",
    "updatedTimestamp": "Jan 23, 2021 8:02:30 PM",
    "createdTimestamp": "Jan 23, 2021 8:02:30 PM",
    "isNewlyAdded": false,
    "isActive": true,
    "isDealsEnabled": false,
    "quantity": 0
  },
  {
    "id": 10162,
    "code": "Market Basket Ice Cream",
    "desc": "Market Basket Ice Cream",
    "shortDesc": "Market Basket Ice Cream",
    "tags": [
      "Ice Cream & Ice"
    ],
    "categories": [
      {
        "code": "Frozen Food",
        "desc": "Frozen Food"
      }
    ],
    "subCategories": [
      {
        "code": "Ice Cream & Ice",
        "desc": "Ice Cream & Ice"
      }
    ],
    "brands": [
      {
        "code": "Market Basket",
        "desc": "Market Basket"
      }
    ],
    "price": {
      "basePrice": 2.49,
      "discountPrice": 2.49
    },
    "type": {
      "code": "Ice Cream & Ice",
      "desc": "Ice Cream & Ice"
    },
    "weight": "1.75 quart",
    "UpcCode": "",
    "tax": 0.0,
    "spiceLevel": "",
    "aiselNo": "21",
    "store": "Market Basket",
    "weightType": "1.75 quart",
    "imageName": "Market Basket.jpg",
    "defaultImage": "Market Basket.jpg",
    "updatedTimestamp": "Jan 23, 2021 8:02:30 PM",
    "createdTimestamp": "Jan 23, 2021 8:02:30 PM",
    "isNewlyAdded": false,
    "isActive": true,
    "isDealsEnabled": false,
    "quantity": 0
  },
  {
    "id": 13979,
    "code": "Kraft Monterey Jack Cheese/Dried Apples/Granola Clusters Snack Trios",
    "desc": "Kraft Monterey Jack Cheese/Dried Apples/Granola Clusters Snack Trios",
    "shortDesc": "Kraft Monterey Jack Cheese/Dried Apples/Granola Clusters Snack Trios",
    "tags": [
      "Specialty Cheeses"
    ],
    "categories": [
      {
        "code": "Breakfast & Dairy",
        "desc": "Breakfast & Dairy"
      }
    ],
    "subCategories": [
      {
        "code": "Dairy & Eggs",
        "desc": "Dairy & Eggs"
      }
    ],
    "brands": [
      {
        "code": "Monterey",
        "desc": "Monterey"
      }
    ],
    "price": {
      "basePrice": 3.69,
      "discountPrice": 3.69
    },
    "type": {
      "code": "Specialty Cheeses",
      "desc": "Specialty Cheeses"
    },
    "weight": "3 x 1.5 oz",
    "UpcCode": "",
    "tax": 0.0,
    "spiceLevel": "",
    "aiselNo": "1",
    "store": "Market Basket",
    "weightType": "3 x 1.5 oz",
    "imageName": "17305.jpg",
    "defaultImage": "17305.jpg",
    "updatedTimestamp": "Jan 23, 2021 8:02:30 PM",
    "createdTimestamp": "Jan 23, 2021 8:02:30 PM",
    "isNewlyAdded": false,
    "isActive": true,
    "isDealsEnabled": false,
    "quantity": 0
  },
  {
    "id": 14157,
    "code": "Lifeway Raspberry Cultured Lowfat Milk",
    "desc": "Lifeway Raspberry Cultured Lowfat Milk",
    "shortDesc": "Lifeway Raspberry Cultured Lowfat Milk",
    "tags": [
      "Yogurt"
    ],
    "categories": [
      {
        "code": "Breakfast & Dairy",
        "desc": "Breakfast & Dairy"
      }
    ],
    "subCategories": [
      {
        "code": "Dairy & Eggs",
        "desc": "Dairy & Eggs"
      }
    ],
    "brands": [
      {
        "code": "Lifeway",
        "desc": "Lifeway"
      }
    ],
    "price": {
      "basePrice": 3.69,
      "discountPrice": 3.69
    },
    "type": {
      "code": "Yogurt",
      "desc": "Yogurt"
    },
    "weight": "32 fl oz",
    "UpcCode": "",
    "tax": 0.0,
    "spiceLevel": "",
    "aiselNo": "1",
    "store": "Market Basket",
    "weightType": "32 fl oz",
    "imageName": "14711.jpg",
    "defaultImage": "14711.jpg",
    "updatedTimestamp": "Jan 23, 2021 8:02:30 PM",
    "createdTimestamp": "Jan 23, 2021 8:02:30 PM",
    "isNewlyAdded": false,
    "isActive": true,
    "isDealsEnabled": false,
    "quantity": 0
  },
  {
    "id": 9325,
    "code": "Van's Natural Foods Simply Delicious Gluten Free Waffles, Totally Original",
    "desc": "Van's Natural Foods Simply Delicious Gluten Free Waffles, Totally Original",
    "shortDesc": "Van's Natural Foods Simply Delicious Gluten Free Waffles, Totally Original",
    "tags": [
      "Frozen Breakfast"
    ],
    "categories": [
      {
        "code": "Frozen Food",
        "desc": "Frozen Food"
      }
    ],
    "subCategories": [
      {
        "code": "Frozen Breakfast",
        "desc": "Frozen Breakfast"
      }
    ],
    "brands": [
      {
        "code": "Van's Natural Foods",
        "desc": "Van's Natural Foods"
      }
    ],
    "price": {
      "basePrice": 3.09,
      "discountPrice": 3.09
    },
    "type": {
      "code": "Frozen Breakfast",
      "desc": "Frozen Breakfast"
    },
    "weight": "6 count",
    "UpcCode": "",
    "tax": 0.0,
    "spiceLevel": "",
    "aiselNo": "19",
    "store": "Market Basket",
    "weightType": "6 count",
    "imageName": "15779.jpg",
    "defaultImage": "15779.jpg",
    "updatedTimestamp": "Jan 23, 2021 8:02:30 PM",
    "createdTimestamp": "Jan 23, 2021 8:02:30 PM",
    "isNewlyAdded": false,
    "isActive": true,
    "isDealsEnabled": false,
    "quantity": 0
  },
  {
    "id": 4713,
    "code": "Carando Spiral Cut Half Ham",
    "desc": "Carando Spiral Cut Half Ham",
    "shortDesc": "Carando Spiral Cut Half Ham",
    "tags": [
      "Ham"
    ],
    "categories": [
      {
        "code": "Meat & Seafood",
        "desc": "Meat & Seafood"
      }
    ],
    "subCategories": [
      {
        "code": "Frozen Meat & Seafood",
        "desc": "Frozen Meat & Seafood"
      }
    ],
    "brands": [
      {
        "code": "Carando",
        "desc": "Carando"
      }
    ],
    "price": {
      "basePrice": 36.95,
      "discountPrice": 36.95
    },
    "type": {
      "code": "Ham",
      "desc": "Ham"
    },
    "weight": "Approx: 5.00 lb at $7.39/lb",
    "UpcCode": "",
    "tax": 0.0,
    "spiceLevel": "",
    "aiselNo": "18",
    "store": "Market Basket",
    "weightType": "Approx: 5.00 lb at $7.39/lb",
    "imageName": "No Image.jpg",
    "defaultImage": "No Image.jpg",
    "updatedTimestamp": "Jan 23, 2021 8:02:30 PM",
    "createdTimestamp": "Jan 23, 2021 8:02:30 PM",
    "isNewlyAdded": false,
    "isActive": true,
    "isDealsEnabled": false,
    "quantity": 0
  },
  {
    "id": 7364,
    "code": "Mrs. Dash Mrs. Dash Salt Free Seasoning Blend Original Blend",
    "desc": "Mrs. Dash Mrs. Dash Salt Free Seasoning Blend Original Blend",
    "shortDesc": "Mrs. Dash Mrs. Dash Salt Free Seasoning Blend Original Blend",
    "tags": [
      "Spices & Seasonings"
    ],
    "categories": [
      {
        "code": "Cooking Needs",
        "desc": "Cooking Needs"
      }
    ],
    "subCategories": [
      {
        "code": "Spices & Seasonings",
        "desc": "Spices & Seasonings"
      }
    ],
    "brands": [
      {
        "code": "Mrs. Dash",
        "desc": "Mrs. Dash"
      }
    ],
    "price": {
      "basePrice": 3.69,
      "discountPrice": 3.69
    },
    "type": {
      "code": "Spices & Seasonings",
      "desc": "Spices & Seasonings"
    },
    "weight": "2.5 oz",
    "UpcCode": "",
    "tax": 0.0,
    "spiceLevel": "",
    "aiselNo": "9",
    "store": "Market Basket",
    "weightType": "2.5 oz",
    "imageName": "15644.jpg",
    "defaultImage": "15644.jpg",
    "updatedTimestamp": "Jan 23, 2021 8:02:30 PM",
    "createdTimestamp": "Jan 23, 2021 8:02:30 PM",
    "isNewlyAdded": false,
    "isActive": true,
    "isDealsEnabled": false,
    "quantity": 0
  },
  {
    "id": 8815,
    "code": "Fresh Gourmet Tortilla Strips Lightly Salted",
    "desc": "Fresh Gourmet Tortilla Strips Lightly Salted",
    "shortDesc": "Fresh Gourmet Tortilla Strips Lightly Salted",
    "tags": [
      "Salad Dressing & Toppings"
    ],
    "categories": [
      {
        "code": "Condiments & Dressings",
        "desc": "Condiments & Dressings"
      }
    ],
    "subCategories": [
      {
        "code": "Salad Dressings & Toppings",
        "desc": "Salad Dressings & Toppings"
      }
    ],
    "brands": [
      {
        "code": "Fresh Gourmet Classic",
        "desc": "Fresh Gourmet Classic"
      }
    ],
    "price": {
      "basePrice": 1.89,
      "discountPrice": 1.89
    },
    "type": {
      "code": "Salad Dressing & Toppings",
      "desc": "Salad Dressing & Toppings"
    },
    "weight": "3.5 oz",
    "UpcCode": "",
    "tax": 0.0,
    "spiceLevel": "",
    "aiselNo": "2",
    "store": "Market Basket",
    "weightType": "3.5 oz",
    "imageName": "15433.jpg",
    "defaultImage": "15433.jpg",
    "updatedTimestamp": "Jan 23, 2021 8:02:30 PM",
    "createdTimestamp": "Jan 23, 2021 8:02:30 PM",
    "isNewlyAdded": false,
    "isActive": true,
    "isDealsEnabled": false,
    "quantity": 0
  },
  {
    "id": 13898,
    "code": "Pacific Ultra Soy Original",
    "desc": "Pacific Ultra Soy Original",
    "shortDesc": "Pacific Ultra Soy Original",
    "tags": [
      "Soy & Lactose-Free"
    ],
    "categories": [
      {
        "code": "Breakfast & Dairy",
        "desc": "Breakfast & Dairy"
      }
    ],
    "subCategories": [
      {
        "code": "Dairy & Eggs",
        "desc": "Dairy & Eggs"
      }
    ],
    "brands": [
      {
        "code": "Pacific",
        "desc": "Pacific"
      }
    ],
    "price": {
      "basePrice": 3.69,
      "discountPrice": 3.69
    },
    "type": {
      "code": "Soy & Lactose-Free",
      "desc": "Soy & Lactose-Free"
    },
    "weight": "32 fl oz",
    "UpcCode": "",
    "tax": 0.0,
    "spiceLevel": "",
    "aiselNo": "1",
    "store": "Market Basket",
    "weightType": "32 fl oz",
    "imageName": "784.jpg",
    "defaultImage": "784.jpg",
    "updatedTimestamp": "Jan 23, 2021 8:02:30 PM",
    "createdTimestamp": "Jan 23, 2021 8:02:30 PM",
    "isNewlyAdded": false,
    "isActive": true,
    "isDealsEnabled": false,
    "quantity": 0
  },
  {
    "id": 13843,
    "code": "Royal Pudding & Pie Filling Chocolate",
    "desc": "Royal Pudding & Pie Filling Chocolate",
    "shortDesc": "Royal Pudding & Pie Filling Chocolate",
    "tags": [
      "Refrigerated Pudding & Desserts"
    ],
    "categories": [
      {
        "code": "Breakfast & Dairy",
        "desc": "Breakfast & Dairy"
      }
    ],
    "subCategories": [
      {
        "code": "Dairy & Eggs",
        "desc": "Dairy & Eggs"
      }
    ],
    "brands": [
      {
        "code": "Royal",
        "desc": "Royal"
      }
    ],
    "price": {
      "basePrice": 1.09,
      "discountPrice": 1.09
    },
    "type": {
      "code": "Refrigerated Pudding & Desserts",
      "desc": "Refrigerated Pudding & Desserts"
    },
    "weight": "3.125 oz",
    "UpcCode": "",
    "tax": 0.0,
    "spiceLevel": "",
    "aiselNo": "19",
    "store": "Market Basket",
    "weightType": "3.125 oz",
    "imageName": "834.jpg",
    "defaultImage": "834.jpg",
    "updatedTimestamp": "Jan 23, 2021 8:02:30 PM",
    "createdTimestamp": "Jan 23, 2021 8:02:30 PM",
    "isNewlyAdded": false,
    "isActive": true,
    "isDealsEnabled": false,
    "quantity": 0
  },
  {
    "id": 5041,
    "code": "Dare Cookies Lemon Creme",
    "desc": "Dare Cookies Lemon Creme",
    "shortDesc": "Dare Cookies Lemon Creme",
    "tags": [
      "Cookies & Cakes"
    ],
    "categories": [
      {
        "code": "Chips, Cookies & Snacks",
        "desc": "Chips, Cookies & Snacks"
      }
    ],
    "subCategories": [
      {
        "code": "Cookies & Crackers",
        "desc": "Cookies & Crackers"
      }
    ],
    "brands": [
      {
        "code": "Dare",
        "desc": "Dare"
      }
    ],
    "price": {
      "basePrice": 3.91,
      "discountPrice": 3.91
    },
    "type": {
      "code": "Cookies & Cakes",
      "desc": "Cookies & Cakes"
    },
    "weight": "10.2 oz",
    "UpcCode": "",
    "tax": 0.0,
    "spiceLevel": "",
    "aiselNo": "6",
    "store": "Market Basket",
    "weightType": "10.2 oz",
    "imageName": "15094.jpg",
    "defaultImage": "15094.jpg",
    "updatedTimestamp": "Jan 23, 2021 8:02:30 PM",
    "createdTimestamp": "Jan 23, 2021 8:02:30 PM",
    "isNewlyAdded": false,
    "isActive": true,
    "isDealsEnabled": false,
    "quantity": 0
  },
  {
    "id": 7615,
    "code": "Del Monte Fruit Naturals Red Grapefruit",
    "desc": "Del Monte Fruit Naturals Red Grapefruit",
    "shortDesc": "Del Monte Fruit Naturals Red Grapefruit",
    "tags": [
      "Canned Fruit & Applesauce"
    ],
    "categories": [
      {
        "code": "Cooking Needs",
        "desc": "Cooking Needs"
      }
    ],
    "subCategories": [
      {
        "code": "Canned Food",
        "desc": "Canned Food"
      }
    ],
    "brands": [
      {
        "code": "Del Monte",
        "desc": "Del Monte"
      }
    ],
    "price": {
      "basePrice": 1.59,
      "discountPrice": 1.59
    },
    "type": {
      "code": "Canned Fruit & Applesauce",
      "desc": "Canned Fruit & Applesauce"
    },
    "weight": "7 oz",
    "UpcCode": "",
    "tax": 0.0,
    "spiceLevel": "",
    "aiselNo": "3",
    "store": "Market Basket",
    "weightType": "7 oz",
    "imageName": "No Image.jpg",
    "defaultImage": "No Image.jpg",
    "updatedTimestamp": "Jan 23, 2021 8:02:30 PM",
    "createdTimestamp": "Jan 23, 2021 8:02:30 PM",
    "isNewlyAdded": false,
    "isActive": true,
    "isDealsEnabled": false,
    "quantity": 0
  },
  {
    "id": 5091,
    "code": "Nabisco Nutter Butter 18 Packs 2 Cookies Per Pack",
    "desc": "Nabisco Nutter Butter 18 Packs 2 Cookies Per Pack",
    "shortDesc": "Nabisco Nutter Butter 18 Packs 2 Cookies Per Pack",
    "tags": [
      "Cookies & Cakes"
    ],
    "categories": [
      {
        "code": "Chips, Cookies & Snacks",
        "desc": "Chips, Cookies & Snacks"
      }
    ],
    "subCategories": [
      {
        "code": "Cookies & Crackers",
        "desc": "Cookies & Crackers"
      }
    ],
    "brands": [
      {
        "code": "Nabisco",
        "desc": "Nabisco"
      }
    ],
    "price": {
      "basePrice": 6.23,
      "discountPrice": 6.23
    },
    "type": {
      "code": "Cookies & Cakes",
      "desc": "Cookies & Cakes"
    },
    "weight": "15.75 oz",
    "UpcCode": "",
    "tax": 0.0,
    "spiceLevel": "",
    "aiselNo": "6",
    "store": "Market Basket",
    "weightType": "15.75 oz",
    "imageName": "No Image.jpg",
    "defaultImage": "No Image.jpg",
    "updatedTimestamp": "Jan 23, 2021 8:02:30 PM",
    "createdTimestamp": "Jan 23, 2021 8:02:30 PM",
    "isNewlyAdded": false,
    "isActive": true,
    "isDealsEnabled": false,
    "quantity": 0
  },
  {
    "id": 8017,
    "code": "Kitchen Basics All Natural Original Beef Stock",
    "desc": "Kitchen Basics All Natural Original Beef Stock",
    "shortDesc": "Kitchen Basics All Natural Original Beef Stock",
    "tags": [
      "Soup, Broth & Bouillon"
    ],
    "categories": [
      {
        "code": "Cooking Needs",
        "desc": "Cooking Needs"
      }
    ],
    "subCategories": [
      {
        "code": "Canned Food",
        "desc": "Canned Food"
      }
    ],
    "brands": [
      {
        "code": "Kitchen Basics",
        "desc": "Kitchen Basics"
      }
    ],
    "price": {
      "basePrice": 3.09,
      "discountPrice": 3.09
    },
    "type": {
      "code": "Soup, Broth & Bouillon",
      "desc": "Soup, Broth & Bouillon"
    },
    "weight": "32 fl oz",
    "UpcCode": "",
    "tax": 0.0,
    "spiceLevel": "",
    "aiselNo": "2",
    "store": "Market Basket",
    "weightType": "32 fl oz",
    "imageName": "17225.jpg",
    "defaultImage": "17225.jpg",
    "updatedTimestamp": "Jan 23, 2021 8:02:30 PM",
    "createdTimestamp": "Jan 23, 2021 8:02:30 PM",
    "isNewlyAdded": false,
    "isActive": true,
    "isDealsEnabled": false,
    "quantity": 0
  },
  {
    "id": 13816,
    "code": "Zune Colombian Style Cheese",
    "desc": "Zune Colombian Style Cheese",
    "shortDesc": "Zune Colombian Style Cheese",
    "tags": [
      "Packaged Cheese"
    ],
    "categories": [
      {
        "code": "Breakfast & Dairy",
        "desc": "Breakfast & Dairy"
      }
    ],
    "subCategories": [
      {
        "code": "Dairy & Eggs",
        "desc": "Dairy & Eggs"
      }
    ],
    "brands": [
      {
        "code": "Zune",
        "desc": "Zune"
      }
    ],
    "price": {
      "basePrice": 6.69,
      "discountPrice": 6.69
    },
    "type": {
      "code": "Packaged Cheese",
      "desc": "Packaged Cheese"
    },
    "weight": "12 oz",
    "UpcCode": "",
    "tax": 0.0,
    "spiceLevel": "",
    "aiselNo": "1",
    "store": "Market Basket",
    "weightType": "12 oz",
    "imageName": "Market Basket.jpg",
    "defaultImage": "Market Basket.jpg",
    "updatedTimestamp": "Jan 23, 2021 8:02:30 PM",
    "createdTimestamp": "Jan 23, 2021 8:02:30 PM",
    "isNewlyAdded": false,
    "isActive": true,
    "isDealsEnabled": false,
    "quantity": 0
  },
  {
    "id": 13691,
    "code": "Great Lakes Cheese Crumbled Blue Cheese",
    "desc": "Great Lakes Cheese Crumbled Blue Cheese",
    "shortDesc": "Great Lakes Cheese Crumbled Blue Cheese",
    "tags": [
      "Packaged Cheese"
    ],
    "categories": [
      {
        "code": "Breakfast & Dairy",
        "desc": "Breakfast & Dairy"
      }
    ],
    "subCategories": [
      {
        "code": "Dairy & Eggs",
        "desc": "Dairy & Eggs"
      }
    ],
    "brands": [
      {
        "code": "Great Lakes",
        "desc": "Great Lakes"
      }
    ],
    "price": {
      "basePrice": 1.89,
      "discountPrice": 1.89
    },
    "type": {
      "code": "Packaged Cheese",
      "desc": "Packaged Cheese"
    },
    "weight": "4 oz",
    "UpcCode": "",
    "tax": 0.0,
    "spiceLevel": "",
    "aiselNo": "1",
    "store": "Market Basket",
    "weightType": "4 oz",
    "imageName": "14608.jpg",
    "defaultImage": "14608.jpg",
    "updatedTimestamp": "Jan 23, 2021 8:02:30 PM",
    "createdTimestamp": "Jan 23, 2021 8:02:30 PM",
    "isNewlyAdded": false,
    "isActive": true,
    "isDealsEnabled": false,
    "quantity": 0
  },
  {
    "id": 8287,
    "code": "Cedar Hommus, Organic, Garlic",
    "desc": "Cedar Hommus, Organic, Garlic",
    "shortDesc": "Cedar Hommus, Organic, Garlic",
    "tags": [
      "Hommus"
    ],
    "categories": [
      {
        "code": "Condiments & Dressings",
        "desc": "Condiments & Dressings"
      }
    ],
    "subCategories": [
      {
        "code": "Fresh Dips & Tapenades",
        "desc": "Fresh Dips & Tapenades"
      }
    ],
    "brands": [
      {
        "code": "Cedar",
        "desc": "Cedar"
      }
    ],
    "price": {
      "basePrice": 4.89,
      "discountPrice": 4.89
    },
    "type": {
      "code": "Hommus",
      "desc": "Hommus"
    },
    "weight": "8 oz",
    "UpcCode": "",
    "tax": 0.0,
    "spiceLevel": "",
    "aiselNo": "1",
    "store": "Market Basket",
    "weightType": "8 oz",
    "imageName": "5515.jpg",
    "defaultImage": "5515.jpg",
    "updatedTimestamp": "Jan 23, 2021 8:02:30 PM",
    "createdTimestamp": "Jan 23, 2021 8:02:30 PM",
    "isNewlyAdded": false,
    "isActive": true,
    "isDealsEnabled": false,
    "quantity": 0
  },
  {
    "id": 13031,
    "code": "Hannaford Apple Dapples Cereal",
    "desc": "Hannaford Apple Dapples Cereal",
    "shortDesc": "Hannaford Apple Dapples Cereal",
    "tags": [
      "Cereal"
    ],
    "categories": [
      {
        "code": "Breakfast & Dairy",
        "desc": "Breakfast & Dairy"
      }
    ],
    "subCategories": [
      {
        "code": "Cereal",
        "desc": "Cereal"
      }
    ],
    "brands": [
      {
        "code": "Hannaford",
        "desc": "Hannaford"
      }
    ],
    "price": {
      "basePrice": 3.69,
      "discountPrice": 3.69
    },
    "type": {
      "code": "Cereal",
      "desc": "Cereal"
    },
    "weight": "1.5 oz",
    "UpcCode": "",
    "tax": 0.0,
    "spiceLevel": "",
    "aiselNo": "5",
    "store": "Market Basket",
    "weightType": "1.5 oz",
    "imageName": "No Image.jpg",
    "defaultImage": "No Image.jpg",
    "updatedTimestamp": "Jan 23, 2021 8:02:30 PM",
    "createdTimestamp": "Jan 23, 2021 8:02:30 PM",
    "isNewlyAdded": false,
    "isActive": true,
    "isDealsEnabled": false,
    "quantity": 0
  },
  {
    "id": 4855,
    "code": "Frito Lay's Classic Mix Party Size 28 Pack",
    "desc": "Frito Lay's Classic Mix Party Size 28 Pack",
    "shortDesc": "Frito Lay's Classic Mix Party Size 28 Pack",
    "tags": [
      "Chips & Pretzels"
    ],
    "categories": [
      {
        "code": "Chips, Cookies & Snacks",
        "desc": "Chips, Cookies & Snacks"
      }
    ],
    "subCategories": [
      {
        "code": "Chips & Fruit Snacks",
        "desc": "Chips & Fruit Snacks"
      }
    ],
    "brands": [
      {
        "code": "Frito Lay's",
        "desc": "Frito Lay's"
      }
    ],
    "price": {
      "basePrice": 17.17,
      "discountPrice": 17.17
    },
    "type": {
      "code": "Chips & Pretzels",
      "desc": "Chips & Pretzels"
    },
    "weight": "28 x 1 oz",
    "UpcCode": "",
    "tax": 0.0,
    "spiceLevel": "",
    "aiselNo": "0",
    "store": "Market Basket",
    "weightType": "28 x 1 oz",
    "imageName": "No Image.jpg",
    "defaultImage": "No Image.jpg",
    "updatedTimestamp": "Jan 23, 2021 8:02:30 PM",
    "createdTimestamp": "Jan 23, 2021 8:02:30 PM",
    "isNewlyAdded": false,
    "isActive": true,
    "isDealsEnabled": false,
    "quantity": 0
  },
  {
    "id": 10076,
    "code": "Haagen dazs Strawberry Ice Cream",
    "desc": "Haagen dazs Strawberry Ice Cream",
    "shortDesc": "Haagen dazs Strawberry Ice Cream",
    "tags": [
      "Ice Cream & Ice"
    ],
    "categories": [
      {
        "code": "Frozen Food",
        "desc": "Frozen Food"
      }
    ],
    "subCategories": [
      {
        "code": "Ice Cream & Ice",
        "desc": "Ice Cream & Ice"
      }
    ],
    "brands": [
      {
        "code": "Haagen-dazs",
        "desc": "Haagen-dazs"
      }
    ],
    "price": {
      "basePrice": 1.29,
      "discountPrice": 1.29
    },
    "type": {
      "code": "Ice Cream & Ice",
      "desc": "Ice Cream & Ice"
    },
    "weight": "3.6 fl oz",
    "UpcCode": "",
    "tax": 0.0,
    "spiceLevel": "",
    "aiselNo": "21",
    "store": "Market Basket",
    "weightType": "3.6 fl oz",
    "imageName": "3068.jpg",
    "defaultImage": "3068.jpg",
    "updatedTimestamp": "Jan 23, 2021 8:02:30 PM",
    "createdTimestamp": "Jan 23, 2021 8:02:30 PM",
    "isNewlyAdded": false,
    "isActive": true,
    "isDealsEnabled": false,
    "quantity": 0
  },
  {
    "id": 15079,
    "code": "Re Nu Rewetting Drops",
    "desc": "Re Nu Rewetting Drops",
    "shortDesc": "Re Nu Rewetting Drops",
    "tags": [
      "Eye & Ear Care"
    ],
    "categories": [
      {
        "code": "Personal Care",
        "desc": "Personal Care"
      }
    ],
    "subCategories": [
      {
        "code": "Personal Needs",
        "desc": "Personal Needs"
      }
    ],
    "brands": [
      {
        "code": "Re Nu",
        "desc": "Re Nu"
      }
    ],
    "price": {
      "basePrice": 9.19,
      "discountPrice": 9.19
    },
    "type": {
      "code": "Eye & Ear Care",
      "desc": "Eye & Ear Care"
    },
    "weight": "0.5 oz",
    "UpcCode": "",
    "tax": 1.0,
    "spiceLevel": "",
    "aiselNo": "13",
    "store": "Market Basket",
    "weightType": "0.5 oz",
    "imageName": "17799.jpg",
    "defaultImage": "17799.jpg",
    "updatedTimestamp": "Jan 23, 2021 8:02:30 PM",
    "createdTimestamp": "Jan 23, 2021 8:02:30 PM",
    "isNewlyAdded": false,
    "isActive": true,
    "isDealsEnabled": false,
    "quantity": 0
  },
  {
    "id": 15124,
    "code": "Pond's Original Fresh Towelette",
    "desc": "Pond's Original Fresh Towelette",
    "shortDesc": "Pond's Original Fresh Towelette",
    "tags": [
      "Facial Care"
    ],
    "categories": [
      {
        "code": "Personal Care",
        "desc": "Personal Care"
      }
    ],
    "subCategories": [
      {
        "code": "Personal Needs",
        "desc": "Personal Needs"
      }
    ],
    "brands": [
      {
        "code": "Pond's",
        "desc": "Pond's"
      }
    ],
    "price": {
      "basePrice": 7.58,
      "discountPrice": 7.58
    },
    "type": {
      "code": "Facial Care",
      "desc": "Facial Care"
    },
    "weight": "30 count",
    "UpcCode": "",
    "tax": 1.0,
    "spiceLevel": "",
    "aiselNo": "13",
    "store": "Market Basket",
    "weightType": "30 count",
    "imageName": "18113.jpg",
    "defaultImage": "18113.jpg",
    "updatedTimestamp": "Jan 23, 2021 8:02:30 PM",
    "createdTimestamp": "Jan 23, 2021 8:02:30 PM",
    "isNewlyAdded": false,
    "isActive": true,
    "isDealsEnabled": false,
    "quantity": 0
  },
  {
    "id": 10112,
    "code": "Kemps Chocolate Chip Cookie Dough Frozen Yogurt",
    "desc": "Kemps Chocolate Chip Cookie Dough Frozen Yogurt",
    "shortDesc": "Kemps Chocolate Chip Cookie Dough Frozen Yogurt",
    "tags": [
      "Ice Cream & Ice"
    ],
    "categories": [
      {
        "code": "Frozen Food",
        "desc": "Frozen Food"
      }
    ],
    "subCategories": [
      {
        "code": "Ice Cream & Ice",
        "desc": "Ice Cream & Ice"
      }
    ],
    "brands": [
      {
        "code": "Kemps",
        "desc": "Kemps"
      }
    ],
    "price": {
      "basePrice": 3.69,
      "discountPrice": 3.69
    },
    "type": {
      "code": "Ice Cream & Ice",
      "desc": "Ice Cream & Ice"
    },
    "weight": "1.5 quart",
    "UpcCode": "",
    "tax": 0.0,
    "spiceLevel": "",
    "aiselNo": "21",
    "store": "Market Basket",
    "weightType": "1.5 quart",
    "imageName": "16111.jpg",
    "defaultImage": "16111.jpg",
    "updatedTimestamp": "Jan 23, 2021 8:02:30 PM",
    "createdTimestamp": "Jan 23, 2021 8:02:30 PM",
    "isNewlyAdded": false,
    "isActive": true,
    "isDealsEnabled": false,
    "quantity": 0
  },
  {
    "id": 188,
    "code": "Tarn-x Tarnish Remover",
    "desc": "Tarn-x Tarnish Remover",
    "shortDesc": "Tarn-x Tarnish Remover",
    "tags": [
      "Other Cleaning Products"
    ],
    "categories": [
      {
        "code": "Kitchen & Cleaning",
        "desc": "Kitchen & Cleaning"
      }
    ],
    "subCategories": [
      {
        "code": "Cleaning Products",
        "desc": "Cleaning Products"
      }
    ],
    "brands": [
      {
        "code": "Tarn-x",
        "desc": "Tarn-x"
      }
    ],
    "price": {
      "basePrice": 5.89,
      "discountPrice": 5.89
    },
    "type": {
      "code": "Other Cleaning Products",
      "desc": "Other Cleaning Products"
    },
    "weight": "12 fl oz",
    "UpcCode": "",
    "tax": 1.0,
    "spiceLevel": "",
    "aiselNo": "15",
    "store": "Market Basket",
    "weightType": "12 fl oz",
    "imageName": "16758.jpg",
    "defaultImage": "16758.jpg",
    "updatedTimestamp": "Jan 23, 2021 8:02:30 PM",
    "createdTimestamp": "Jan 23, 2021 8:02:30 PM",
    "isNewlyAdded": false,
    "isActive": true,
    "isDealsEnabled": false,
    "quantity": 0
  },
  {
    "id": 8819,
    "code": "Good Seasons Italian Salad Dressing & Recipe Mix",
    "desc": "Good Seasons Italian Salad Dressing & Recipe Mix",
    "shortDesc": "Good Seasons Italian Salad Dressing & Recipe Mix",
    "tags": [
      "Salad Dressing & Toppings"
    ],
    "categories": [
      {
        "code": "Condiments & Dressings",
        "desc": "Condiments & Dressings"
      }
    ],
    "subCategories": [
      {
        "code": "Salad Dressings & Toppings",
        "desc": "Salad Dressings & Toppings"
      }
    ],
    "brands": [
      {
        "code": "Good Seasons",
        "desc": "Good Seasons"
      }
    ],
    "price": {
      "basePrice": 0.59,
      "discountPrice": 0.59
    },
    "type": {
      "code": "Salad Dressing & Toppings",
      "desc": "Salad Dressing & Toppings"
    },
    "weight": "0.7 oz",
    "UpcCode": "",
    "tax": 0.0,
    "spiceLevel": "",
    "aiselNo": "2",
    "store": "Market Basket",
    "weightType": "0.7 oz",
    "imageName": "15448.jpg",
    "defaultImage": "15448.jpg",
    "updatedTimestamp": "Jan 23, 2021 8:02:30 PM",
    "createdTimestamp": "Jan 23, 2021 8:02:30 PM",
    "isNewlyAdded": false,
    "isActive": true,
    "isDealsEnabled": false,
    "quantity": 0
  },
  {
    "id": 6012,
    "code": "Mountain Dew Kickstart Energizing Orange Citrus Soda",
    "desc": "Mountain Dew Kickstart Energizing Orange Citrus Soda",
    "shortDesc": "Mountain Dew Kickstart Energizing Orange Citrus Soda",
    "tags": [
      "Energy & Sports Drinks"
    ],
    "categories": [
      {
        "code": "Beverages & Juices",
        "desc": "Beverages & Juices"
      }
    ],
    "subCategories": [
      {
        "code": "Energy & Sports Drinks",
        "desc": "Energy & Sports Drinks"
      }
    ],
    "brands": [
      {
        "code": "Mountain Dew",
        "desc": "Mountain Dew"
      }
    ],
    "price": {
      "basePrice": 2.49,
      "discountPrice": 2.49
    },
    "type": {
      "code": "Energy & Sports Drinks",
      "desc": "Energy & Sports Drinks"
    },
    "weight": "16 fl oz",
    "UpcCode": "",
    "tax": 0.0,
    "spiceLevel": "",
    "aiselNo": "17",
    "store": "Market Basket",
    "weightType": "16 fl oz",
    "imageName": "3785.jpg",
    "defaultImage": "3785.jpg",
    "updatedTimestamp": "Jan 23, 2021 8:02:29 PM",
    "createdTimestamp": "Jan 23, 2021 8:02:29 PM",
    "isNewlyAdded": false,
    "isActive": true,
    "isDealsEnabled": false,
    "quantity": 0
  },
  {
    "id": 5060,
    "code": "Keebler Whoopsy Fudge Stripes Fullt Fudged",
    "desc": "Keebler Whoopsy Fudge Stripes Fullt Fudged",
    "shortDesc": "Keebler Whoopsy Fudge Stripes Fullt Fudged",
    "tags": [
      "Cookies & Cakes"
    ],
    "categories": [
      {
        "code": "Chips, Cookies & Snacks",
        "desc": "Chips, Cookies & Snacks"
      }
    ],
    "subCategories": [
      {
        "code": "Cookies & Crackers",
        "desc": "Cookies & Crackers"
      }
    ],
    "brands": [
      {
        "code": "Keebler",
        "desc": "Keebler"
      }
    ],
    "price": {
      "basePrice": 3.91,
      "discountPrice": 3.91
    },
    "type": {
      "code": "Cookies & Cakes",
      "desc": "Cookies & Cakes"
    },
    "weight": "11.5 oz",
    "UpcCode": "",
    "tax": 0.0,
    "spiceLevel": "",
    "aiselNo": "6",
    "store": "Market Basket",
    "weightType": "11.5 oz",
    "imageName": "No Image.jpg",
    "defaultImage": "No Image.jpg",
    "updatedTimestamp": "Jan 23, 2021 8:02:30 PM",
    "createdTimestamp": "Jan 23, 2021 8:02:30 PM",
    "isNewlyAdded": false,
    "isActive": true,
    "isDealsEnabled": false,
    "quantity": 0
  },
  {
    "id": 592,
    "code": "Final Touch Fabric Softener plus conditioner Spring Fresh 36 Loads",
    "desc": "Final Touch Fabric Softener plus conditioner Spring Fresh 36 Loads",
    "shortDesc": "Final Touch Fabric Softener plus conditioner Spring Fresh 36 Loads",
    "tags": [
      "Fabric Softener"
    ],
    "categories": [
      {
        "code": "Laundry & Paper Goods",
        "desc": "Laundry & Paper Goods"
      }
    ],
    "subCategories": [
      {
        "code": "Laundry",
        "desc": "Laundry"
      }
    ],
    "brands": [
      {
        "code": "Final Touch",
        "desc": "Final Touch"
      }
    ],
    "price": {
      "basePrice": 2.74,
      "discountPrice": 2.74
    },
    "type": {
      "code": "Fabric Softener",
      "desc": "Fabric Softener"
    },
    "weight": "72 fl oz",
    "UpcCode": "",
    "tax": 1.0,
    "spiceLevel": "",
    "aiselNo": "15",
    "store": "Market Basket",
    "weightType": "72 fl oz",
    "imageName": "No Image.jpg",
    "defaultImage": "No Image.jpg",
    "updatedTimestamp": "Jan 23, 2021 8:02:30 PM",
    "createdTimestamp": "Jan 23, 2021 8:02:30 PM",
    "isNewlyAdded": false,
    "isActive": true,
    "isDealsEnabled": false,
    "quantity": 0
  },
  {
    "id": 4982,
    "code": "Utz Kettle Classics Sweet Potato Crunchy Potato Chips",
    "desc": "Utz Kettle Classics Sweet Potato Crunchy Potato Chips",
    "shortDesc": "Utz Kettle Classics Sweet Potato Crunchy Potato Chips",
    "tags": [
      "Chips & Pretzels"
    ],
    "categories": [
      {
        "code": "Chips, Cookies & Snacks",
        "desc": "Chips, Cookies & Snacks"
      }
    ],
    "subCategories": [
      {
        "code": "Chips & Fruit Snacks",
        "desc": "Chips & Fruit Snacks"
      }
    ],
    "brands": [
      {
        "code": "Utz",
        "desc": "Utz"
      }
    ],
    "price": {
      "basePrice": 4.69,
      "discountPrice": 4.69
    },
    "type": {
      "code": "Chips & Pretzels",
      "desc": "Chips & Pretzels"
    },
    "weight": "7.5 oz",
    "UpcCode": "",
    "tax": 0.0,
    "spiceLevel": "",
    "aiselNo": "0",
    "store": "Market Basket",
    "weightType": "7.5 oz",
    "imageName": "858.jpg",
    "defaultImage": "858.jpg",
    "updatedTimestamp": "Jan 23, 2021 8:02:30 PM",
    "createdTimestamp": "Jan 23, 2021 8:02:30 PM",
    "isNewlyAdded": false,
    "isActive": true,
    "isDealsEnabled": false,
    "quantity": 0
  },
  {
    "id": 8582,
    "code": "Vermont Village Apple Cider Vinegar Raw & Organic",
    "desc": "Vermont Village Apple Cider Vinegar Raw & Organic",
    "shortDesc": "Vermont Village Apple Cider Vinegar Raw & Organic",
    "tags": [
      "Oils & Vinegars"
    ],
    "categories": [
      {
        "code": "Cooking Needs",
        "desc": "Cooking Needs"
      }
    ],
    "subCategories": [
      {
        "code": "Oils & Vinegars",
        "desc": "Oils & Vinegars"
      }
    ],
    "brands": [
      {
        "code": "Vermont Village",
        "desc": "Vermont Village"
      }
    ],
    "price": {
      "basePrice": 6.09,
      "discountPrice": 6.09
    },
    "type": {
      "code": "Oils & Vinegars",
      "desc": "Oils & Vinegars"
    },
    "weight": "32 fl oz",
    "UpcCode": "",
    "tax": 0.0,
    "spiceLevel": "",
    "aiselNo": "2",
    "store": "Market Basket",
    "weightType": "32 fl oz",
    "imageName": "15511.jpg",
    "defaultImage": "15511.jpg",
    "updatedTimestamp": "Jan 23, 2021 8:02:30 PM",
    "createdTimestamp": "Jan 23, 2021 8:02:30 PM",
    "isNewlyAdded": false,
    "isActive": true,
    "isDealsEnabled": false,
    "quantity": 0
  },
  {
    "id": 7513,
    "code": "Market Basket Canned Mixed Vegetables",
    "desc": "Market Basket Canned Mixed Vegetables",
    "shortDesc": "Market Basket Canned Mixed Vegetables",
    "tags": [
      "Canned & Jarred Vegetables"
    ],
    "categories": [
      {
        "code": "Cooking Needs",
        "desc": "Cooking Needs"
      }
    ],
    "subCategories": [
      {
        "code": "Canned Food",
        "desc": "Canned Food"
      }
    ],
    "brands": [
      {
        "code": "Market Basket",
        "desc": "Market Basket"
      }
    ],
    "price": {
      "basePrice": 0.69,
      "discountPrice": 0.69
    },
    "type": {
      "code": "Canned & Jarred Vegetables",
      "desc": "Canned & Jarred Vegetables"
    },
    "weight": "8.5 oz",
    "UpcCode": "",
    "tax": 0.0,
    "spiceLevel": "",
    "aiselNo": "9",
    "store": "Market Basket",
    "weightType": "8.5 oz",
    "imageName": "Market Basket.jpg",
    "defaultImage": "Market Basket.jpg",
    "updatedTimestamp": "Jan 23, 2021 8:02:30 PM",
    "createdTimestamp": "Jan 23, 2021 8:02:30 PM",
    "isNewlyAdded": false,
    "isActive": true,
    "isDealsEnabled": false,
    "quantity": 0
  },
  {
    "id": 7526,
    "code": "Market Basket Sliced Carrots",
    "desc": "Market Basket Sliced Carrots",
    "shortDesc": "Market Basket Sliced Carrots",
    "tags": [
      "Canned & Jarred Vegetables"
    ],
    "categories": [
      {
        "code": "Cooking Needs",
        "desc": "Cooking Needs"
      }
    ],
    "subCategories": [
      {
        "code": "Canned Food",
        "desc": "Canned Food"
      }
    ],
    "brands": [
      {
        "code": "Market Basket",
        "desc": "Market Basket"
      }
    ],
    "price": {
      "basePrice": 0.99,
      "discountPrice": 0.99
    },
    "type": {
      "code": "Canned & Jarred Vegetables",
      "desc": "Canned & Jarred Vegetables"
    },
    "weight": "14.5 oz",
    "UpcCode": "",
    "tax": 0.0,
    "spiceLevel": "",
    "aiselNo": "9",
    "store": "Market Basket",
    "weightType": "14.5 oz",
    "imageName": "Market Basket.jpg",
    "defaultImage": "Market Basket.jpg",
    "updatedTimestamp": "Jan 23, 2021 8:02:30 PM",
    "createdTimestamp": "Jan 23, 2021 8:02:30 PM",
    "isNewlyAdded": false,
    "isActive": true,
    "isDealsEnabled": false,
    "quantity": 0
  },
  {
    "id": 6446,
    "code": "Market Basket Diet Soda",
    "desc": "Market Basket Diet Soda",
    "shortDesc": "Market Basket Diet Soda",
    "tags": [
      "Soft Drinks"
    ],
    "categories": [
      {
        "code": "Beverages & Juices",
        "desc": "Beverages & Juices"
      }
    ],
    "subCategories": [
      {
        "code": "Soft Drinks & Seltzers",
        "desc": "Soft Drinks & Seltzers"
      }
    ],
    "brands": [
      {
        "code": "Market Basket",
        "desc": "Market Basket"
      }
    ],
    "price": {
      "basePrice": 3.75,
      "discountPrice": 3.75
    },
    "type": {
      "code": "Soft Drinks",
      "desc": "Soft Drinks"
    },
    "weight": "12 x 12 fl oz",
    "UpcCode": "",
    "tax": 0.0,
    "spiceLevel": "",
    "aiselNo": "17",
    "store": "Market Basket",
    "weightType": "12 x 12 fl oz",
    "imageName": "Market Basket.jpg",
    "defaultImage": "Market Basket.jpg",
    "updatedTimestamp": "Jan 23, 2021 8:02:30 PM",
    "createdTimestamp": "Jan 23, 2021 8:02:30 PM",
    "isNewlyAdded": false,
    "isActive": true,
    "isDealsEnabled": false,
    "quantity": 0
  },
  {
    "id": 381,
    "code": "Reynolds Bakeware Disposable 12.75 in x 9 in x 1.84 in Carrier Kit",
    "desc": "Reynolds Bakeware Disposable 12.75 in x 9 in x 1.84 in Carrier Kit",
    "shortDesc": "Reynolds Bakeware Disposable 12.75 in x 9 in x 1.84 in Carrier Kit",
    "tags": [
      "Utensils & Kitchen Supplies"
    ],
    "categories": [
      {
        "code": "Kitchen & Cleaning",
        "desc": "Kitchen & Cleaning"
      }
    ],
    "subCategories": [
      {
        "code": "Food Storage & Kitchen Supplies",
        "desc": "Food Storage & Kitchen Supplies"
      }
    ],
    "brands": [
      {
        "code": "Reynolds",
        "desc": "Reynolds"
      }
    ],
    "price": {
      "basePrice": 4.89,
      "discountPrice": 4.89
    },
    "type": {
      "code": "Utensils & Kitchen Supplies",
      "desc": "Utensils & Kitchen Supplies"
    },
    "weight": "1 count",
    "UpcCode": "",
    "tax": 1.0,
    "spiceLevel": "",
    "aiselNo": "12",
    "store": "Market Basket",
    "weightType": "1 count",
    "imageName": "4483.jpg",
    "defaultImage": "4483.jpg",
    "updatedTimestamp": "Jan 23, 2021 8:02:30 PM",
    "createdTimestamp": "Jan 23, 2021 8:02:30 PM",
    "isNewlyAdded": false,
    "isActive": true,
    "isDealsEnabled": false,
    "quantity": 0
  },
  {
    "id": 7239,
    "code": "Litehouse Freeze Dried Spring Onion",
    "desc": "Litehouse Freeze Dried Spring Onion",
    "shortDesc": "Litehouse Freeze Dried Spring Onion",
    "tags": [
      "Spices & Seasonings"
    ],
    "categories": [
      {
        "code": "Cooking Needs",
        "desc": "Cooking Needs"
      }
    ],
    "subCategories": [
      {
        "code": "Spices & Seasonings",
        "desc": "Spices & Seasonings"
      }
    ],
    "brands": [
      {
        "code": "Litehouse",
        "desc": "Litehouse"
      }
    ],
    "price": {
      "basePrice": 4.09,
      "discountPrice": 4.09
    },
    "type": {
      "code": "Spices & Seasonings",
      "desc": "Spices & Seasonings"
    },
    "weight": "6 g",
    "UpcCode": "",
    "tax": 0.0,
    "spiceLevel": "",
    "aiselNo": "9",
    "store": "Market Basket",
    "weightType": "6 g",
    "imageName": "2283.jpg",
    "defaultImage": "2283.jpg",
    "updatedTimestamp": "Jan 23, 2021 8:02:30 PM",
    "createdTimestamp": "Jan 23, 2021 8:02:30 PM",
    "isNewlyAdded": false,
    "isActive": true,
    "isDealsEnabled": false,
    "quantity": 0
  },
  {
    "id": 15178,
    "code": "Colgate Total Whitening Toothpaste",
    "desc": "Colgate Total Whitening Toothpaste",
    "shortDesc": "Colgate Total Whitening Toothpaste",
    "tags": [
      "Oral Hygiene"
    ],
    "categories": [
      {
        "code": "Personal Care",
        "desc": "Personal Care"
      }
    ],
    "subCategories": [
      {
        "code": "Personal Needs",
        "desc": "Personal Needs"
      }
    ],
    "brands": [
      {
        "code": "Colgate",
        "desc": "Colgate"
      }
    ],
    "price": {
      "basePrice": 4.24,
      "discountPrice": 4.24
    },
    "type": {
      "code": "Oral Hygiene",
      "desc": "Oral Hygiene"
    },
    "weight": "6 oz",
    "UpcCode": "",
    "tax": 1.0,
    "spiceLevel": "",
    "aiselNo": "13",
    "store": "Market Basket",
    "weightType": "6 oz",
    "imageName": "6390.jpg",
    "defaultImage": "6390.jpg",
    "updatedTimestamp": "Jan 23, 2021 8:02:30 PM",
    "createdTimestamp": "Jan 23, 2021 8:02:30 PM",
    "isNewlyAdded": false,
    "isActive": true,
    "isDealsEnabled": false,
    "quantity": 0
  },
  {
    "id": 6588,
    "code": "Floridas Natural 100% PRIMIUM FLORIDA ORANGE JUICE PASTEURIZED NOT FROM CONCENTRATE / NON GMO",
    "desc": "Floridas Natural 100% PRIMIUM FLORIDA ORANGE JUICE PASTEURIZED NOT FROM CONCENTRATE / NON GMO",
    "shortDesc": "Floridas Natural 100% PRIMIUM FLORIDA ORANGE JUICE PASTEURIZED NOT FROM CONCENTRATE / NON GMO",
    "tags": [
      "Refrigerated Drinks"
    ],
    "categories": [
      {
        "code": "Beverages & Juices",
        "desc": "Beverages & Juices"
      }
    ],
    "subCategories": [
      {
        "code": "Juices & Refrigerated Drinks",
        "desc": "Juices & Refrigerated Drinks"
      }
    ],
    "brands": [],
    "price": {
      "basePrice": 3.74,
      "discountPrice": 3.74
    },
    "type": {
      "code": "Refrigerated Drinks",
      "desc": "Refrigerated Drinks"
    },
    "weight": "52 fl oz",
    "UpcCode": "",
    "tax": 0.0,
    "spiceLevel": "",
    "aiselNo": "1",
    "store": "Market Basket",
    "weightType": "52 fl oz",
    "imageName": "X265.jpg",
    "defaultImage": "X265.jpg",
    "updatedTimestamp": "Jan 23, 2021 8:02:29 PM",
    "createdTimestamp": "Jan 23, 2021 8:02:29 PM",
    "isNewlyAdded": false,
    "isActive": true,
    "isDealsEnabled": false,
    "quantity": 0
  },
  {
    "id": 6686,
    "code": "Vita Coco Cafe Latte Mocha",
    "desc": "Vita Coco Cafe Latte Mocha",
    "shortDesc": "Vita Coco Cafe Latte Mocha",
    "tags": [
      "Refrigerated Drinks"
    ],
    "categories": [
      {
        "code": "Beverages & Juices",
        "desc": "Beverages & Juices"
      }
    ],
    "subCategories": [
      {
        "code": "Juices & Refrigerated Drinks",
        "desc": "Juices & Refrigerated Drinks"
      }
    ],
    "brands": [
      {
        "code": "Vita",
        "desc": "Vita"
      }
    ],
    "price": {
      "basePrice": 3.09,
      "discountPrice": 3.09
    },
    "type": {
      "code": "Refrigerated Drinks",
      "desc": "Refrigerated Drinks"
    },
    "weight": "11.1 oz",
    "UpcCode": "",
    "tax": 0.0,
    "spiceLevel": "",
    "aiselNo": "7",
    "store": "Market Basket",
    "weightType": "11.1 oz",
    "imageName": "16555.jpg",
    "defaultImage": "16555.jpg",
    "updatedTimestamp": "Jan 23, 2021 8:02:30 PM",
    "createdTimestamp": "Jan 23, 2021 8:02:30 PM",
    "isNewlyAdded": false,
    "isActive": true,
    "isDealsEnabled": false,
    "quantity": 0
  },
  {
    "id": 538,
    "code": "all stainlifters baby detergent 24 Loads Laundry Detergent",
    "desc": "all stainlifters baby detergent 24 Loads Laundry Detergent",
    "shortDesc": "all stainlifters baby detergent 24 Loads Laundry Detergent",
    "tags": [
      "Laundry Detergent"
    ],
    "categories": [
      {
        "code": "Laundry & Paper Goods",
        "desc": "Laundry & Paper Goods"
      }
    ],
    "subCategories": [
      {
        "code": "Laundry",
        "desc": "Laundry"
      }
    ],
    "brands": [
      {
        "code": "all",
        "desc": "all"
      }
    ],
    "price": {
      "basePrice": 3.74,
      "discountPrice": 3.74
    },
    "type": {
      "code": "Laundry Detergent",
      "desc": "Laundry Detergent"
    },
    "weight": "36 fl oz",
    "UpcCode": "",
    "tax": 1.0,
    "spiceLevel": "",
    "aiselNo": "15",
    "store": "Market Basket",
    "weightType": "36 fl oz",
    "imageName": "No Image.jpg",
    "defaultImage": "No Image.jpg",
    "updatedTimestamp": "Jan 23, 2021 8:02:30 PM",
    "createdTimestamp": "Jan 23, 2021 8:02:30 PM",
    "isNewlyAdded": false,
    "isActive": true,
    "isDealsEnabled": false,
    "quantity": 0
  },
  {
    "id": 7652,
    "code": "Market Basket Pineapple Chunks",
    "desc": "Market Basket Pineapple Chunks",
    "shortDesc": "Market Basket Pineapple Chunks",
    "tags": [
      "Canned Fruit & Applesauce"
    ],
    "categories": [
      {
        "code": "Cooking Needs",
        "desc": "Cooking Needs"
      }
    ],
    "subCategories": [
      {
        "code": "Canned Food",
        "desc": "Canned Food"
      }
    ],
    "brands": [
      {
        "code": "Market Basket",
        "desc": "Market Basket"
      }
    ],
    "price": {
      "basePrice": 1.49,
      "discountPrice": 1.49
    },
    "type": {
      "code": "Canned Fruit & Applesauce",
      "desc": "Canned Fruit & Applesauce"
    },
    "weight": "20 oz container",
    "UpcCode": "",
    "tax": 0.0,
    "spiceLevel": "",
    "aiselNo": "3",
    "store": "Market Basket",
    "weightType": "20 oz container",
    "imageName": "Market Basket.jpg",
    "defaultImage": "Market Basket.jpg",
    "updatedTimestamp": "Jan 23, 2021 8:02:30 PM",
    "createdTimestamp": "Jan 23, 2021 8:02:30 PM",
    "isNewlyAdded": false,
    "isActive": true,
    "isDealsEnabled": false,
    "quantity": 0
  },
  {
    "id": 13651,
    "code": "Cabot Creamery Seriously Sharp Cheddar Cheese",
    "desc": "Cabot Creamery Seriously Sharp Cheddar Cheese",
    "shortDesc": "Cabot Creamery Seriously Sharp Cheddar Cheese",
    "tags": [
      "Packaged Cheese"
    ],
    "categories": [
      {
        "code": "Breakfast & Dairy",
        "desc": "Breakfast & Dairy"
      }
    ],
    "subCategories": [
      {
        "code": "Dairy & Eggs",
        "desc": "Dairy & Eggs"
      }
    ],
    "brands": [
      {
        "code": "Cabot Creamery",
        "desc": "Cabot Creamery"
      }
    ],
    "price": {
      "basePrice": 10.99,
      "discountPrice": 10.99
    },
    "type": {
      "code": "Packaged Cheese",
      "desc": "Packaged Cheese"
    },
    "weight": "2 lb",
    "UpcCode": "",
    "tax": 0.0,
    "spiceLevel": "",
    "aiselNo": "1",
    "store": "Market Basket",
    "weightType": "2 lb",
    "imageName": "145.jpg",
    "defaultImage": "145.jpg",
    "updatedTimestamp": "Jan 23, 2021 8:02:30 PM",
    "createdTimestamp": "Jan 23, 2021 8:02:30 PM",
    "isNewlyAdded": false,
    "isActive": true,
    "isDealsEnabled": false,
    "quantity": 0
  },
  {
    "id": 8101,
    "code": "Progresso Light, Beef Pot Roast Soup, Gluten Free",
    "desc": "Progresso Light, Beef Pot Roast Soup, Gluten Free",
    "shortDesc": "Progresso Light, Beef Pot Roast Soup, Gluten Free",
    "tags": [
      "Soup, Broth & Bouillon"
    ],
    "categories": [
      {
        "code": "Cooking Needs",
        "desc": "Cooking Needs"
      }
    ],
    "subCategories": [
      {
        "code": "Canned Food",
        "desc": "Canned Food"
      }
    ],
    "brands": [
      {
        "code": "Progresso",
        "desc": "Progresso"
      }
    ],
    "price": {
      "basePrice": 2.79,
      "discountPrice": 2.79
    },
    "type": {
      "code": "Soup, Broth & Bouillon",
      "desc": "Soup, Broth & Bouillon"
    },
    "weight": "18.5 oz",
    "UpcCode": "",
    "tax": 0.0,
    "spiceLevel": "",
    "aiselNo": "2",
    "store": "Market Basket",
    "weightType": "18.5 oz",
    "imageName": "5285.jpg",
    "defaultImage": "5285.jpg",
    "updatedTimestamp": "Jan 23, 2021 8:02:30 PM",
    "createdTimestamp": "Jan 23, 2021 8:02:30 PM",
    "isNewlyAdded": false,
    "isActive": true,
    "isDealsEnabled": false,
    "quantity": 0
  },
  {
    "id": 8415,
    "code": "Jack Link's Orignal Beef Jerky",
    "desc": "Jack Link's Orignal Beef Jerky",
    "shortDesc": "Jack Link's Orignal Beef Jerky",
    "tags": [
      "Marinades & Meat Preparation"
    ],
    "categories": [
      {
        "code": "Condiments & Dressings",
        "desc": "Condiments & Dressings"
      }
    ],
    "subCategories": [
      {
        "code": "Marinades, Ketchup & Sauces",
        "desc": "Marinades, Ketchup & Sauces"
      }
    ],
    "brands": [
      {
        "code": "Jack Link's",
        "desc": "Jack Link's"
      }
    ],
    "price": {
      "basePrice": 5.29,
      "discountPrice": 5.29
    },
    "type": {
      "code": "Marinades & Meat Preparation",
      "desc": "Marinades & Meat Preparation"
    },
    "weight": "2.85 oz",
    "UpcCode": "",
    "tax": 0.0,
    "spiceLevel": "",
    "aiselNo": "9",
    "store": "Market Basket",
    "weightType": "2.85 oz",
    "imageName": "No Image.jpg",
    "defaultImage": "No Image.jpg",
    "updatedTimestamp": "Jan 23, 2021 8:02:30 PM",
    "createdTimestamp": "Jan 23, 2021 8:02:30 PM",
    "isNewlyAdded": false,
    "isActive": true,
    "isDealsEnabled": false,
    "quantity": 0
  },
  {
    "id": 5403,
    "code": "Back to Nature Classic Round Crackers",
    "desc": "Back to Nature Classic Round Crackers",
    "shortDesc": "Back to Nature Classic Round Crackers",
    "tags": [
      "Crackers"
    ],
    "categories": [
      {
        "code": "Chips, Cookies & Snacks",
        "desc": "Chips, Cookies & Snacks"
      }
    ],
    "subCategories": [
      {
        "code": "Cookies & Crackers",
        "desc": "Cookies & Crackers"
      }
    ],
    "brands": [
      {
        "code": "Back to Nature",
        "desc": "Back to Nature"
      }
    ],
    "price": {
      "basePrice": 6.23,
      "discountPrice": 6.23
    },
    "type": {
      "code": "Crackers",
      "desc": "Crackers"
    },
    "weight": "8.5 oz",
    "UpcCode": "",
    "tax": 0.0,
    "spiceLevel": "",
    "aiselNo": "6",
    "store": "Market Basket",
    "weightType": "8.5 oz",
    "imageName": "No Image.jpg",
    "defaultImage": "No Image.jpg",
    "updatedTimestamp": "Jan 23, 2021 8:02:30 PM",
    "createdTimestamp": "Jan 23, 2021 8:02:30 PM",
    "isNewlyAdded": false,
    "isActive": true,
    "isDealsEnabled": false,
    "quantity": 0
  },
  {
    "id": 13368,
    "code": "Market Basket Half And Half",
    "desc": "Market Basket Half And Half",
    "shortDesc": "Market Basket Half And Half",
    "tags": [
      "Cream"
    ],
    "categories": [
      {
        "code": "Breakfast & Dairy",
        "desc": "Breakfast & Dairy"
      }
    ],
    "subCategories": [
      {
        "code": "Dairy & Eggs",
        "desc": "Dairy & Eggs"
      }
    ],
    "brands": [
      {
        "code": "Market Basket",
        "desc": "Market Basket"
      }
    ],
    "price": {
      "basePrice": 2.09,
      "discountPrice": 2.09
    },
    "type": {
      "code": "Cream",
      "desc": "Cream"
    },
    "weight": "32 fl oz",
    "UpcCode": "",
    "tax": 0.0,
    "spiceLevel": "",
    "aiselNo": "1",
    "store": "Market Basket",
    "weightType": "32 fl oz",
    "imageName": "Market Basket.jpg",
    "defaultImage": "Market Basket.jpg",
    "updatedTimestamp": "Jan 23, 2021 8:02:30 PM",
    "createdTimestamp": "Jan 23, 2021 8:02:30 PM",
    "isNewlyAdded": false,
    "isActive": true,
    "isDealsEnabled": false,
    "quantity": 0
  },
  {
    "id": 3670,
    "code": "Meyer Lemons",
    "desc": "Meyer Lemons",
    "shortDesc": "Meyer Lemons",
    "tags": [
      "Lemon"
    ],
    "categories": [
      {
        "code": "Fresh Produce",
        "desc": "Fresh Produce"
      }
    ],
    "subCategories": [
      {
        "code": "Fresh Fruits",
        "desc": "Fresh Fruits"
      }
    ],
    "brands": [
      {
        "code": "Meyer",
        "desc": "Meyer"
      }
    ],
    "price": {
      "basePrice": 4.24,
      "discountPrice": 4.24
    },
    "type": {
      "code": "Lemon",
      "desc": "Lemon"
    },
    "weight": "1 lb",
    "UpcCode": "",
    "tax": 0.0,
    "spiceLevel": "",
    "aiselNo": "20",
    "store": "Market Basket",
    "weightType": "1 lb",
    "imageName": "14284.jpg",
    "defaultImage": "14284.jpg",
    "updatedTimestamp": "Jan 23, 2021 8:02:30 PM",
    "createdTimestamp": "Jan 23, 2021 8:02:30 PM",
    "isNewlyAdded": false,
    "isActive": true,
    "isDealsEnabled": false,
    "quantity": 0
  },
  {
    "id": 6095,
    "code": "Coca Cola Zero Sugar Can",
    "desc": "Coca Cola Zero Sugar Can",
    "shortDesc": "Coca Cola Zero Sugar Can",
    "tags": [
      "Soft Drinks"
    ],
    "categories": [
      {
        "code": "Beverages & Juices",
        "desc": "Beverages & Juices"
      }
    ],
    "subCategories": [
      {
        "code": "Soft Drinks & Seltzers",
        "desc": "Soft Drinks & Seltzers"
      }
    ],
    "brands": [
      {
        "code": "Coca-Cola",
        "desc": "Coca-Cola"
      }
    ],
    "price": {
      "basePrice": 4.16,
      "discountPrice": 4.16
    },
    "type": {
      "code": "Soft Drinks",
      "desc": "Soft Drinks"
    },
    "weight": "6 x 12 fl oz",
    "UpcCode": "",
    "tax": 0.0,
    "spiceLevel": "",
    "aiselNo": "17",
    "store": "Market Basket",
    "weightType": "6 x 12 fl oz",
    "imageName": "No Image.jpg",
    "defaultImage": "No Image.jpg",
    "updatedTimestamp": "Jan 23, 2021 8:02:30 PM",
    "createdTimestamp": "Jan 23, 2021 8:02:30 PM",
    "isNewlyAdded": false,
    "isActive": true,
    "isDealsEnabled": false,
    "quantity": 0
  },
  {
    "id": 6241,
    "code": "Fever-Tree Premium Indian Tonic Water Low Calories",
    "desc": "Fever-Tree Premium Indian Tonic Water Low Calories",
    "shortDesc": "Fever-Tree Premium Indian Tonic Water Low Calories",
    "tags": [
      "Tonic Water"
    ],
    "categories": [
      {
        "code": "Beverages & Juices",
        "desc": "Beverages & Juices"
      }
    ],
    "subCategories": [
      {
        "code": "Water",
        "desc": "Water"
      }
    ],
    "brands": [
      {
        "code": "Fever-Tree",
        "desc": "Fever-Tree"
      }
    ],
    "price": {
      "basePrice": 7.49,
      "discountPrice": 7.49
    },
    "type": {
      "code": "Tonic Water",
      "desc": "Tonic Water"
    },
    "weight": "6.8 fl oz",
    "UpcCode": "",
    "tax": 0.0,
    "spiceLevel": "",
    "aiselNo": "11",
    "store": "Market Basket",
    "weightType": "6.8 fl oz",
    "imageName": "No Image.jpg",
    "defaultImage": "No Image.jpg",
    "updatedTimestamp": "Jan 23, 2021 8:02:30 PM",
    "createdTimestamp": "Jan 23, 2021 8:02:30 PM",
    "isNewlyAdded": false,
    "isActive": true,
    "isDealsEnabled": false,
    "quantity": 0
  },
  {
    "id": 4928,
    "code": "Smartfood Caramel & Cheddar Mix",
    "desc": "Smartfood Caramel & Cheddar Mix",
    "shortDesc": "Smartfood Caramel & Cheddar Mix",
    "tags": [
      "Chips & Pretzels"
    ],
    "categories": [
      {
        "code": "Chips, Cookies & Snacks",
        "desc": "Chips, Cookies & Snacks"
      }
    ],
    "subCategories": [
      {
        "code": "Chips & Fruit Snacks",
        "desc": "Chips & Fruit Snacks"
      }
    ],
    "brands": [
      {
        "code": "Smartfood",
        "desc": "Smartfood"
      }
    ],
    "price": {
      "basePrice": 6.23,
      "discountPrice": 6.23
    },
    "type": {
      "code": "Chips & Pretzels",
      "desc": "Chips & Pretzels"
    },
    "weight": "7 oz",
    "UpcCode": "",
    "tax": 0.0,
    "spiceLevel": "",
    "aiselNo": "0",
    "store": "Market Basket",
    "weightType": "7 oz",
    "imageName": "No Image.jpg",
    "defaultImage": "No Image.jpg",
    "updatedTimestamp": "Jan 23, 2021 8:02:30 PM",
    "createdTimestamp": "Jan 23, 2021 8:02:30 PM",
    "isNewlyAdded": false,
    "isActive": true,
    "isDealsEnabled": false,
    "quantity": 0
  },
  {
    "id": 4105,
    "code": "Market Basket Catfish Fillets",
    "desc": "Market Basket Catfish Fillets",
    "shortDesc": "Market Basket Catfish Fillets",
    "tags": [
      "Catfish"
    ],
    "categories": [
      {
        "code": "Meat & Seafood",
        "desc": "Meat & Seafood"
      }
    ],
    "subCategories": [
      {
        "code": "Meat & Seafood Counter",
        "desc": "Meat & Seafood Counter"
      }
    ],
    "brands": [
      {
        "code": "Market Basket",
        "desc": "Market Basket"
      }
    ],
    "price": {
      "basePrice": 6.36,
      "discountPrice": 6.36
    },
    "type": {
      "code": "Catfish",
      "desc": "Catfish"
    },
    "weight": "Approx: 0.74 lb at $8.59/lb",
    "UpcCode": "",
    "tax": 0.0,
    "spiceLevel": "",
    "aiselNo": "22",
    "store": "Market Basket",
    "weightType": "Approx: 0.74 lb at $8.59/lb",
    "imageName": "4068.jpg",
    "defaultImage": "4068.jpg",
    "updatedTimestamp": "Jan 23, 2021 8:02:30 PM",
    "createdTimestamp": "Jan 23, 2021 8:02:30 PM",
    "isNewlyAdded": false,
    "isActive": true,
    "isDealsEnabled": false,
    "quantity": 0
  },
  {
    "id": 495,
    "code": "Tide purclean plant based detergent Honey Lavender",
    "desc": "Tide purclean plant based detergent Honey Lavender",
    "shortDesc": "Tide purclean plant based detergent Honey Lavender",
    "tags": [
      "Laundry Detergent"
    ],
    "categories": [
      {
        "code": "Laundry & Paper Goods",
        "desc": "Laundry & Paper Goods"
      }
    ],
    "subCategories": [
      {
        "code": "Laundry",
        "desc": "Laundry"
      }
    ],
    "brands": [
      {
        "code": "Tide",
        "desc": "Tide"
      }
    ],
    "price": {
      "basePrice": 14.99,
      "discountPrice": 14.99
    },
    "type": {
      "code": "Laundry Detergent",
      "desc": "Laundry Detergent"
    },
    "weight": "69 fl oz",
    "UpcCode": "",
    "tax": 1.0,
    "spiceLevel": "",
    "aiselNo": "15",
    "store": "Market Basket",
    "weightType": "69 fl oz",
    "imageName": "No Image.jpg",
    "defaultImage": "No Image.jpg",
    "updatedTimestamp": "Jan 23, 2021 8:02:30 PM",
    "createdTimestamp": "Jan 23, 2021 8:02:30 PM",
    "isNewlyAdded": false,
    "isActive": true,
    "isDealsEnabled": false,
    "quantity": 0
  },
  {
    "id": 6226,
    "code": "Adirondack Wild Berry Sparkling Water",
    "desc": "Adirondack Wild Berry Sparkling Water",
    "shortDesc": "Adirondack Wild Berry Sparkling Water",
    "tags": [
      "Sparkling Water"
    ],
    "categories": [
      {
        "code": "Beverages & Juices",
        "desc": "Beverages & Juices"
      }
    ],
    "subCategories": [
      {
        "code": "Water",
        "desc": "Water"
      }
    ],
    "brands": [
      {
        "code": "Adirondack",
        "desc": "Adirondack"
      }
    ],
    "price": {
      "basePrice": 0.63,
      "discountPrice": 0.63
    },
    "type": {
      "code": "Sparkling Water",
      "desc": "Sparkling Water"
    },
    "weight": "1 L",
    "UpcCode": "",
    "tax": 0.0,
    "spiceLevel": "",
    "aiselNo": "11",
    "store": "Market Basket",
    "weightType": "1 L",
    "imageName": "No Image.jpg",
    "defaultImage": "No Image.jpg",
    "updatedTimestamp": "Jan 23, 2021 8:02:30 PM",
    "createdTimestamp": "Jan 23, 2021 8:02:30 PM",
    "isNewlyAdded": false,
    "isActive": true,
    "isDealsEnabled": false,
    "quantity": 0
  },
  {
    "id": 4641,
    "code": "Bumble Bee Seasoned Sundried Tomato & Basil Sensations Tuna Medley",
    "desc": "Bumble Bee Seasoned Sundried Tomato & Basil Sensations Tuna Medley",
    "shortDesc": "Bumble Bee Seasoned Sundried Tomato & Basil Sensations Tuna Medley",
    "tags": [
      "Canned Tuna"
    ],
    "categories": [
      {
        "code": "Meat & Seafood",
        "desc": "Meat & Seafood"
      }
    ],
    "subCategories": [
      {
        "code": "Canned Meat & Seafood",
        "desc": "Canned Meat & Seafood"
      }
    ],
    "brands": [
      {
        "code": "Bumble Bee",
        "desc": "Bumble Bee"
      }
    ],
    "price": {
      "basePrice": 2.19,
      "discountPrice": 2.19
    },
    "type": {
      "code": "Canned Tuna",
      "desc": "Canned Tuna"
    },
    "weight": "4 oz",
    "UpcCode": "",
    "tax": 0.0,
    "spiceLevel": "",
    "aiselNo": "2",
    "store": "Market Basket",
    "weightType": "4 oz",
    "imageName": "5199.jpg",
    "defaultImage": "5199.jpg",
    "updatedTimestamp": "Jan 23, 2021 8:02:30 PM",
    "createdTimestamp": "Jan 23, 2021 8:02:30 PM",
    "isNewlyAdded": false,
    "isActive": true,
    "isDealsEnabled": false,
    "quantity": 0
  },
  {
    "id": 525,
    "code": "Arm & Hammer Sensitive Skin fresh & Clear 32 Loads Laundry Detergent",
    "desc": "Arm & Hammer Sensitive Skin fresh & Clear 32 Loads Laundry Detergent",
    "shortDesc": "Arm & Hammer Sensitive Skin fresh & Clear 32 Loads Laundry Detergent",
    "tags": [
      "Laundry Detergent"
    ],
    "categories": [
      {
        "code": "Laundry & Paper Goods",
        "desc": "Laundry & Paper Goods"
      }
    ],
    "subCategories": [
      {
        "code": "Laundry",
        "desc": "Laundry"
      }
    ],
    "brands": [
      {
        "code": "Arm & Hammer",
        "desc": "Arm & Hammer"
      }
    ],
    "price": {
      "basePrice": 4.99,
      "discountPrice": 4.99
    },
    "type": {
      "code": "Laundry Detergent",
      "desc": "Laundry Detergent"
    },
    "weight": "50 fl oz",
    "UpcCode": "",
    "tax": 1.0,
    "spiceLevel": "",
    "aiselNo": "15",
    "store": "Market Basket",
    "weightType": "50 fl oz",
    "imageName": "No Image.jpg",
    "defaultImage": "No Image.jpg",
    "updatedTimestamp": "Jan 23, 2021 8:02:30 PM",
    "createdTimestamp": "Jan 23, 2021 8:02:30 PM",
    "isNewlyAdded": false,
    "isActive": true,
    "isDealsEnabled": false,
    "quantity": 0
  },
  {
    "id": 14417,
    "code": "Maxwell House French Roast Ground Coffee",
    "desc": "Maxwell House French Roast Ground Coffee",
    "shortDesc": "Maxwell House French Roast Ground Coffee",
    "tags": [
      "Coffee"
    ],
    "categories": [
      {
        "code": "Breakfast & Dairy",
        "desc": "Breakfast & Dairy"
      }
    ],
    "subCategories": [
      {
        "code": "Tea & Coffee",
        "desc": "Tea & Coffee"
      }
    ],
    "brands": [
      {
        "code": "Maxwell House",
        "desc": "Maxwell House"
      }
    ],
    "price": {
      "basePrice": 9.79,
      "discountPrice": 9.79
    },
    "type": {
      "code": "Coffee",
      "desc": "Coffee"
    },
    "weight": "33 oz",
    "UpcCode": "",
    "tax": 0.0,
    "spiceLevel": "",
    "aiselNo": "8",
    "store": "Market Basket",
    "weightType": "33 oz",
    "imageName": "3387.jpg",
    "defaultImage": "3387.jpg",
    "updatedTimestamp": "Jan 23, 2021 8:02:30 PM",
    "createdTimestamp": "Jan 23, 2021 8:02:30 PM",
    "isNewlyAdded": false,
    "isActive": true,
    "isDealsEnabled": false,
    "quantity": 0
  },
  {
    "id": 6084,
    "code": "Coca Cola Caffeine Free Diet Coke",
    "desc": "Coca Cola Caffeine Free Diet Coke",
    "shortDesc": "Coca Cola Caffeine Free Diet Coke",
    "tags": [
      "Soft Drinks"
    ],
    "categories": [
      {
        "code": "Beverages & Juices",
        "desc": "Beverages & Juices"
      }
    ],
    "subCategories": [
      {
        "code": "Soft Drinks & Seltzers",
        "desc": "Soft Drinks & Seltzers"
      }
    ],
    "brands": [
      {
        "code": "Coca-Cola",
        "desc": "Coca-Cola"
      }
    ],
    "price": {
      "basePrice": 1.24,
      "discountPrice": 1.24
    },
    "type": {
      "code": "Soft Drinks",
      "desc": "Soft Drinks"
    },
    "weight": "2 L",
    "UpcCode": "",
    "tax": 0.0,
    "spiceLevel": "",
    "aiselNo": "17",
    "store": "Market Basket",
    "weightType": "2 L",
    "imageName": "3938.jpg",
    "defaultImage": "3938.jpg",
    "updatedTimestamp": "Jan 23, 2021 8:02:30 PM",
    "createdTimestamp": "Jan 23, 2021 8:02:30 PM",
    "isNewlyAdded": false,
    "isActive": true,
    "isDealsEnabled": false,
    "quantity": 0
  },
  {
    "id": 3892,
    "code": "Monterey Whole Mushrooms",
    "desc": "Monterey Whole Mushrooms",
    "shortDesc": "Monterey Whole Mushrooms",
    "tags": [
      "Mushroom"
    ],
    "categories": [
      {
        "code": "Fresh Produce",
        "desc": "Fresh Produce"
      }
    ],
    "subCategories": [
      {
        "code": "Fresh Vegetables",
        "desc": "Fresh Vegetables"
      }
    ],
    "brands": [
      {
        "code": "Monterey",
        "desc": "Monterey"
      }
    ],
    "price": {
      "basePrice": 4.24,
      "discountPrice": 4.24
    },
    "type": {
      "code": "Mushroom",
      "desc": "Mushroom"
    },
    "weight": "12 oz",
    "UpcCode": "",
    "tax": 0.0,
    "spiceLevel": "",
    "aiselNo": "20",
    "store": "Market Basket",
    "weightType": "12 oz",
    "imageName": "FP95.jpg",
    "defaultImage": "FP95.jpg",
    "updatedTimestamp": "Jan 23, 2021 8:02:30 PM",
    "createdTimestamp": "Jan 23, 2021 8:02:30 PM",
    "isNewlyAdded": false,
    "isActive": true,
    "isDealsEnabled": false,
    "quantity": 0
  },
  {
    "id": 15284,
    "code": "Boost Original Complete Nutritional Drink, Rich Chocolate",
    "desc": "Boost Original Complete Nutritional Drink, Rich Chocolate",
    "shortDesc": "Boost Original Complete Nutritional Drink, Rich Chocolate",
    "tags": [
      "Protien Drinks"
    ],
    "categories": [
      {
        "code": "Personal Care",
        "desc": "Personal Care"
      }
    ],
    "subCategories": [
      {
        "code": "Vitamins & Proteins",
        "desc": "Vitamins & Proteins"
      }
    ],
    "brands": [
      {
        "code": "Boost",
        "desc": "Boost"
      }
    ],
    "price": {
      "basePrice": 11.26,
      "discountPrice": 11.26
    },
    "type": {
      "code": "Protien Drinks",
      "desc": "Protien Drinks"
    },
    "weight": "6 x 8 fl oz",
    "UpcCode": "",
    "tax": 1.0,
    "spiceLevel": "",
    "aiselNo": "13",
    "store": "Market Basket",
    "weightType": "6 x 8 fl oz",
    "imageName": "6740.jpg",
    "defaultImage": "6740.jpg",
    "updatedTimestamp": "Jan 23, 2021 8:02:30 PM",
    "createdTimestamp": "Jan 23, 2021 8:02:30 PM",
    "isNewlyAdded": false,
    "isActive": true,
    "isDealsEnabled": false,
    "quantity": 0
  },
  {
    "id": 3539,
    "code": "Love Beets",
    "desc": "Love Beets",
    "shortDesc": "Love Beets",
    "tags": [
      "Beet"
    ],
    "categories": [
      {
        "code": "Fresh Produce",
        "desc": "Fresh Produce"
      }
    ],
    "subCategories": [
      {
        "code": "Fresh Vegetables",
        "desc": "Fresh Vegetables"
      }
    ],
    "brands": [
      {
        "code": "Market Basket",
        "desc": "Market Basket"
      }
    ],
    "price": {
      "basePrice": 2.74,
      "discountPrice": 2.74
    },
    "type": {
      "code": "Beet",
      "desc": "Beet"
    },
    "weight": "1 count",
    "UpcCode": "",
    "tax": 0.0,
    "spiceLevel": "",
    "aiselNo": "20",
    "store": "Market Basket",
    "weightType": "1 count",
    "imageName": "f153.jpg",
    "defaultImage": "f153.jpg",
    "updatedTimestamp": "Jan 23, 2021 8:02:30 PM",
    "createdTimestamp": "Jan 23, 2021 8:02:30 PM",
    "isNewlyAdded": false,
    "isActive": true,
    "isDealsEnabled": false,
    "quantity": 0
  },
  {
    "id": 5984,
    "code": "Master of Mixes Lite Strawberry Daiquiri & Margarita Mixer",
    "desc": "Master of Mixes Lite Strawberry Daiquiri & Margarita Mixer",
    "shortDesc": "Master of Mixes Lite Strawberry Daiquiri & Margarita Mixer",
    "tags": [
      "Cocoa & Drink Mixes"
    ],
    "categories": [
      {
        "code": "Beverages & Juices",
        "desc": "Beverages & Juices"
      }
    ],
    "subCategories": [
      {
        "code": "Cocoa & Drink Mixes",
        "desc": "Cocoa & Drink Mixes"
      }
    ],
    "brands": [
      {
        "code": "Master of Mixes",
        "desc": "Master of Mixes"
      }
    ],
    "price": {
      "basePrice": 7.49,
      "discountPrice": 7.49
    },
    "type": {
      "code": "Cocoa & Drink Mixes",
      "desc": "Cocoa & Drink Mixes"
    },
    "weight": "1.75 L",
    "UpcCode": "",
    "tax": 0.0,
    "spiceLevel": "",
    "aiselNo": "17",
    "store": "Market Basket",
    "weightType": "1.75 L",
    "imageName": "No Image.jpg",
    "defaultImage": "No Image.jpg",
    "updatedTimestamp": "Jan 23, 2021 8:02:29 PM",
    "createdTimestamp": "Jan 23, 2021 8:02:29 PM",
    "isNewlyAdded": false,
    "isActive": true,
    "isDealsEnabled": false,
    "quantity": 0
  },
  {
    "id": 13935,
    "code": "Cambozola Triple Cream Blue",
    "desc": "Cambozola Triple Cream Blue",
    "shortDesc": "Cambozola Triple Cream Blue",
    "tags": [
      "Specialty Cheeses"
    ],
    "categories": [
      {
        "code": "Breakfast & Dairy",
        "desc": "Breakfast & Dairy"
      }
    ],
    "subCategories": [
      {
        "code": "Dairy & Eggs",
        "desc": "Dairy & Eggs"
      }
    ],
    "brands": [
      {
        "code": "Cambozola",
        "desc": "Cambozola"
      }
    ],
    "price": {
      "basePrice": 15.89,
      "discountPrice": 15.89
    },
    "type": {
      "code": "Specialty Cheeses",
      "desc": "Specialty Cheeses"
    },
    "weight": "1 per lb",
    "UpcCode": "",
    "tax": 0.0,
    "spiceLevel": "",
    "aiselNo": "1",
    "store": "Market Basket",
    "weightType": "1 per lb",
    "imageName": "Market Basket.jpg",
    "defaultImage": "Market Basket.jpg",
    "updatedTimestamp": "Jan 23, 2021 8:02:30 PM",
    "createdTimestamp": "Jan 23, 2021 8:02:30 PM",
    "isNewlyAdded": false,
    "isActive": true,
    "isDealsEnabled": false,
    "quantity": 0
  },
  {
    "id": 14345,
    "code": "Cafe Bustelo Espresso Ground Coffee",
    "desc": "Cafe Bustelo Espresso Ground Coffee",
    "shortDesc": "Cafe Bustelo Espresso Ground Coffee",
    "tags": [
      "Coffee"
    ],
    "categories": [
      {
        "code": "Breakfast & Dairy",
        "desc": "Breakfast & Dairy"
      }
    ],
    "subCategories": [
      {
        "code": "Tea & Coffee",
        "desc": "Tea & Coffee"
      }
    ],
    "brands": [
      {
        "code": "Cafe Bustelo",
        "desc": "Cafe Bustelo"
      }
    ],
    "price": {
      "basePrice": 3.69,
      "discountPrice": 3.69
    },
    "type": {
      "code": "Coffee",
      "desc": "Coffee"
    },
    "weight": "10 oz",
    "UpcCode": "",
    "tax": 0.0,
    "spiceLevel": "",
    "aiselNo": "8",
    "store": "Market Basket",
    "weightType": "10 oz",
    "imageName": "16277.jpg",
    "defaultImage": "16277.jpg",
    "updatedTimestamp": "Jan 23, 2021 8:02:30 PM",
    "createdTimestamp": "Jan 23, 2021 8:02:30 PM",
    "isNewlyAdded": false,
    "isActive": true,
    "isDealsEnabled": false,
    "quantity": 0
  },
  {
    "id": 8083,
    "code": "Pacific Foods Organic Beef Broth",
    "desc": "Pacific Foods Organic Beef Broth",
    "shortDesc": "Pacific Foods Organic Beef Broth",
    "tags": [
      "Soup, Broth & Bouillon"
    ],
    "categories": [
      {
        "code": "Cooking Needs",
        "desc": "Cooking Needs"
      }
    ],
    "subCategories": [
      {
        "code": "Canned Food",
        "desc": "Canned Food"
      }
    ],
    "brands": [
      {
        "code": "Pacific",
        "desc": "Pacific"
      }
    ],
    "price": {
      "basePrice": 4.69,
      "discountPrice": 4.69
    },
    "type": {
      "code": "Soup, Broth & Bouillon",
      "desc": "Soup, Broth & Bouillon"
    },
    "weight": "32 fl oz",
    "UpcCode": "",
    "tax": 0.0,
    "spiceLevel": "",
    "aiselNo": "2",
    "store": "Market Basket",
    "weightType": "32 fl oz",
    "imageName": "5362.jpg",
    "defaultImage": "5362.jpg",
    "updatedTimestamp": "Jan 23, 2021 8:02:30 PM",
    "createdTimestamp": "Jan 23, 2021 8:02:30 PM",
    "isNewlyAdded": false,
    "isActive": true,
    "isDealsEnabled": false,
    "quantity": 0
  },
  {
    "id": 9154,
    "code": "Market Basket Waffle Cut Fries",
    "desc": "Market Basket Waffle Cut Fries",
    "shortDesc": "Market Basket Waffle Cut Fries",
    "tags": [
      "Frozen Appetizers & Sides"
    ],
    "categories": [
      {
        "code": "Frozen Food",
        "desc": "Frozen Food"
      }
    ],
    "subCategories": [
      {
        "code": "Frozen Dinners & Entrees",
        "desc": "Frozen Dinners & Entrees"
      }
    ],
    "brands": [
      {
        "code": "Market Basket",
        "desc": "Market Basket"
      }
    ],
    "price": {
      "basePrice": 1.89,
      "discountPrice": 1.89
    },
    "type": {
      "code": "Frozen Appetizers & Sides",
      "desc": "Frozen Appetizers & Sides"
    },
    "weight": "24 oz",
    "UpcCode": "",
    "tax": 0.0,
    "spiceLevel": "",
    "aiselNo": "18",
    "store": "Market Basket",
    "weightType": "24 oz",
    "imageName": "Market Basket.jpg",
    "defaultImage": "Market Basket.jpg",
    "updatedTimestamp": "Jan 23, 2021 8:02:30 PM",
    "createdTimestamp": "Jan 23, 2021 8:02:30 PM",
    "isNewlyAdded": false,
    "isActive": true,
    "isDealsEnabled": false,
    "quantity": 0
  },
  {
    "id": 14458,
    "code": "Peet's Coffee French Roast Dark Roast Coffee K Cup Pods",
    "desc": "Peet's Coffee French Roast Dark Roast Coffee K Cup Pods",
    "shortDesc": "Peet's Coffee French Roast Dark Roast Coffee K Cup Pods",
    "tags": [
      "Coffee"
    ],
    "categories": [
      {
        "code": "Breakfast & Dairy",
        "desc": "Breakfast & Dairy"
      }
    ],
    "subCategories": [
      {
        "code": "Tea & Coffee",
        "desc": "Tea & Coffee"
      }
    ],
    "brands": [
      {
        "code": "Peet's Coffee",
        "desc": "Peet's Coffee"
      }
    ],
    "price": {
      "basePrice": 10.99,
      "discountPrice": 10.99
    },
    "type": {
      "code": "Coffee",
      "desc": "Coffee"
    },
    "weight": "10 x 0.43 oz",
    "UpcCode": "",
    "tax": 0.0,
    "spiceLevel": "",
    "aiselNo": "8",
    "store": "Market Basket",
    "weightType": "10 x 0.43 oz",
    "imageName": "3326.jpg",
    "defaultImage": "3326.jpg",
    "updatedTimestamp": "Jan 23, 2021 8:02:30 PM",
    "createdTimestamp": "Jan 23, 2021 8:02:30 PM",
    "isNewlyAdded": false,
    "isActive": true,
    "isDealsEnabled": false,
    "quantity": 0
  },
  {
    "id": 4688,
    "code": "Starkist chunk light tuna",
    "desc": "Starkist chunk light tuna",
    "shortDesc": "Starkist chunk light tuna",
    "tags": [
      "Canned Tuna"
    ],
    "categories": [
      {
        "code": "Meat & Seafood",
        "desc": "Meat & Seafood"
      }
    ],
    "subCategories": [
      {
        "code": "Canned Meat & Seafood",
        "desc": "Canned Meat & Seafood"
      }
    ],
    "brands": [
      {
        "code": "StarKistÃÂ®",
        "desc": "StarKistÃÂ®"
      }
    ],
    "price": {
      "basePrice": 1.59,
      "discountPrice": 1.59
    },
    "type": {
      "code": "Canned Tuna",
      "desc": "Canned Tuna"
    },
    "weight": "5 oz",
    "UpcCode": "",
    "tax": 0.0,
    "spiceLevel": "",
    "aiselNo": "2",
    "store": "Market Basket",
    "weightType": "5 oz",
    "imageName": "No Image.jpg",
    "defaultImage": "No Image.jpg",
    "updatedTimestamp": "Jan 23, 2021 8:02:30 PM",
    "createdTimestamp": "Jan 23, 2021 8:02:30 PM",
    "isNewlyAdded": false,
    "isActive": true,
    "isDealsEnabled": false,
    "quantity": 0
  },
  {
    "id": 7302,
    "code": "McCormick Green Food Color",
    "desc": "McCormick Green Food Color",
    "shortDesc": "McCormick Green Food Color",
    "tags": [
      "Spices & Seasonings"
    ],
    "categories": [
      {
        "code": "Cooking Needs",
        "desc": "Cooking Needs"
      }
    ],
    "subCategories": [
      {
        "code": "Spices & Seasonings",
        "desc": "Spices & Seasonings"
      }
    ],
    "brands": [
      {
        "code": "McCormick",
        "desc": "McCormick"
      }
    ],
    "price": {
      "basePrice": 3.69,
      "discountPrice": 3.69
    },
    "type": {
      "code": "Spices & Seasonings",
      "desc": "Spices & Seasonings"
    },
    "weight": "1 fl oz",
    "UpcCode": "",
    "tax": 0.0,
    "spiceLevel": "",
    "aiselNo": "9",
    "store": "Market Basket",
    "weightType": "1 fl oz",
    "imageName": "2168.jpg",
    "defaultImage": "2168.jpg",
    "updatedTimestamp": "Jan 23, 2021 8:02:30 PM",
    "createdTimestamp": "Jan 23, 2021 8:02:30 PM",
    "isNewlyAdded": false,
    "isActive": true,
    "isDealsEnabled": false,
    "quantity": 0
  },
  {
    "id": 14589,
    "code": "Red Rose Decaffeinated Black Tea",
    "desc": "Red Rose Decaffeinated Black Tea",
    "shortDesc": "Red Rose Decaffeinated Black Tea",
    "tags": [
      "Tea"
    ],
    "categories": [
      {
        "code": "Breakfast & Dairy",
        "desc": "Breakfast & Dairy"
      }
    ],
    "subCategories": [
      {
        "code": "Tea & Coffee",
        "desc": "Tea & Coffee"
      }
    ],
    "brands": [
      {
        "code": "Red Rose",
        "desc": "Red Rose"
      }
    ],
    "price": {
      "basePrice": 3.09,
      "discountPrice": 3.09
    },
    "type": {
      "code": "Tea",
      "desc": "Tea"
    },
    "weight": "48 x 3.25 oz",
    "UpcCode": "",
    "tax": 0.0,
    "spiceLevel": "",
    "aiselNo": "8",
    "store": "Market Basket",
    "weightType": "48 x 3.25 oz",
    "imageName": "3535.jpg",
    "defaultImage": "3535.jpg",
    "updatedTimestamp": "Jan 23, 2021 8:02:30 PM",
    "createdTimestamp": "Jan 23, 2021 8:02:30 PM",
    "isNewlyAdded": false,
    "isActive": true,
    "isDealsEnabled": false,
    "quantity": 0
  },
  {
    "id": 9791,
    "code": "Birds Eye Sweet Mini Corn On The Cob",
    "desc": "Birds Eye Sweet Mini Corn On The Cob",
    "shortDesc": "Birds Eye Sweet Mini Corn On The Cob",
    "tags": [
      "Frozen Produce"
    ],
    "categories": [
      {
        "code": "Frozen Food",
        "desc": "Frozen Food"
      }
    ],
    "subCategories": [
      {
        "code": "Frozen Produce",
        "desc": "Frozen Produce"
      }
    ],
    "brands": [
      {
        "code": "Birds Eye",
        "desc": "Birds Eye"
      }
    ],
    "price": {
      "basePrice": 4.29,
      "discountPrice": 4.29
    },
    "type": {
      "code": "Frozen Produce",
      "desc": "Frozen Produce"
    },
    "weight": "12 count",
    "UpcCode": "",
    "tax": 0.0,
    "spiceLevel": "",
    "aiselNo": "19",
    "store": "Market Basket",
    "weightType": "12 count",
    "imageName": "2427.jpg",
    "defaultImage": "2427.jpg",
    "updatedTimestamp": "Jan 23, 2021 8:02:30 PM",
    "createdTimestamp": "Jan 23, 2021 8:02:30 PM",
    "isNewlyAdded": false,
    "isActive": true,
    "isDealsEnabled": false,
    "quantity": 0
  },
  {
    "id": 8002,
    "code": "Goya Chicken Bouillon Powdered",
    "desc": "Goya Chicken Bouillon Powdered",
    "shortDesc": "Goya Chicken Bouillon Powdered",
    "tags": [
      "Soup, Broth & Bouillon"
    ],
    "categories": [
      {
        "code": "Cooking Needs",
        "desc": "Cooking Needs"
      }
    ],
    "subCategories": [
      {
        "code": "Canned Food",
        "desc": "Canned Food"
      }
    ],
    "brands": [
      {
        "code": "Goya",
        "desc": "Goya"
      }
    ],
    "price": {
      "basePrice": 3.09,
      "discountPrice": 3.09
    },
    "type": {
      "code": "Soup, Broth & Bouillon",
      "desc": "Soup, Broth & Bouillon"
    },
    "weight": "7.05 oz",
    "UpcCode": "",
    "tax": 0.0,
    "spiceLevel": "",
    "aiselNo": "2",
    "store": "Market Basket",
    "weightType": "7.05 oz",
    "imageName": "17249.jpg",
    "defaultImage": "17249.jpg",
    "updatedTimestamp": "Jan 23, 2021 8:02:30 PM",
    "createdTimestamp": "Jan 23, 2021 8:02:30 PM",
    "isNewlyAdded": false,
    "isActive": true,
    "isDealsEnabled": false,
    "quantity": 0
  },
  {
    "id": 3912,
    "code": "The Little Potato Company Terrific Trio Variety Pack Fresh Creamer Potatoes",
    "desc": "The Little Potato Company Terrific Trio Variety Pack Fresh Creamer Potatoes",
    "shortDesc": "The Little Potato Company Terrific Trio Variety Pack Fresh Creamer Potatoes",
    "tags": [
      "Packaged Potato"
    ],
    "categories": [
      {
        "code": "Fresh Produce",
        "desc": "Fresh Produce"
      }
    ],
    "subCategories": [
      {
        "code": "Fresh Vegetables",
        "desc": "Fresh Vegetables"
      }
    ],
    "brands": [
      {
        "code": "The Little Potato Company",
        "desc": "The Little Potato Company"
      }
    ],
    "price": {
      "basePrice": 3.55,
      "discountPrice": 3.55
    },
    "type": {
      "code": "Packaged Potato",
      "desc": "Packaged Potato"
    },
    "weight": "24 oz",
    "UpcCode": "",
    "tax": 0.0,
    "spiceLevel": "",
    "aiselNo": "20",
    "store": "Market Basket",
    "weightType": "24 oz",
    "imageName": "40.jpg",
    "defaultImage": "40.jpg",
    "updatedTimestamp": "Jan 23, 2021 8:02:30 PM",
    "createdTimestamp": "Jan 23, 2021 8:02:30 PM",
    "isNewlyAdded": false,
    "isActive": true,
    "isDealsEnabled": false,
    "quantity": 0
  },
  {
    "id": 6539,
    "code": "Market Basket Sun Dried Raisins",
    "desc": "Market Basket Sun Dried Raisins",
    "shortDesc": "Market Basket Sun Dried Raisins",
    "tags": [
      "Nuts, Seeds & Dried Fruit"
    ],
    "categories": [
      {
        "code": "Chips, Cookies & Snacks",
        "desc": "Chips, Cookies & Snacks"
      }
    ],
    "subCategories": [
      {
        "code": "Nuts, Seeds & Dried Fruit",
        "desc": "Nuts, Seeds & Dried Fruit"
      }
    ],
    "brands": [
      {
        "code": "Market Basket",
        "desc": "Market Basket"
      }
    ],
    "price": {
      "basePrice": 2.24,
      "discountPrice": 2.24
    },
    "type": {
      "code": "Nuts, Seeds & Dried Fruit",
      "desc": "Nuts, Seeds & Dried Fruit"
    },
    "weight": "6 x 1 oz",
    "UpcCode": "",
    "tax": 0.0,
    "spiceLevel": "",
    "aiselNo": "6",
    "store": "Market Basket",
    "weightType": "6 x 1 oz",
    "imageName": "Market Basket.jpg",
    "defaultImage": "Market Basket.jpg",
    "updatedTimestamp": "Jan 23, 2021 8:02:30 PM",
    "createdTimestamp": "Jan 23, 2021 8:02:30 PM",
    "isNewlyAdded": false,
    "isActive": true,
    "isDealsEnabled": false,
    "quantity": 0
  },
  {
    "id": 281,
    "code": "Finish Jet-Dry Rinse Aid",
    "desc": "Finish Jet-Dry Rinse Aid",
    "shortDesc": "Finish Jet-Dry Rinse Aid",
    "tags": [
      "Dishwasher Rinse and Dry Agent"
    ],
    "categories": [
      {
        "code": "Kitchen & Cleaning",
        "desc": "Kitchen & Cleaning"
      }
    ],
    "subCategories": [
      {
        "code": "Dish Detergents",
        "desc": "Dish Detergents"
      }
    ],
    "brands": [
      {
        "code": "Finish",
        "desc": "Finish"
      }
    ],
    "price": {
      "basePrice": 3.69,
      "discountPrice": 3.69
    },
    "type": {
      "code": "Dishwasher Rinse and Dry Agent",
      "desc": "Dishwasher Rinse and Dry Agent"
    },
    "weight": "8.45 fl oz",
    "UpcCode": "",
    "tax": 1.0,
    "spiceLevel": "",
    "aiselNo": "15",
    "store": "Market Basket",
    "weightType": "8.45 fl oz",
    "imageName": "4345.jpg",
    "defaultImage": "4345.jpg",
    "updatedTimestamp": "Jan 23, 2021 8:02:30 PM",
    "createdTimestamp": "Jan 23, 2021 8:02:30 PM",
    "isNewlyAdded": false,
    "isActive": true,
    "isDealsEnabled": false,
    "quantity": 0
  },
  {
    "id": 10119,
    "code": "Klondike Ice Cream & Frozen Dessert Bars Toffee",
    "desc": "Klondike Ice Cream & Frozen Dessert Bars Toffee",
    "shortDesc": "Klondike Ice Cream & Frozen Dessert Bars Toffee",
    "tags": [
      "Ice Cream & Ice"
    ],
    "categories": [
      {
        "code": "Frozen Food",
        "desc": "Frozen Food"
      }
    ],
    "subCategories": [
      {
        "code": "Ice Cream & Ice",
        "desc": "Ice Cream & Ice"
      }
    ],
    "brands": [
      {
        "code": "Klondike",
        "desc": "Klondike"
      }
    ],
    "price": {
      "basePrice": 4.09,
      "discountPrice": 4.09
    },
    "type": {
      "code": "Ice Cream & Ice",
      "desc": "Ice Cream & Ice"
    },
    "weight": "6 count",
    "UpcCode": "",
    "tax": 0.0,
    "spiceLevel": "",
    "aiselNo": "21",
    "store": "Market Basket",
    "weightType": "6 count",
    "imageName": "18018.jpg",
    "defaultImage": "18018.jpg",
    "updatedTimestamp": "Jan 23, 2021 8:02:30 PM",
    "createdTimestamp": "Jan 23, 2021 8:02:30 PM",
    "isNewlyAdded": false,
    "isActive": true,
    "isDealsEnabled": false,
    "quantity": 0
  },
  {
    "id": 4004,
    "code": "Butternut Squash",
    "desc": "Butternut Squash",
    "shortDesc": "Butternut Squash",
    "tags": [
      "Squash"
    ],
    "categories": [
      {
        "code": "Fresh Produce",
        "desc": "Fresh Produce"
      }
    ],
    "subCategories": [
      {
        "code": "Fresh Vegetables",
        "desc": "Fresh Vegetables"
      }
    ],
    "brands": [
      {
        "code": "Market Basket",
        "desc": "Market Basket"
      }
    ],
    "price": {
      "basePrice": 15.49,
      "discountPrice": 15.49
    },
    "type": {
      "code": "Squash",
      "desc": "Squash"
    },
    "weight": "1 count",
    "UpcCode": "",
    "tax": 0.0,
    "spiceLevel": "",
    "aiselNo": "20",
    "store": "Market Basket",
    "weightType": "1 count",
    "imageName": "14428.jpg",
    "defaultImage": "14428.jpg",
    "updatedTimestamp": "Jan 23, 2021 8:02:30 PM",
    "createdTimestamp": "Jan 23, 2021 8:02:30 PM",
    "isNewlyAdded": false,
    "isActive": true,
    "isDealsEnabled": false,
    "quantity": 0
  },
  {
    "id": 14790,
    "code": "Suave 2 In 1 Shampoo And Conditioner Strawberry Blast",
    "desc": "Suave 2 In 1 Shampoo And Conditioner Strawberry Blast",
    "shortDesc": "Suave 2 In 1 Shampoo And Conditioner Strawberry Blast",
    "tags": [
      "Hair Care"
    ],
    "categories": [
      {
        "code": "Personal Care",
        "desc": "Personal Care"
      }
    ],
    "subCategories": [
      {
        "code": "Body Wash, Soap & Hair Care",
        "desc": "Body Wash, Soap & Hair Care"
      }
    ],
    "brands": [
      {
        "code": "Suave",
        "desc": "Suave"
      }
    ],
    "price": {
      "basePrice": 3.21,
      "discountPrice": 3.21
    },
    "type": {
      "code": "Hair Care",
      "desc": "Hair Care"
    },
    "weight": "12 oz",
    "UpcCode": "",
    "tax": 1.0,
    "spiceLevel": "",
    "aiselNo": "13",
    "store": "Market Basket",
    "weightType": "12 oz",
    "imageName": "6562.jpg",
    "defaultImage": "6562.jpg",
    "updatedTimestamp": "Jan 23, 2021 8:02:30 PM",
    "createdTimestamp": "Jan 23, 2021 8:02:30 PM",
    "isNewlyAdded": false,
    "isActive": true,
    "isDealsEnabled": false,
    "quantity": 0
  },
  {
    "id": 10208,
    "code": "Popsicle Ice Pops Star Wars",
    "desc": "Popsicle Ice Pops Star Wars",
    "shortDesc": "Popsicle Ice Pops Star Wars",
    "tags": [
      "Ice Cream & Ice"
    ],
    "categories": [
      {
        "code": "Frozen Food",
        "desc": "Frozen Food"
      }
    ],
    "subCategories": [
      {
        "code": "Ice Cream & Ice",
        "desc": "Ice Cream & Ice"
      }
    ],
    "brands": [
      {
        "code": "Popsicle",
        "desc": "Popsicle"
      }
    ],
    "price": {
      "basePrice": 3.69,
      "discountPrice": 3.69
    },
    "type": {
      "code": "Ice Cream & Ice",
      "desc": "Ice Cream & Ice"
    },
    "weight": "18 count",
    "UpcCode": "",
    "tax": 0.0,
    "spiceLevel": "",
    "aiselNo": "21",
    "store": "Market Basket",
    "weightType": "18 count",
    "imageName": "18027.jpg",
    "defaultImage": "18027.jpg",
    "updatedTimestamp": "Jan 23, 2021 8:02:30 PM",
    "createdTimestamp": "Jan 23, 2021 8:02:30 PM",
    "isNewlyAdded": false,
    "isActive": true,
    "isDealsEnabled": false,
    "quantity": 0
  },
  {
    "id": 4663,
    "code": "Goya Premium Sardinas In Olive Oil",
    "desc": "Goya Premium Sardinas In Olive Oil",
    "shortDesc": "Goya Premium Sardinas In Olive Oil",
    "tags": [
      "Canned Sardines"
    ],
    "categories": [
      {
        "code": "Meat & Seafood",
        "desc": "Meat & Seafood"
      }
    ],
    "subCategories": [
      {
        "code": "Canned Meat & Seafood",
        "desc": "Canned Meat & Seafood"
      }
    ],
    "brands": [
      {
        "code": "Goya",
        "desc": "Goya"
      }
    ],
    "price": {
      "basePrice": 3.09,
      "discountPrice": 3.09
    },
    "type": {
      "code": "Canned Sardines",
      "desc": "Canned Sardines"
    },
    "weight": "120 g",
    "UpcCode": "",
    "tax": 0.0,
    "spiceLevel": "",
    "aiselNo": "2",
    "store": "Market Basket",
    "weightType": "120 g",
    "imageName": "5229.jpg",
    "defaultImage": "5229.jpg",
    "updatedTimestamp": "Jan 23, 2021 8:02:30 PM",
    "createdTimestamp": "Jan 23, 2021 8:02:30 PM",
    "isNewlyAdded": false,
    "isActive": true,
    "isDealsEnabled": false,
    "quantity": 0
  },
  {
    "id": 14411,
    "code": "Market Basket Hazelnut Cream Whole Bean Coffee",
    "desc": "Market Basket Hazelnut Cream Whole Bean Coffee",
    "shortDesc": "Market Basket Hazelnut Cream Whole Bean Coffee",
    "tags": [
      "Coffee"
    ],
    "categories": [
      {
        "code": "Breakfast & Dairy",
        "desc": "Breakfast & Dairy"
      }
    ],
    "subCategories": [
      {
        "code": "Tea & Coffee",
        "desc": "Tea & Coffee"
      }
    ],
    "brands": [
      {
        "code": "Market Basket",
        "desc": "Market Basket"
      }
    ],
    "price": {
      "basePrice": 7.39,
      "discountPrice": 7.39
    },
    "type": {
      "code": "Coffee",
      "desc": "Coffee"
    },
    "weight": "22 oz",
    "UpcCode": "",
    "tax": 0.0,
    "spiceLevel": "",
    "aiselNo": "8",
    "store": "Market Basket",
    "weightType": "22 oz",
    "imageName": "Market Basket.jpg",
    "defaultImage": "Market Basket.jpg",
    "updatedTimestamp": "Jan 23, 2021 8:02:30 PM",
    "createdTimestamp": "Jan 23, 2021 8:02:30 PM",
    "isNewlyAdded": false,
    "isActive": true,
    "isDealsEnabled": false,
    "quantity": 0
  },
  {
    "id": 9989,
    "code": "Brigham's Ice Cream Coffee",
    "desc": "Brigham's Ice Cream Coffee",
    "shortDesc": "Brigham's Ice Cream Coffee",
    "tags": [
      "Ice Cream & Ice"
    ],
    "categories": [
      {
        "code": "Frozen Food",
        "desc": "Frozen Food"
      }
    ],
    "subCategories": [
      {
        "code": "Ice Cream & Ice",
        "desc": "Ice Cream & Ice"
      }
    ],
    "brands": [
      {
        "code": "Brigham's Ice Cream",
        "desc": "Brigham's Ice Cream"
      }
    ],
    "price": {
      "basePrice": 3.69,
      "discountPrice": 3.69
    },
    "type": {
      "code": "Ice Cream & Ice",
      "desc": "Ice Cream & Ice"
    },
    "weight": "1 quart",
    "UpcCode": "",
    "tax": 0.0,
    "spiceLevel": "",
    "aiselNo": "21",
    "store": "Market Basket",
    "weightType": "1 quart",
    "imageName": "16125.jpg",
    "defaultImage": "16125.jpg",
    "updatedTimestamp": "Jan 23, 2021 8:02:30 PM",
    "createdTimestamp": "Jan 23, 2021 8:02:30 PM",
    "isNewlyAdded": false,
    "isActive": true,
    "isDealsEnabled": false,
    "quantity": 0
  },
  {
    "id": 13905,
    "code": "Silk Light Original Soymilk",
    "desc": "Silk Light Original Soymilk",
    "shortDesc": "Silk Light Original Soymilk",
    "tags": [
      "Soy & Lactose-Free"
    ],
    "categories": [
      {
        "code": "Breakfast & Dairy",
        "desc": "Breakfast & Dairy"
      }
    ],
    "subCategories": [
      {
        "code": "Dairy & Eggs",
        "desc": "Dairy & Eggs"
      }
    ],
    "brands": [
      {
        "code": "Silk",
        "desc": "Silk"
      }
    ],
    "price": {
      "basePrice": 3.69,
      "discountPrice": 3.69
    },
    "type": {
      "code": "Soy & Lactose-Free",
      "desc": "Soy & Lactose-Free"
    },
    "weight": "64 fl oz",
    "UpcCode": "",
    "tax": 0.0,
    "spiceLevel": "",
    "aiselNo": "1",
    "store": "Market Basket",
    "weightType": "64 fl oz",
    "imageName": "723.jpg",
    "defaultImage": "723.jpg",
    "updatedTimestamp": "Jan 23, 2021 8:02:30 PM",
    "createdTimestamp": "Jan 23, 2021 8:02:30 PM",
    "isNewlyAdded": false,
    "isActive": true,
    "isDealsEnabled": false,
    "quantity": 0
  },
  {
    "id": 15220,
    "code": "Market Basket Anticavity Mouthwash Eucalyptus Mint",
    "desc": "Market Basket Anticavity Mouthwash Eucalyptus Mint",
    "shortDesc": "Market Basket Anticavity Mouthwash Eucalyptus Mint",
    "tags": [
      "Oral Hygiene"
    ],
    "categories": [
      {
        "code": "Personal Care",
        "desc": "Personal Care"
      }
    ],
    "subCategories": [
      {
        "code": "Personal Needs",
        "desc": "Personal Needs"
      }
    ],
    "brands": [
      {
        "code": "Market Basket",
        "desc": "Market Basket"
      }
    ],
    "price": {
      "basePrice": 4.24,
      "discountPrice": 4.24
    },
    "type": {
      "code": "Oral Hygiene",
      "desc": "Oral Hygiene"
    },
    "weight": "1 L",
    "UpcCode": "",
    "tax": 1.0,
    "spiceLevel": "",
    "aiselNo": "13",
    "store": "Market Basket",
    "weightType": "1 L",
    "imageName": "Market Basket.jpg",
    "defaultImage": "Market Basket.jpg",
    "updatedTimestamp": "Jan 23, 2021 8:02:30 PM",
    "createdTimestamp": "Jan 23, 2021 8:02:30 PM",
    "isNewlyAdded": false,
    "isActive": true,
    "isDealsEnabled": false,
    "quantity": 0
  },
  {
    "id": 5151,
    "code": "Blue Diamond Nut Thins, Almond, Pepper Jack Cheese",
    "desc": "Blue Diamond Nut Thins, Almond, Pepper Jack Cheese",
    "shortDesc": "Blue Diamond Nut Thins, Almond, Pepper Jack Cheese",
    "tags": [
      "Crackers"
    ],
    "categories": [
      {
        "code": "Chips, Cookies & Snacks",
        "desc": "Chips, Cookies & Snacks"
      }
    ],
    "subCategories": [
      {
        "code": "Cookies & Crackers",
        "desc": "Cookies & Crackers"
      }
    ],
    "brands": [
      {
        "code": "Blue Diamond",
        "desc": "Blue Diamond"
      }
    ],
    "price": {
      "basePrice": 4.69,
      "discountPrice": 4.69
    },
    "type": {
      "code": "Crackers",
      "desc": "Crackers"
    },
    "weight": "4.25 oz",
    "UpcCode": "",
    "tax": 0.0,
    "spiceLevel": "",
    "aiselNo": "6",
    "store": "Market Basket",
    "weightType": "4.25 oz",
    "imageName": "15195.jpg",
    "defaultImage": "15195.jpg",
    "updatedTimestamp": "Jan 23, 2021 8:02:30 PM",
    "createdTimestamp": "Jan 23, 2021 8:02:30 PM",
    "isNewlyAdded": false,
    "isActive": true,
    "isDealsEnabled": false,
    "quantity": 0
  },
  {
    "id": 12697,
    "code": "Jessica's Brick Oven Cinnamon Raisin Swirl Bread",
    "desc": "Jessica's Brick Oven Cinnamon Raisin Swirl Bread",
    "shortDesc": "Jessica's Brick Oven Cinnamon Raisin Swirl Bread",
    "tags": [
      "Bread"
    ],
    "categories": [
      {
        "code": "Breakfast & Dairy",
        "desc": "Breakfast & Dairy"
      }
    ],
    "subCategories": [
      {
        "code": "Breads & Rolls",
        "desc": "Breads & Rolls"
      }
    ],
    "brands": [
      {
        "code": "Jessica's Brick Oven Bakery",
        "desc": "Jessica's Brick Oven Bakery"
      }
    ],
    "price": {
      "basePrice": 4.69,
      "discountPrice": 4.69
    },
    "type": {
      "code": "Bread",
      "desc": "Bread"
    },
    "weight": "24 oz",
    "UpcCode": "",
    "tax": 0.0,
    "spiceLevel": "",
    "aiselNo": "18",
    "store": "Market Basket",
    "weightType": "24 oz",
    "imageName": "No Image.jpg",
    "defaultImage": "No Image.jpg",
    "updatedTimestamp": "Jan 23, 2021 8:02:30 PM",
    "createdTimestamp": "Jan 23, 2021 8:02:30 PM",
    "isNewlyAdded": false,
    "isActive": true,
    "isDealsEnabled": false,
    "quantity": 0
  },
  {
    "id": 13034,
    "code": "Honey Bunches Of Oats Honey Bunches of Oats Cinnamon Bunches Cereal",
    "desc": "Honey Bunches Of Oats Honey Bunches of Oats Cinnamon Bunches Cereal",
    "shortDesc": "Honey Bunches Of Oats Honey Bunches of Oats Cinnamon Bunches Cereal",
    "tags": [
      "Cereal"
    ],
    "categories": [
      {
        "code": "Breakfast & Dairy",
        "desc": "Breakfast & Dairy"
      }
    ],
    "subCategories": [
      {
        "code": "Cereal",
        "desc": "Cereal"
      }
    ],
    "brands": [
      {
        "code": "Honey Bunches",
        "desc": "Honey Bunches"
      }
    ],
    "price": {
      "basePrice": 3.69,
      "discountPrice": 3.69
    },
    "type": {
      "code": "Cereal",
      "desc": "Cereal"
    },
    "weight": "14.5 oz",
    "UpcCode": "",
    "tax": 0.0,
    "spiceLevel": "",
    "aiselNo": "5",
    "store": "Market Basket",
    "weightType": "14.5 oz",
    "imageName": "17557.jpg",
    "defaultImage": "17557.jpg",
    "updatedTimestamp": "Jan 23, 2021 8:02:30 PM",
    "createdTimestamp": "Jan 23, 2021 8:02:30 PM",
    "isNewlyAdded": false,
    "isActive": true,
    "isDealsEnabled": false,
    "quantity": 0
  },
  {
    "id": 14349,
    "code": "Cafe Jose Tarrazu Reserve",
    "desc": "Cafe Jose Tarrazu Reserve",
    "shortDesc": "Cafe Jose Tarrazu Reserve",
    "tags": [
      "Coffee"
    ],
    "categories": [
      {
        "code": "Breakfast & Dairy",
        "desc": "Breakfast & Dairy"
      }
    ],
    "subCategories": [
      {
        "code": "Tea & Coffee",
        "desc": "Tea & Coffee"
      }
    ],
    "brands": [
      {
        "code": "Cafe Jose",
        "desc": "Cafe Jose"
      }
    ],
    "price": {
      "basePrice": 8.59,
      "discountPrice": 8.59
    },
    "type": {
      "code": "Coffee",
      "desc": "Coffee"
    },
    "weight": "12 oz",
    "UpcCode": "",
    "tax": 0.0,
    "spiceLevel": "",
    "aiselNo": "8",
    "store": "Market Basket",
    "weightType": "12 oz",
    "imageName": "No Image.jpg",
    "defaultImage": "No Image.jpg",
    "updatedTimestamp": "Jan 23, 2021 8:02:30 PM",
    "createdTimestamp": "Jan 23, 2021 8:02:30 PM",
    "isNewlyAdded": false,
    "isActive": true,
    "isDealsEnabled": false,
    "quantity": 0
  },
  {
    "id": 5092,
    "code": "Nabisco Nutter Butter Peanut Butter Sandwich Cookies Family Size",
    "desc": "Nabisco Nutter Butter Peanut Butter Sandwich Cookies Family Size",
    "shortDesc": "Nabisco Nutter Butter Peanut Butter Sandwich Cookies Family Size",
    "tags": [
      "Cookies & Cakes"
    ],
    "categories": [
      {
        "code": "Chips, Cookies & Snacks",
        "desc": "Chips, Cookies & Snacks"
      }
    ],
    "subCategories": [
      {
        "code": "Cookies & Crackers",
        "desc": "Cookies & Crackers"
      }
    ],
    "brands": [
      {
        "code": "Nabisco",
        "desc": "Nabisco"
      }
    ],
    "price": {
      "basePrice": 5.77,
      "discountPrice": 5.77
    },
    "type": {
      "code": "Cookies & Cakes",
      "desc": "Cookies & Cakes"
    },
    "weight": "16 oz",
    "UpcCode": "",
    "tax": 0.0,
    "spiceLevel": "",
    "aiselNo": "6",
    "store": "Market Basket",
    "weightType": "16 oz",
    "imageName": "1145.jpg",
    "defaultImage": "1145.jpg",
    "updatedTimestamp": "Jan 23, 2021 8:02:30 PM",
    "createdTimestamp": "Jan 23, 2021 8:02:30 PM",
    "isNewlyAdded": false,
    "isActive": true,
    "isDealsEnabled": false,
    "quantity": 0
  },
  {
    "id": 14775,
    "code": "Pantene Pro-V Sheer Volume Conditioner",
    "desc": "Pantene Pro-V Sheer Volume Conditioner",
    "shortDesc": "Pantene Pro-V Sheer Volume Conditioner",
    "tags": [
      "Hair Care"
    ],
    "categories": [
      {
        "code": "Personal Care",
        "desc": "Personal Care"
      }
    ],
    "subCategories": [
      {
        "code": "Body Wash, Soap & Hair Care",
        "desc": "Body Wash, Soap & Hair Care"
      }
    ],
    "brands": [
      {
        "code": "Pantene",
        "desc": "Pantene"
      }
    ],
    "price": {
      "basePrice": 6.66,
      "discountPrice": 6.66
    },
    "type": {
      "code": "Hair Care",
      "desc": "Hair Care"
    },
    "weight": "12.6 fl oz",
    "UpcCode": "",
    "tax": 1.0,
    "spiceLevel": "",
    "aiselNo": "13",
    "store": "Market Basket",
    "weightType": "12.6 fl oz",
    "imageName": "18176.jpg",
    "defaultImage": "18176.jpg",
    "updatedTimestamp": "Jan 23, 2021 8:02:30 PM",
    "createdTimestamp": "Jan 23, 2021 8:02:30 PM",
    "isNewlyAdded": false,
    "isActive": true,
    "isDealsEnabled": false,
    "quantity": 0
  },
  {
    "id": 13813,
    "code": "Treasure Cave Gorgonzola Crumbled Cheese",
    "desc": "Treasure Cave Gorgonzola Crumbled Cheese",
    "shortDesc": "Treasure Cave Gorgonzola Crumbled Cheese",
    "tags": [
      "Packaged Cheese"
    ],
    "categories": [
      {
        "code": "Breakfast & Dairy",
        "desc": "Breakfast & Dairy"
      }
    ],
    "subCategories": [
      {
        "code": "Dairy & Eggs",
        "desc": "Dairy & Eggs"
      }
    ],
    "brands": [
      {
        "code": "Treasure Cave",
        "desc": "Treasure Cave"
      }
    ],
    "price": {
      "basePrice": 2.49,
      "discountPrice": 2.49
    },
    "type": {
      "code": "Packaged Cheese",
      "desc": "Packaged Cheese"
    },
    "weight": "5 oz",
    "UpcCode": "",
    "tax": 0.0,
    "spiceLevel": "",
    "aiselNo": "1",
    "store": "Market Basket",
    "weightType": "5 oz",
    "imageName": "14630.jpg",
    "defaultImage": "14630.jpg",
    "updatedTimestamp": "Jan 23, 2021 8:02:30 PM",
    "createdTimestamp": "Jan 23, 2021 8:02:30 PM",
    "isNewlyAdded": false,
    "isActive": true,
    "isDealsEnabled": false,
    "quantity": 0
  },
  {
    "id": 250,
    "code": "Planet Dishwashing Liquid, Free & Clear, Ultra",
    "desc": "Planet Dishwashing Liquid, Free & Clear, Ultra",
    "shortDesc": "Planet Dishwashing Liquid, Free & Clear, Ultra",
    "tags": [
      "Dish Liquid"
    ],
    "categories": [
      {
        "code": "Kitchen & Cleaning",
        "desc": "Kitchen & Cleaning"
      }
    ],
    "subCategories": [
      {
        "code": "Dish Detergents",
        "desc": "Dish Detergents"
      }
    ],
    "brands": [
      {
        "code": "Planet",
        "desc": "Planet"
      }
    ],
    "price": {
      "basePrice": 3.69,
      "discountPrice": 3.69
    },
    "type": {
      "code": "Dish Liquid",
      "desc": "Dish Liquid"
    },
    "weight": "25 oz",
    "UpcCode": "",
    "tax": 1.0,
    "spiceLevel": "",
    "aiselNo": "15",
    "store": "Market Basket",
    "weightType": "25 oz",
    "imageName": "16843.jpg",
    "defaultImage": "16843.jpg",
    "updatedTimestamp": "Jan 23, 2021 8:02:30 PM",
    "createdTimestamp": "Jan 23, 2021 8:02:30 PM",
    "isNewlyAdded": false,
    "isActive": true,
    "isDealsEnabled": false,
    "quantity": 0
  },
  {
    "id": 15064,
    "code": "Tom's Of Maine Deodorant, Long Lasting, Maine Woodspice",
    "desc": "Tom's Of Maine Deodorant, Long Lasting, Maine Woodspice",
    "shortDesc": "Tom's Of Maine Deodorant, Long Lasting, Maine Woodspice",
    "tags": [
      "Deodorants"
    ],
    "categories": [
      {
        "code": "Personal Care",
        "desc": "Personal Care"
      }
    ],
    "subCategories": [
      {
        "code": "Personal Needs",
        "desc": "Personal Needs"
      }
    ],
    "brands": [
      {
        "code": "Tom's Of Maine",
        "desc": "Tom's Of Maine"
      }
    ],
    "price": {
      "basePrice": 7.0,
      "discountPrice": 7.0
    },
    "type": {
      "code": "Deodorants",
      "desc": "Deodorants"
    },
    "weight": "2.25 oz",
    "UpcCode": "",
    "tax": 1.0,
    "spiceLevel": "",
    "aiselNo": "13",
    "store": "Market Basket",
    "weightType": "2.25 oz",
    "imageName": "17692.jpg",
    "defaultImage": "17692.jpg",
    "updatedTimestamp": "Jan 23, 2021 8:02:30 PM",
    "createdTimestamp": "Jan 23, 2021 8:02:30 PM",
    "isNewlyAdded": false,
    "isActive": true,
    "isDealsEnabled": false,
    "quantity": 0
  },
  {
    "id": 13910,
    "code": "So Delicious Creamer, Coconut Milk, French Vanilla",
    "desc": "So Delicious Creamer, Coconut Milk, French Vanilla",
    "shortDesc": "So Delicious Creamer, Coconut Milk, French Vanilla",
    "tags": [
      "Soy & Lactose-Free"
    ],
    "categories": [
      {
        "code": "Breakfast & Dairy",
        "desc": "Breakfast & Dairy"
      }
    ],
    "subCategories": [
      {
        "code": "Dairy & Eggs",
        "desc": "Dairy & Eggs"
      }
    ],
    "brands": [
      {
        "code": "So Delicious",
        "desc": "So Delicious"
      }
    ],
    "price": {
      "basePrice": 2.39,
      "discountPrice": 2.39
    },
    "type": {
      "code": "Soy & Lactose-Free",
      "desc": "Soy & Lactose-Free"
    },
    "weight": "1 pint",
    "UpcCode": "",
    "tax": 0.0,
    "spiceLevel": "",
    "aiselNo": "1",
    "store": "Market Basket",
    "weightType": "1 pint",
    "imageName": "735.jpg",
    "defaultImage": "735.jpg",
    "updatedTimestamp": "Jan 23, 2021 8:02:30 PM",
    "createdTimestamp": "Jan 23, 2021 8:02:30 PM",
    "isNewlyAdded": false,
    "isActive": true,
    "isDealsEnabled": false,
    "quantity": 0
  },
  {
    "id": 6641,
    "code": "Odwalla Mo Beta Fruit Juice Drink",
    "desc": "Odwalla Mo Beta Fruit Juice Drink",
    "shortDesc": "Odwalla Mo Beta Fruit Juice Drink",
    "tags": [
      "Refrigerated Drinks"
    ],
    "categories": [
      {
        "code": "Beverages & Juices",
        "desc": "Beverages & Juices"
      }
    ],
    "subCategories": [
      {
        "code": "Juices & Refrigerated Drinks",
        "desc": "Juices & Refrigerated Drinks"
      }
    ],
    "brands": [
      {
        "code": "Odwalla",
        "desc": "Odwalla"
      }
    ],
    "price": {
      "basePrice": 3.09,
      "discountPrice": 3.09
    },
    "type": {
      "code": "Refrigerated Drinks",
      "desc": "Refrigerated Drinks"
    },
    "weight": "15.2 oz",
    "UpcCode": "",
    "tax": 0.0,
    "spiceLevel": "",
    "aiselNo": "20",
    "store": "Market Basket",
    "weightType": "15.2 oz",
    "imageName": "16551.jpg",
    "defaultImage": "16551.jpg",
    "updatedTimestamp": "Jan 23, 2021 8:02:30 PM",
    "createdTimestamp": "Jan 23, 2021 8:02:30 PM",
    "isNewlyAdded": false,
    "isActive": true,
    "isDealsEnabled": false,
    "quantity": 0
  },
  {
    "id": 5953,
    "code": "Mr & Mrs T Original Margarita Mix",
    "desc": "Mr & Mrs T Original Margarita Mix",
    "shortDesc": "Mr & Mrs T Original Margarita Mix",
    "tags": [
      "Cocoa & Drink Mixes"
    ],
    "categories": [
      {
        "code": "Beverages & Juices",
        "desc": "Beverages & Juices"
      }
    ],
    "subCategories": [
      {
        "code": "Cocoa & Drink Mixes",
        "desc": "Cocoa & Drink Mixes"
      }
    ],
    "brands": [
      {
        "code": "Mr & Mrs T",
        "desc": "Mr & Mrs T"
      }
    ],
    "price": {
      "basePrice": 4.99,
      "discountPrice": 4.99
    },
    "type": {
      "code": "Cocoa & Drink Mixes",
      "desc": "Cocoa & Drink Mixes"
    },
    "weight": "1 L",
    "UpcCode": "",
    "tax": 0.0,
    "spiceLevel": "",
    "aiselNo": "17",
    "store": "Market Basket",
    "weightType": "1 L",
    "imageName": "No Image.jpg",
    "defaultImage": "No Image.jpg",
    "updatedTimestamp": "Jan 23, 2021 8:02:29 PM",
    "createdTimestamp": "Jan 23, 2021 8:02:29 PM",
    "isNewlyAdded": false,
    "isActive": true,
    "isDealsEnabled": false,
    "quantity": 0
  },
  {
    "id": 6834,
    "code": "Equal Original 0 Calorie Sweetener Packets",
    "desc": "Equal Original 0 Calorie Sweetener Packets",
    "shortDesc": "Equal Original 0 Calorie Sweetener Packets",
    "tags": [
      "Baking Ingredients"
    ],
    "categories": [
      {
        "code": "Cooking Needs",
        "desc": "Cooking Needs"
      }
    ],
    "subCategories": [
      {
        "code": "Baking & Cooking",
        "desc": "Baking & Cooking"
      }
    ],
    "brands": [
      {
        "code": "Equal",
        "desc": "Equal"
      }
    ],
    "price": {
      "basePrice": 4.89,
      "discountPrice": 4.89
    },
    "type": {
      "code": "Baking Ingredients",
      "desc": "Baking Ingredients"
    },
    "weight": "115 count",
    "UpcCode": "",
    "tax": 0.0,
    "spiceLevel": "",
    "aiselNo": "8",
    "store": "Market Basket",
    "weightType": "115 count",
    "imageName": "15738.jpg",
    "defaultImage": "15738.jpg",
    "updatedTimestamp": "Jan 23, 2021 8:02:30 PM",
    "createdTimestamp": "Jan 23, 2021 8:02:30 PM",
    "isNewlyAdded": false,
    "isActive": true,
    "isDealsEnabled": false,
    "quantity": 0
  },
  {
    "id": 13595,
    "code": "Market Basket Part Skim Ricotta",
    "desc": "Market Basket Part Skim Ricotta",
    "shortDesc": "Market Basket Part Skim Ricotta",
    "tags": [
      "Other Creams & Cheeses"
    ],
    "categories": [
      {
        "code": "Breakfast & Dairy",
        "desc": "Breakfast & Dairy"
      }
    ],
    "subCategories": [
      {
        "code": "Dairy & Eggs",
        "desc": "Dairy & Eggs"
      }
    ],
    "brands": [
      {
        "code": "Market Basket",
        "desc": "Market Basket"
      }
    ],
    "price": {
      "basePrice": 3.09,
      "discountPrice": 3.09
    },
    "type": {
      "code": "Other Creams & Cheeses",
      "desc": "Other Creams & Cheeses"
    },
    "weight": "32 oz",
    "UpcCode": "",
    "tax": 0.0,
    "spiceLevel": "",
    "aiselNo": "1",
    "store": "Market Basket",
    "weightType": "32 oz",
    "imageName": "Market Basket.jpg",
    "defaultImage": "Market Basket.jpg",
    "updatedTimestamp": "Jan 23, 2021 8:02:30 PM",
    "createdTimestamp": "Jan 23, 2021 8:02:30 PM",
    "isNewlyAdded": false,
    "isActive": true,
    "isDealsEnabled": false,
    "quantity": 0
  },
  {
    "id": 4667,
    "code": "Goya Squid Pieces, Premium, Jumbo, in Olive Oil",
    "desc": "Goya Squid Pieces, Premium, Jumbo, in Olive Oil",
    "shortDesc": "Goya Squid Pieces, Premium, Jumbo, in Olive Oil",
    "tags": [
      "Canned Squid"
    ],
    "categories": [
      {
        "code": "Meat & Seafood",
        "desc": "Meat & Seafood"
      }
    ],
    "subCategories": [
      {
        "code": "Canned Meat & Seafood",
        "desc": "Canned Meat & Seafood"
      }
    ],
    "brands": [
      {
        "code": "Goya",
        "desc": "Goya"
      }
    ],
    "price": {
      "basePrice": 3.09,
      "discountPrice": 3.09
    },
    "type": {
      "code": "Canned Squid",
      "desc": "Canned Squid"
    },
    "weight": "4 oz",
    "UpcCode": "",
    "tax": 0.0,
    "spiceLevel": "",
    "aiselNo": "2",
    "store": "Market Basket",
    "weightType": "4 oz",
    "imageName": "5224.jpg",
    "defaultImage": "5224.jpg",
    "updatedTimestamp": "Jan 23, 2021 8:02:30 PM",
    "createdTimestamp": "Jan 23, 2021 8:02:30 PM",
    "isNewlyAdded": false,
    "isActive": true,
    "isDealsEnabled": false,
    "quantity": 0
  },
  {
    "id": 4091,
    "code": "Market Basket Beef Semi Boneless Large End Rib Steak",
    "desc": "Market Basket Beef Semi Boneless Large End Rib Steak",
    "shortDesc": "Market Basket Beef Semi Boneless Large End Rib Steak",
    "tags": [
      "Beef"
    ],
    "categories": [
      {
        "code": "Meat & Seafood",
        "desc": "Meat & Seafood"
      }
    ],
    "subCategories": [
      {
        "code": "Meat & Seafood Counter",
        "desc": "Meat & Seafood Counter"
      }
    ],
    "brands": [
      {
        "code": "Market Basket",
        "desc": "Market Basket"
      }
    ],
    "price": {
      "basePrice": 13.41,
      "discountPrice": 13.41
    },
    "type": {
      "code": "Beef",
      "desc": "Beef"
    },
    "weight": "Approx: 1.11 lb at $12.1/lb",
    "UpcCode": "",
    "tax": 0.0,
    "spiceLevel": "",
    "aiselNo": "22",
    "store": "Market Basket",
    "weightType": "Approx: 1.11 lb at $12.1/lb",
    "imageName": "Market Basket.jpg",
    "defaultImage": "Market Basket.jpg",
    "updatedTimestamp": "Jan 23, 2021 8:02:30 PM",
    "createdTimestamp": "Jan 23, 2021 8:02:30 PM",
    "isNewlyAdded": false,
    "isActive": true,
    "isDealsEnabled": false,
    "quantity": 0
  },
  {
    "id": 8053,
    "code": "Market Basket Noodle Soup With Real Chicken Broth",
    "desc": "Market Basket Noodle Soup With Real Chicken Broth",
    "shortDesc": "Market Basket Noodle Soup With Real Chicken Broth",
    "tags": [
      "Soup, Broth & Bouillon"
    ],
    "categories": [
      {
        "code": "Cooking Needs",
        "desc": "Cooking Needs"
      }
    ],
    "subCategories": [
      {
        "code": "Canned Food",
        "desc": "Canned Food"
      }
    ],
    "brands": [
      {
        "code": "Market Basket",
        "desc": "Market Basket"
      }
    ],
    "price": {
      "basePrice": 0.89,
      "discountPrice": 0.89
    },
    "type": {
      "code": "Soup, Broth & Bouillon",
      "desc": "Soup, Broth & Bouillon"
    },
    "weight": "4 oz",
    "UpcCode": "",
    "tax": 0.0,
    "spiceLevel": "",
    "aiselNo": "2",
    "store": "Market Basket",
    "weightType": "4 oz",
    "imageName": "Market Basket.jpg",
    "defaultImage": "Market Basket.jpg",
    "updatedTimestamp": "Jan 23, 2021 8:02:30 PM",
    "createdTimestamp": "Jan 23, 2021 8:02:30 PM",
    "isNewlyAdded": false,
    "isActive": true,
    "isDealsEnabled": false,
    "quantity": 0
  },
  {
    "id": 4898,
    "code": "Market Basket Yellow Round Tortilla Chips",
    "desc": "Market Basket Yellow Round Tortilla Chips",
    "shortDesc": "Market Basket Yellow Round Tortilla Chips",
    "tags": [
      "Chips & Pretzels"
    ],
    "categories": [
      {
        "code": "Chips, Cookies & Snacks",
        "desc": "Chips, Cookies & Snacks"
      }
    ],
    "subCategories": [
      {
        "code": "Chips & Fruit Snacks",
        "desc": "Chips & Fruit Snacks"
      }
    ],
    "brands": [
      {
        "code": "Market Basket",
        "desc": "Market Basket"
      }
    ],
    "price": {
      "basePrice": 3.13,
      "discountPrice": 3.13
    },
    "type": {
      "code": "Chips & Pretzels",
      "desc": "Chips & Pretzels"
    },
    "weight": "12.5 oz",
    "UpcCode": "",
    "tax": 0.0,
    "spiceLevel": "",
    "aiselNo": "0",
    "store": "Market Basket",
    "weightType": "12.5 oz",
    "imageName": "Market Basket.jpg",
    "defaultImage": "Market Basket.jpg",
    "updatedTimestamp": "Jan 23, 2021 8:02:30 PM",
    "createdTimestamp": "Jan 23, 2021 8:02:30 PM",
    "isNewlyAdded": false,
    "isActive": true,
    "isDealsEnabled": false,
    "quantity": 0
  },
  {
    "id": 7621,
    "code": "Del Monte No Sugar Added Fruit Cocktail Packed in Water",
    "desc": "Del Monte No Sugar Added Fruit Cocktail Packed in Water",
    "shortDesc": "Del Monte No Sugar Added Fruit Cocktail Packed in Water",
    "tags": [
      "Canned Fruit & Applesauce"
    ],
    "categories": [
      {
        "code": "Cooking Needs",
        "desc": "Cooking Needs"
      }
    ],
    "subCategories": [
      {
        "code": "Canned Food",
        "desc": "Canned Food"
      }
    ],
    "brands": [
      {
        "code": "Del Monte",
        "desc": "Del Monte"
      }
    ],
    "price": {
      "basePrice": 1.69,
      "discountPrice": 1.69
    },
    "type": {
      "code": "Canned Fruit & Applesauce",
      "desc": "Canned Fruit & Applesauce"
    },
    "weight": "14.5 oz",
    "UpcCode": "",
    "tax": 0.0,
    "spiceLevel": "",
    "aiselNo": "3",
    "store": "Market Basket",
    "weightType": "14.5 oz",
    "imageName": "4907.jpg",
    "defaultImage": "4907.jpg",
    "updatedTimestamp": "Jan 23, 2021 8:02:30 PM",
    "createdTimestamp": "Jan 23, 2021 8:02:30 PM",
    "isNewlyAdded": false,
    "isActive": true,
    "isDealsEnabled": false,
    "quantity": 0
  },
  {
    "id": 8977,
    "code": "Goya Jam, Premium, Mango",
    "desc": "Goya Jam, Premium, Mango",
    "shortDesc": "Goya Jam, Premium, Mango",
    "tags": [
      "Spreads"
    ],
    "categories": [
      {
        "code": "Condiments & Dressings",
        "desc": "Condiments & Dressings"
      }
    ],
    "subCategories": [
      {
        "code": "Preserved Dips & Spreads",
        "desc": "Preserved Dips & Spreads"
      }
    ],
    "brands": [
      {
        "code": "Goya",
        "desc": "Goya"
      }
    ],
    "price": {
      "basePrice": 3.29,
      "discountPrice": 3.29
    },
    "type": {
      "code": "Spreads",
      "desc": "Spreads"
    },
    "weight": "17 oz",
    "UpcCode": "",
    "tax": 0.0,
    "spiceLevel": "",
    "aiselNo": "7",
    "store": "Market Basket",
    "weightType": "17 oz",
    "imageName": "15422.jpg",
    "defaultImage": "15422.jpg",
    "updatedTimestamp": "Jan 23, 2021 8:02:30 PM",
    "createdTimestamp": "Jan 23, 2021 8:02:30 PM",
    "isNewlyAdded": false,
    "isActive": true,
    "isDealsEnabled": false,
    "quantity": 0
  },
  {
    "id": 9773,
    "code": "Birds Eye Steamfresh Chef's Favorites Garlic Baby Peas & Mushrooms",
    "desc": "Birds Eye Steamfresh Chef's Favorites Garlic Baby Peas & Mushrooms",
    "shortDesc": "Birds Eye Steamfresh Chef's Favorites Garlic Baby Peas & Mushrooms",
    "tags": [
      "Frozen Produce"
    ],
    "categories": [
      {
        "code": "Frozen Food",
        "desc": "Frozen Food"
      }
    ],
    "subCategories": [
      {
        "code": "Frozen Produce",
        "desc": "Frozen Produce"
      }
    ],
    "brands": [
      {
        "code": "Birds Eye",
        "desc": "Birds Eye"
      }
    ],
    "price": {
      "basePrice": 3.59,
      "discountPrice": 3.59
    },
    "type": {
      "code": "Frozen Produce",
      "desc": "Frozen Produce"
    },
    "weight": "10.8 oz",
    "UpcCode": "",
    "tax": 0.0,
    "spiceLevel": "",
    "aiselNo": "19",
    "store": "Market Basket",
    "weightType": "10.8 oz",
    "imageName": "2469.jpg",
    "defaultImage": "2469.jpg",
    "updatedTimestamp": "Jan 23, 2021 8:02:30 PM",
    "createdTimestamp": "Jan 23, 2021 8:02:30 PM",
    "isNewlyAdded": false,
    "isActive": true,
    "isDealsEnabled": false,
    "quantity": 0
  },
  {
    "id": 8325,
    "code": "Market Basket Gravy",
    "desc": "Market Basket Gravy",
    "shortDesc": "Market Basket Gravy",
    "tags": [
      "Fresh Dips & Tapenades"
    ],
    "categories": [
      {
        "code": "Condiments & Dressings",
        "desc": "Condiments & Dressings"
      }
    ],
    "subCategories": [
      {
        "code": "Fresh Dips & Tapenades",
        "desc": "Fresh Dips & Tapenades"
      }
    ],
    "brands": [
      {
        "code": "Market Basket",
        "desc": "Market Basket"
      }
    ],
    "price": {
      "basePrice": 1.59,
      "discountPrice": 1.59
    },
    "type": {
      "code": "Fresh Dips & Tapenades",
      "desc": "Fresh Dips & Tapenades"
    },
    "weight": "12 fl oz",
    "UpcCode": "",
    "tax": 0.0,
    "spiceLevel": "",
    "aiselNo": "1",
    "store": "Market Basket",
    "weightType": "12 fl oz",
    "imageName": "Market Basket.jpg",
    "defaultImage": "Market Basket.jpg",
    "updatedTimestamp": "Jan 23, 2021 8:02:30 PM",
    "createdTimestamp": "Jan 23, 2021 8:02:30 PM",
    "isNewlyAdded": false,
    "isActive": true,
    "isDealsEnabled": false,
    "quantity": 0
  },
  {
    "id": 9881,
    "code": "Market Basket Quick And Steamy Rice And Vegetables",
    "desc": "Market Basket Quick And Steamy Rice And Vegetables",
    "shortDesc": "Market Basket Quick And Steamy Rice And Vegetables",
    "tags": [
      "Frozen Produce"
    ],
    "categories": [
      {
        "code": "Frozen Food",
        "desc": "Frozen Food"
      }
    ],
    "subCategories": [
      {
        "code": "Frozen Produce",
        "desc": "Frozen Produce"
      }
    ],
    "brands": [
      {
        "code": "Market Basket",
        "desc": "Market Basket"
      }
    ],
    "price": {
      "basePrice": 1.29,
      "discountPrice": 1.29
    },
    "type": {
      "code": "Frozen Produce",
      "desc": "Frozen Produce"
    },
    "weight": "12 oz",
    "UpcCode": "",
    "tax": 0.0,
    "spiceLevel": "",
    "aiselNo": "19",
    "store": "Market Basket",
    "weightType": "12 oz",
    "imageName": "Market Basket.jpg",
    "defaultImage": "Market Basket.jpg",
    "updatedTimestamp": "Jan 23, 2021 8:02:30 PM",
    "createdTimestamp": "Jan 23, 2021 8:02:30 PM",
    "isNewlyAdded": false,
    "isActive": true,
    "isDealsEnabled": false,
    "quantity": 0
  },
  {
    "id": 5368,
    "code": "Homefree Vanilla Mini Cookies",
    "desc": "Homefree Vanilla Mini Cookies",
    "shortDesc": "Homefree Vanilla Mini Cookies",
    "tags": [
      "Cookies & Cakes"
    ],
    "categories": [
      {
        "code": "Chips, Cookies & Snacks",
        "desc": "Chips, Cookies & Snacks"
      }
    ],
    "subCategories": [
      {
        "code": "Cookies & Crackers",
        "desc": "Cookies & Crackers"
      }
    ],
    "brands": [
      {
        "code": "Homefree",
        "desc": "Homefree"
      }
    ],
    "price": {
      "basePrice": 6.23,
      "discountPrice": 6.23
    },
    "type": {
      "code": "Cookies & Cakes",
      "desc": "Cookies & Cakes"
    },
    "weight": "5 oz",
    "UpcCode": "",
    "tax": 0.0,
    "spiceLevel": "",
    "aiselNo": "6",
    "store": "Market Basket",
    "weightType": "5 oz",
    "imageName": "No Image.jpg",
    "defaultImage": "No Image.jpg",
    "updatedTimestamp": "Jan 23, 2021 8:02:30 PM",
    "createdTimestamp": "Jan 23, 2021 8:02:30 PM",
    "isNewlyAdded": false,
    "isActive": true,
    "isDealsEnabled": false,
    "quantity": 0
  },
  {
    "id": 7498,
    "code": "Libby's Peas & Carrots",
    "desc": "Libby's Peas & Carrots",
    "shortDesc": "Libby's Peas & Carrots",
    "tags": [
      "Canned & Jarred Vegetables"
    ],
    "categories": [
      {
        "code": "Cooking Needs",
        "desc": "Cooking Needs"
      }
    ],
    "subCategories": [
      {
        "code": "Canned Food",
        "desc": "Canned Food"
      }
    ],
    "brands": [
      {
        "code": "Libby's",
        "desc": "Libby's"
      }
    ],
    "price": {
      "basePrice": 1.09,
      "discountPrice": 1.09
    },
    "type": {
      "code": "Canned & Jarred Vegetables",
      "desc": "Canned & Jarred Vegetables"
    },
    "weight": "15 oz",
    "UpcCode": "",
    "tax": 0.0,
    "spiceLevel": "",
    "aiselNo": "9",
    "store": "Market Basket",
    "weightType": "15 oz",
    "imageName": "5090.jpg",
    "defaultImage": "5090.jpg",
    "updatedTimestamp": "Jan 23, 2021 8:02:30 PM",
    "createdTimestamp": "Jan 23, 2021 8:02:30 PM",
    "isNewlyAdded": false,
    "isActive": true,
    "isDealsEnabled": false,
    "quantity": 0
  },
  {
    "id": 9723,
    "code": "Market Basket Wheat Pizza Dough",
    "desc": "Market Basket Wheat Pizza Dough",
    "shortDesc": "Market Basket Wheat Pizza Dough",
    "tags": [
      "Frozen Pizza"
    ],
    "categories": [
      {
        "code": "Frozen Food",
        "desc": "Frozen Food"
      }
    ],
    "subCategories": [
      {
        "code": "Frozen Pizza",
        "desc": "Frozen Pizza"
      }
    ],
    "brands": [
      {
        "code": "Market Basket",
        "desc": "Market Basket"
      }
    ],
    "price": {
      "basePrice": 1.59,
      "discountPrice": 1.59
    },
    "type": {
      "code": "Frozen Pizza",
      "desc": "Frozen Pizza"
    },
    "weight": "18.5 oz",
    "UpcCode": "",
    "tax": 0.0,
    "spiceLevel": "",
    "aiselNo": "19",
    "store": "Market Basket",
    "weightType": "18.5 oz",
    "imageName": "Market Basket.jpg",
    "defaultImage": "Market Basket.jpg",
    "updatedTimestamp": "Jan 23, 2021 8:02:30 PM",
    "createdTimestamp": "Jan 23, 2021 8:02:30 PM",
    "isNewlyAdded": false,
    "isActive": true,
    "isDealsEnabled": false,
    "quantity": 0
  },
  {
    "id": 15170,
    "code": "Colgate Tartar Protection Whitening Toothpaste Cool Mint",
    "desc": "Colgate Tartar Protection Whitening Toothpaste Cool Mint",
    "shortDesc": "Colgate Tartar Protection Whitening Toothpaste Cool Mint",
    "tags": [
      "Oral Hygiene"
    ],
    "categories": [
      {
        "code": "Personal Care",
        "desc": "Personal Care"
      }
    ],
    "subCategories": [
      {
        "code": "Personal Needs",
        "desc": "Personal Needs"
      }
    ],
    "brands": [
      {
        "code": "Colgate",
        "desc": "Colgate"
      }
    ],
    "price": {
      "basePrice": 2.86,
      "discountPrice": 2.86
    },
    "type": {
      "code": "Oral Hygiene",
      "desc": "Oral Hygiene"
    },
    "weight": "6.4 oz",
    "UpcCode": "",
    "tax": 1.0,
    "spiceLevel": "",
    "aiselNo": "13",
    "store": "Market Basket",
    "weightType": "6.4 oz",
    "imageName": "6397.jpg",
    "defaultImage": "6397.jpg",
    "updatedTimestamp": "Jan 23, 2021 8:02:30 PM",
    "createdTimestamp": "Jan 23, 2021 8:02:30 PM",
    "isNewlyAdded": false,
    "isActive": true,
    "isDealsEnabled": false,
    "quantity": 0
  },
  {
    "id": 12899,
    "code": "Grand Central Bakery 8\" Central French Roll",
    "desc": "Grand Central Bakery 8\" Central French Roll",
    "shortDesc": "Grand Central Bakery 8\" Central French Roll",
    "tags": [
      "Rolls"
    ],
    "categories": [
      {
        "code": "Breakfast & Dairy",
        "desc": "Breakfast & Dairy"
      }
    ],
    "subCategories": [
      {
        "code": "Breads & Rolls",
        "desc": "Breads & Rolls"
      }
    ],
    "brands": [
      {
        "code": "Grand Central Bakery",
        "desc": "Grand Central Bakery"
      }
    ],
    "price": {
      "basePrice": 3.49,
      "discountPrice": 3.49
    },
    "type": {
      "code": "Rolls",
      "desc": "Rolls"
    },
    "weight": "16 oz",
    "UpcCode": "",
    "tax": 0.0,
    "spiceLevel": "",
    "aiselNo": "18",
    "store": "Market Basket",
    "weightType": "16 oz",
    "imageName": "No Image.jpg",
    "defaultImage": "No Image.jpg",
    "updatedTimestamp": "Jan 23, 2021 8:02:30 PM",
    "createdTimestamp": "Jan 23, 2021 8:02:30 PM",
    "isNewlyAdded": false,
    "isActive": true,
    "isDealsEnabled": false,
    "quantity": 0
  },
  {
    "id": 14149,
    "code": "Lifeway Blueberry Cultured Lowfat Milk",
    "desc": "Lifeway Blueberry Cultured Lowfat Milk",
    "shortDesc": "Lifeway Blueberry Cultured Lowfat Milk",
    "tags": [
      "Yogurt"
    ],
    "categories": [
      {
        "code": "Breakfast & Dairy",
        "desc": "Breakfast & Dairy"
      }
    ],
    "subCategories": [
      {
        "code": "Dairy & Eggs",
        "desc": "Dairy & Eggs"
      }
    ],
    "brands": [
      {
        "code": "Lifeway",
        "desc": "Lifeway"
      }
    ],
    "price": {
      "basePrice": 3.69,
      "discountPrice": 3.69
    },
    "type": {
      "code": "Yogurt",
      "desc": "Yogurt"
    },
    "weight": "32 oz",
    "UpcCode": "",
    "tax": 0.0,
    "spiceLevel": "",
    "aiselNo": "1",
    "store": "Market Basket",
    "weightType": "32 oz",
    "imageName": "14675.jpg",
    "defaultImage": "14675.jpg",
    "updatedTimestamp": "Jan 23, 2021 8:02:30 PM",
    "createdTimestamp": "Jan 23, 2021 8:02:30 PM",
    "isNewlyAdded": false,
    "isActive": true,
    "isDealsEnabled": false,
    "quantity": 0
  },
  {
    "id": 13881,
    "code": "Dream Blends Coconut, Almond & Chia Drink, Original",
    "desc": "Dream Blends Coconut, Almond & Chia Drink, Original",
    "shortDesc": "Dream Blends Coconut, Almond & Chia Drink, Original",
    "tags": [
      "Soy & Lactose-Free"
    ],
    "categories": [
      {
        "code": "Breakfast & Dairy",
        "desc": "Breakfast & Dairy"
      }
    ],
    "subCategories": [
      {
        "code": "Dairy & Eggs",
        "desc": "Dairy & Eggs"
      }
    ],
    "brands": [
      {
        "code": "Dream Blends",
        "desc": "Dream Blends"
      }
    ],
    "price": {
      "basePrice": 3.69,
      "discountPrice": 3.69
    },
    "type": {
      "code": "Soy & Lactose-Free",
      "desc": "Soy & Lactose-Free"
    },
    "weight": "32 oz",
    "UpcCode": "",
    "tax": 0.0,
    "spiceLevel": "",
    "aiselNo": "1",
    "store": "Market Basket",
    "weightType": "32 oz",
    "imageName": "14809.jpg",
    "defaultImage": "14809.jpg",
    "updatedTimestamp": "Jan 23, 2021 8:02:30 PM",
    "createdTimestamp": "Jan 23, 2021 8:02:30 PM",
    "isNewlyAdded": false,
    "isActive": true,
    "isDealsEnabled": false,
    "quantity": 0
  },
  {
    "id": 10188,
    "code": "Outshine Lemon Bars",
    "desc": "Outshine Lemon Bars",
    "shortDesc": "Outshine Lemon Bars",
    "tags": [
      "Ice Cream & Ice"
    ],
    "categories": [
      {
        "code": "Frozen Food",
        "desc": "Frozen Food"
      }
    ],
    "subCategories": [
      {
        "code": "Ice Cream & Ice",
        "desc": "Ice Cream & Ice"
      }
    ],
    "brands": [
      {
        "code": "Outshine",
        "desc": "Outshine"
      }
    ],
    "price": {
      "basePrice": 4.29,
      "discountPrice": 4.29
    },
    "type": {
      "code": "Ice Cream & Ice",
      "desc": "Ice Cream & Ice"
    },
    "weight": "6 count",
    "UpcCode": "",
    "tax": 0.0,
    "spiceLevel": "",
    "aiselNo": "21",
    "store": "Market Basket",
    "weightType": "6 count",
    "imageName": "3161.jpg",
    "defaultImage": "3161.jpg",
    "updatedTimestamp": "Jan 23, 2021 8:02:30 PM",
    "createdTimestamp": "Jan 23, 2021 8:02:30 PM",
    "isNewlyAdded": false,
    "isActive": true,
    "isDealsEnabled": false,
    "quantity": 0
  },
  {
    "id": 4309,
    "code": "Market Basket Boneless Center Cut Pork Chops",
    "desc": "Market Basket Boneless Center Cut Pork Chops",
    "shortDesc": "Market Basket Boneless Center Cut Pork Chops",
    "tags": [
      "Pork"
    ],
    "categories": [
      {
        "code": "Meat & Seafood",
        "desc": "Meat & Seafood"
      }
    ],
    "subCategories": [
      {
        "code": "Meat & Seafood Counter",
        "desc": "Meat & Seafood Counter"
      }
    ],
    "brands": [
      {
        "code": "Market Basket",
        "desc": "Market Basket"
      }
    ],
    "price": {
      "basePrice": 7.2,
      "discountPrice": 7.2
    },
    "type": {
      "code": "Pork",
      "desc": "Pork"
    },
    "weight": "Approx: 1.76 lb at $4.09/lb",
    "UpcCode": "",
    "tax": 0.0,
    "spiceLevel": "",
    "aiselNo": "22",
    "store": "Market Basket",
    "weightType": "Approx: 1.76 lb at $4.09/lb",
    "imageName": "Market Basket.jpg",
    "defaultImage": "Market Basket.jpg",
    "updatedTimestamp": "Jan 23, 2021 8:02:30 PM",
    "createdTimestamp": "Jan 23, 2021 8:02:30 PM",
    "isNewlyAdded": false,
    "isActive": true,
    "isDealsEnabled": false,
    "quantity": 0
  },
  {
    "id": 6078,
    "code": "Canada Dry Diet Ginger Ale",
    "desc": "Canada Dry Diet Ginger Ale",
    "shortDesc": "Canada Dry Diet Ginger Ale",
    "tags": [
      "Ginger Ale"
    ],
    "categories": [
      {
        "code": "Beverages & Juices",
        "desc": "Beverages & Juices"
      }
    ],
    "subCategories": [
      {
        "code": "Ginger Ale & Ginger Beer",
        "desc": "Ginger Ale & Ginger Beer"
      }
    ],
    "brands": [
      {
        "code": "Canada Dry",
        "desc": "Canada Dry"
      }
    ],
    "price": {
      "basePrice": 1.24,
      "discountPrice": 1.24
    },
    "type": {
      "code": "Ginger Ale",
      "desc": "Ginger Ale"
    },
    "weight": "2 L",
    "UpcCode": "",
    "tax": 0.0,
    "spiceLevel": "",
    "aiselNo": "17",
    "store": "Market Basket",
    "weightType": "2 L",
    "imageName": "16615.jpg",
    "defaultImage": "16615.jpg",
    "updatedTimestamp": "Jan 23, 2021 8:02:29 PM",
    "createdTimestamp": "Jan 23, 2021 8:02:29 PM",
    "isNewlyAdded": false,
    "isActive": true,
    "isDealsEnabled": false,
    "quantity": 0
  },
  {
    "id": 6409,
    "code": "Spindrift Sparkling Water Lemon & Brewed Black Tea",
    "desc": "Spindrift Sparkling Water Lemon & Brewed Black Tea",
    "shortDesc": "Spindrift Sparkling Water Lemon & Brewed Black Tea",
    "tags": [
      "Sparkling Water"
    ],
    "categories": [
      {
        "code": "Beverages & Juices",
        "desc": "Beverages & Juices"
      }
    ],
    "subCategories": [
      {
        "code": "Water",
        "desc": "Water"
      }
    ],
    "brands": [
      {
        "code": "Spindrift",
        "desc": "Spindrift"
      }
    ],
    "price": {
      "basePrice": 6.24,
      "discountPrice": 6.24
    },
    "type": {
      "code": "Sparkling Water",
      "desc": "Sparkling Water"
    },
    "weight": "8 x 12 fl oz",
    "UpcCode": "",
    "tax": 0.0,
    "spiceLevel": "",
    "aiselNo": "11",
    "store": "Market Basket",
    "weightType": "8 x 12 fl oz",
    "imageName": "No Image.jpg",
    "defaultImage": "No Image.jpg",
    "updatedTimestamp": "Jan 23, 2021 8:02:30 PM",
    "createdTimestamp": "Jan 23, 2021 8:02:30 PM",
    "isNewlyAdded": false,
    "isActive": true,
    "isDealsEnabled": false,
    "quantity": 0
  },
  {
    "id": 15228,
    "code": "Market Basket Extra Comfort Floss",
    "desc": "Market Basket Extra Comfort Floss",
    "shortDesc": "Market Basket Extra Comfort Floss",
    "tags": [
      "Oral Hygiene"
    ],
    "categories": [
      {
        "code": "Personal Care",
        "desc": "Personal Care"
      }
    ],
    "subCategories": [
      {
        "code": "Personal Needs",
        "desc": "Personal Needs"
      }
    ],
    "brands": [
      {
        "code": "Market Basket",
        "desc": "Market Basket"
      }
    ],
    "price": {
      "basePrice": 2.86,
      "discountPrice": 2.86
    },
    "type": {
      "code": "Oral Hygiene",
      "desc": "Oral Hygiene"
    },
    "weight": "43.7 yd",
    "UpcCode": "",
    "tax": 1.0,
    "spiceLevel": "",
    "aiselNo": "13",
    "store": "Market Basket",
    "weightType": "43.7 yd",
    "imageName": "Market Basket.jpg",
    "defaultImage": "Market Basket.jpg",
    "updatedTimestamp": "Jan 23, 2021 8:02:30 PM",
    "createdTimestamp": "Jan 23, 2021 8:02:30 PM",
    "isNewlyAdded": false,
    "isActive": true,
    "isDealsEnabled": false,
    "quantity": 0
  },
  {
    "id": 5857,
    "code": "Market Basket Salad Cherries",
    "desc": "Market Basket Salad Cherries",
    "shortDesc": "Market Basket Salad Cherries",
    "tags": [
      "Ice Cream Toppings"
    ],
    "categories": [
      {
        "code": "Richardson's Farm Ice Cream",
        "desc": "Richardson's Farm Ice Cream"
      }
    ],
    "subCategories": [
      {
        "code": "Ice Cream Toppings",
        "desc": "Ice Cream Toppings"
      }
    ],
    "brands": [
      {
        "code": "Market Basket",
        "desc": "Market Basket"
      }
    ],
    "price": {
      "basePrice": 1.89,
      "discountPrice": 1.89
    },
    "type": {
      "code": "Ice Cream Toppings",
      "desc": "Ice Cream Toppings"
    },
    "weight": "10 oz",
    "UpcCode": "",
    "tax": 0.0,
    "spiceLevel": "",
    "aiselNo": "20",
    "store": "Market Basket",
    "weightType": "10 oz",
    "imageName": "Market Basket.jpg",
    "defaultImage": "Market Basket.jpg",
    "updatedTimestamp": "Jan 23, 2021 8:02:30 PM",
    "createdTimestamp": "Jan 23, 2021 8:02:30 PM",
    "isNewlyAdded": false,
    "isActive": true,
    "isDealsEnabled": false,
    "quantity": 0
  },
  {
    "id": 6811,
    "code": "Carnation Vitamin D Added Evaporated Milk",
    "desc": "Carnation Vitamin D Added Evaporated Milk",
    "shortDesc": "Carnation Vitamin D Added Evaporated Milk",
    "tags": [
      "Baking Ingredients"
    ],
    "categories": [
      {
        "code": "Cooking Needs",
        "desc": "Cooking Needs"
      }
    ],
    "subCategories": [
      {
        "code": "Baking & Cooking",
        "desc": "Baking & Cooking"
      }
    ],
    "brands": [
      {
        "code": "Carnation ",
        "desc": "Carnation "
      }
    ],
    "price": {
      "basePrice": 0.79,
      "discountPrice": 0.79
    },
    "type": {
      "code": "Baking Ingredients",
      "desc": "Baking Ingredients"
    },
    "weight": "5 fl oz",
    "UpcCode": "",
    "tax": 0.0,
    "spiceLevel": "",
    "aiselNo": "8",
    "store": "Market Basket",
    "weightType": "5 fl oz",
    "imageName": "2369.jpg",
    "defaultImage": "2369.jpg",
    "updatedTimestamp": "Jan 23, 2021 8:02:30 PM",
    "createdTimestamp": "Jan 23, 2021 8:02:30 PM",
    "isNewlyAdded": false,
    "isActive": true,
    "isDealsEnabled": false,
    "quantity": 0
  },
  {
    "id": 14406,
    "code": "Market Basket Cappuccino",
    "desc": "Market Basket Cappuccino",
    "shortDesc": "Market Basket Cappuccino",
    "tags": [
      "Coffee"
    ],
    "categories": [
      {
        "code": "Breakfast & Dairy",
        "desc": "Breakfast & Dairy"
      }
    ],
    "subCategories": [
      {
        "code": "Tea & Coffee",
        "desc": "Tea & Coffee"
      }
    ],
    "brands": [
      {
        "code": "Market Basket",
        "desc": "Market Basket"
      }
    ],
    "price": {
      "basePrice": 0.59,
      "discountPrice": 0.59
    },
    "type": {
      "code": "Coffee",
      "desc": "Coffee"
    },
    "weight": "6 oz",
    "UpcCode": "",
    "tax": 0.0,
    "spiceLevel": "",
    "aiselNo": "8",
    "store": "Market Basket",
    "weightType": "6 oz",
    "imageName": "Market Basket.jpg",
    "defaultImage": "Market Basket.jpg",
    "updatedTimestamp": "Jan 23, 2021 8:02:30 PM",
    "createdTimestamp": "Jan 23, 2021 8:02:30 PM",
    "isNewlyAdded": false,
    "isActive": true,
    "isDealsEnabled": false,
    "quantity": 0
  },
  {
    "id": 7941,
    "code": "Campbell's Condensed Campbell's Condensed 98% Fat Free Cream of Chicken Soup",
    "desc": "Campbell's Condensed Campbell's Condensed 98% Fat Free Cream of Chicken Soup",
    "shortDesc": "Campbell's Condensed Campbell's Condensed 98% Fat Free Cream of Chicken Soup",
    "tags": [
      "Soup, Broth & Bouillon"
    ],
    "categories": [
      {
        "code": "Cooking Needs",
        "desc": "Cooking Needs"
      }
    ],
    "subCategories": [
      {
        "code": "Canned Food",
        "desc": "Canned Food"
      }
    ],
    "brands": [
      {
        "code": "Campbell's",
        "desc": "Campbell's"
      }
    ],
    "price": {
      "basePrice": 2.09,
      "discountPrice": 2.09
    },
    "type": {
      "code": "Soup, Broth & Bouillon",
      "desc": "Soup, Broth & Bouillon"
    },
    "weight": "10.5 oz",
    "UpcCode": "",
    "tax": 0.0,
    "spiceLevel": "",
    "aiselNo": "2",
    "store": "Market Basket",
    "weightType": "10.5 oz",
    "imageName": "5306.jpg",
    "defaultImage": "5306.jpg",
    "updatedTimestamp": "Jan 23, 2021 8:02:30 PM",
    "createdTimestamp": "Jan 23, 2021 8:02:30 PM",
    "isNewlyAdded": false,
    "isActive": true,
    "isDealsEnabled": false,
    "quantity": 0
  },
  {
    "id": 4421,
    "code": "Hebrew National Bun Length Franks",
    "desc": "Hebrew National Bun Length Franks",
    "shortDesc": "Hebrew National Bun Length Franks",
    "tags": [
      "Hot Dogs"
    ],
    "categories": [
      {
        "code": "Meat & Seafood",
        "desc": "Meat & Seafood"
      }
    ],
    "subCategories": [
      {
        "code": "Hot Dogs, Bacon & Sausage",
        "desc": "Hot Dogs, Bacon & Sausage"
      }
    ],
    "brands": [
      {
        "code": "Hebrew National",
        "desc": "Hebrew National"
      }
    ],
    "price": {
      "basePrice": 4.89,
      "discountPrice": 4.89
    },
    "type": {
      "code": "Hot Dogs",
      "desc": "Hot Dogs"
    },
    "weight": "12 oz",
    "UpcCode": "",
    "tax": 0.0,
    "spiceLevel": "",
    "aiselNo": "1",
    "store": "Market Basket",
    "weightType": "12 oz",
    "imageName": "4197.jpg",
    "defaultImage": "4197.jpg",
    "updatedTimestamp": "Jan 23, 2021 8:02:30 PM",
    "createdTimestamp": "Jan 23, 2021 8:02:30 PM",
    "isNewlyAdded": false,
    "isActive": true,
    "isDealsEnabled": false,
    "quantity": 0
  },
  {
    "id": 10030,
    "code": "Friendly's Cherry Vanilla Premium Ice Cream",
    "desc": "Friendly's Cherry Vanilla Premium Ice Cream",
    "shortDesc": "Friendly's Cherry Vanilla Premium Ice Cream",
    "tags": [
      "Ice Cream & Ice"
    ],
    "categories": [
      {
        "code": "Frozen Food",
        "desc": "Frozen Food"
      }
    ],
    "subCategories": [
      {
        "code": "Ice Cream & Ice",
        "desc": "Ice Cream & Ice"
      }
    ],
    "brands": [
      {
        "code": "Friendly's",
        "desc": "Friendly's"
      }
    ],
    "price": {
      "basePrice": 3.69,
      "discountPrice": 3.69
    },
    "type": {
      "code": "Ice Cream & Ice",
      "desc": "Ice Cream & Ice"
    },
    "weight": "1.5 quart",
    "UpcCode": "",
    "tax": 0.0,
    "spiceLevel": "",
    "aiselNo": "21",
    "store": "Market Basket",
    "weightType": "1.5 quart",
    "imageName": "3064.jpg",
    "defaultImage": "3064.jpg",
    "updatedTimestamp": "Jan 23, 2021 8:02:30 PM",
    "createdTimestamp": "Jan 23, 2021 8:02:30 PM",
    "isNewlyAdded": false,
    "isActive": true,
    "isDealsEnabled": false,
    "quantity": 0
  },
  {
    "id": 5209,
    "code": "Olde Cape Cod Soup & Chowder Oyster Crackers",
    "desc": "Olde Cape Cod Soup & Chowder Oyster Crackers",
    "shortDesc": "Olde Cape Cod Soup & Chowder Oyster Crackers",
    "tags": [
      "Crackers"
    ],
    "categories": [
      {
        "code": "Chips, Cookies & Snacks",
        "desc": "Chips, Cookies & Snacks"
      }
    ],
    "subCategories": [
      {
        "code": "Cookies & Crackers",
        "desc": "Cookies & Crackers"
      }
    ],
    "brands": [
      {
        "code": "Olde Cape Cod",
        "desc": "Olde Cape Cod"
      }
    ],
    "price": {
      "basePrice": 3.13,
      "discountPrice": 3.13
    },
    "type": {
      "code": "Crackers",
      "desc": "Crackers"
    },
    "weight": "8 oz",
    "UpcCode": "",
    "tax": 0.0,
    "spiceLevel": "",
    "aiselNo": "6",
    "store": "Market Basket",
    "weightType": "8 oz",
    "imageName": "No Image.jpg",
    "defaultImage": "No Image.jpg",
    "updatedTimestamp": "Jan 23, 2021 8:02:30 PM",
    "createdTimestamp": "Jan 23, 2021 8:02:30 PM",
    "isNewlyAdded": false,
    "isActive": true,
    "isDealsEnabled": false,
    "quantity": 0
  },
  {
    "id": 8766,
    "code": "Newman's Own Mango Salsa Medium Chunky",
    "desc": "Newman's Own Mango Salsa Medium Chunky",
    "shortDesc": "Newman's Own Mango Salsa Medium Chunky",
    "tags": [
      "Preserved Dips & Salsa"
    ],
    "categories": [
      {
        "code": "Condiments & Dressings",
        "desc": "Condiments & Dressings"
      }
    ],
    "subCategories": [
      {
        "code": "Preserved Dips & Spreads",
        "desc": "Preserved Dips & Spreads"
      }
    ],
    "brands": [
      {
        "code": "Newman's Own",
        "desc": "Newman's Own"
      }
    ],
    "price": {
      "basePrice": 2.49,
      "discountPrice": 2.49
    },
    "type": {
      "code": "Preserved Dips & Salsa",
      "desc": "Preserved Dips & Salsa"
    },
    "weight": "16 oz",
    "UpcCode": "",
    "tax": 0.0,
    "spiceLevel": "",
    "aiselNo": "1",
    "store": "Market Basket",
    "weightType": "16 oz",
    "imageName": "1989.jpg",
    "defaultImage": "1989.jpg",
    "updatedTimestamp": "Jan 23, 2021 8:02:30 PM",
    "createdTimestamp": "Jan 23, 2021 8:02:30 PM",
    "isNewlyAdded": false,
    "isActive": true,
    "isDealsEnabled": false,
    "quantity": 0
  },
  {
    "id": 9349,
    "code": "Marie Callender's Lemon Meringue Pie",
    "desc": "Marie Callender's Lemon Meringue Pie",
    "shortDesc": "Marie Callender's Lemon Meringue Pie",
    "tags": [
      "Frozen Dessert"
    ],
    "categories": [
      {
        "code": "Frozen Food",
        "desc": "Frozen Food"
      }
    ],
    "subCategories": [
      {
        "code": "Frozen Dessert",
        "desc": "Frozen Dessert"
      }
    ],
    "brands": [
      {
        "code": "Marie Callender's",
        "desc": "Marie Callender's"
      }
    ],
    "price": {
      "basePrice": 7.39,
      "discountPrice": 7.39
    },
    "type": {
      "code": "Frozen Dessert",
      "desc": "Frozen Dessert"
    },
    "weight": "39 oz",
    "UpcCode": "",
    "tax": 0.0,
    "spiceLevel": "",
    "aiselNo": "19",
    "store": "Market Basket",
    "weightType": "39 oz",
    "imageName": "2967.jpg",
    "defaultImage": "2967.jpg",
    "updatedTimestamp": "Jan 23, 2021 8:02:30 PM",
    "createdTimestamp": "Jan 23, 2021 8:02:30 PM",
    "isNewlyAdded": false,
    "isActive": true,
    "isDealsEnabled": false,
    "quantity": 0
  },
  {
    "id": 10400,
    "code": "Goya Extra Long Grain Canilla Enriched White Rice",
    "desc": "Goya Extra Long Grain Canilla Enriched White Rice",
    "shortDesc": "Goya Extra Long Grain Canilla Enriched White Rice",
    "tags": [
      "Rice"
    ],
    "categories": [
      {
        "code": "Cooking Needs",
        "desc": "Cooking Needs"
      }
    ],
    "subCategories": [
      {
        "code": "Rice & Grains",
        "desc": "Rice & Grains"
      }
    ],
    "brands": [
      {
        "code": "Goya",
        "desc": "Goya"
      }
    ],
    "price": {
      "basePrice": 6.48,
      "discountPrice": 6.48
    },
    "type": {
      "code": "Rice",
      "desc": "Rice"
    },
    "weight": "5 lb",
    "UpcCode": "",
    "tax": 0.0,
    "spiceLevel": "",
    "aiselNo": "7",
    "store": "Market Basket",
    "weightType": "5 lb",
    "imageName": "17436.jpg",
    "defaultImage": "17436.jpg",
    "updatedTimestamp": "Jan 23, 2021 8:02:30 PM",
    "createdTimestamp": "Jan 23, 2021 8:02:30 PM",
    "isNewlyAdded": false,
    "isActive": true,
    "isDealsEnabled": false,
    "quantity": 0
  },
  {
    "id": 7983,
    "code": "Campbell's Soup on the Go Campbell's Chicken & Mini Round Noodles Sipping Soup",
    "desc": "Campbell's Soup on the Go Campbell's Chicken & Mini Round Noodles Sipping Soup",
    "shortDesc": "Campbell's Soup on the Go Campbell's Chicken & Mini Round Noodles Sipping Soup",
    "tags": [
      "Soup, Broth & Bouillon"
    ],
    "categories": [
      {
        "code": "Cooking Needs",
        "desc": "Cooking Needs"
      }
    ],
    "subCategories": [
      {
        "code": "Canned Food",
        "desc": "Canned Food"
      }
    ],
    "brands": [
      {
        "code": "Campbell's",
        "desc": "Campbell's"
      }
    ],
    "price": {
      "basePrice": 2.09,
      "discountPrice": 2.09
    },
    "type": {
      "code": "Soup, Broth & Bouillon",
      "desc": "Soup, Broth & Bouillon"
    },
    "weight": "10.75 oz",
    "UpcCode": "",
    "tax": 0.0,
    "spiceLevel": "",
    "aiselNo": "2",
    "store": "Market Basket",
    "weightType": "10.75 oz",
    "imageName": "17261.jpg",
    "defaultImage": "17261.jpg",
    "updatedTimestamp": "Jan 23, 2021 8:02:30 PM",
    "createdTimestamp": "Jan 23, 2021 8:02:30 PM",
    "isNewlyAdded": false,
    "isActive": true,
    "isDealsEnabled": false,
    "quantity": 0
  },
  {
    "id": 9846,
    "code": "Market Basket Cooked Squash",
    "desc": "Market Basket Cooked Squash",
    "shortDesc": "Market Basket Cooked Squash",
    "tags": [
      "Frozen Produce"
    ],
    "categories": [
      {
        "code": "Frozen Food",
        "desc": "Frozen Food"
      }
    ],
    "subCategories": [
      {
        "code": "Frozen Produce",
        "desc": "Frozen Produce"
      }
    ],
    "brands": [
      {
        "code": "Market Basket",
        "desc": "Market Basket"
      }
    ],
    "price": {
      "basePrice": 1.29,
      "discountPrice": 1.29
    },
    "type": {
      "code": "Frozen Produce",
      "desc": "Frozen Produce"
    },
    "weight": "12 oz",
    "UpcCode": "",
    "tax": 0.0,
    "spiceLevel": "",
    "aiselNo": "19",
    "store": "Market Basket",
    "weightType": "12 oz",
    "imageName": "Market Basket.jpg",
    "defaultImage": "Market Basket.jpg",
    "updatedTimestamp": "Jan 23, 2021 8:02:30 PM",
    "createdTimestamp": "Jan 23, 2021 8:02:30 PM",
    "isNewlyAdded": false,
    "isActive": true,
    "isDealsEnabled": false,
    "quantity": 0
  },
  {
    "id": 10167,
    "code": "Market Basket Light Ice Cream Coffee Fudge",
    "desc": "Market Basket Light Ice Cream Coffee Fudge",
    "shortDesc": "Market Basket Light Ice Cream Coffee Fudge",
    "tags": [
      "Ice Cream & Ice"
    ],
    "categories": [
      {
        "code": "Frozen Food",
        "desc": "Frozen Food"
      }
    ],
    "subCategories": [
      {
        "code": "Ice Cream & Ice",
        "desc": "Ice Cream & Ice"
      }
    ],
    "brands": [
      {
        "code": "Market Basket",
        "desc": "Market Basket"
      }
    ],
    "price": {
      "basePrice": 2.49,
      "discountPrice": 2.49
    },
    "type": {
      "code": "Ice Cream & Ice",
      "desc": "Ice Cream & Ice"
    },
    "weight": "1.75 quart",
    "UpcCode": "",
    "tax": 0.0,
    "spiceLevel": "",
    "aiselNo": "21",
    "store": "Market Basket",
    "weightType": "1.75 quart",
    "imageName": "Market Basket.jpg",
    "defaultImage": "Market Basket.jpg",
    "updatedTimestamp": "Jan 23, 2021 8:02:30 PM",
    "createdTimestamp": "Jan 23, 2021 8:02:30 PM",
    "isNewlyAdded": false,
    "isActive": true,
    "isDealsEnabled": false,
    "quantity": 0
  },
  {
    "id": 6273,
    "code": "Glaceau Smart Water",
    "desc": "Glaceau Smart Water",
    "shortDesc": "Glaceau Smart Water",
    "tags": [
      "Water"
    ],
    "categories": [
      {
        "code": "Beverages & Juices",
        "desc": "Beverages & Juices"
      }
    ],
    "subCategories": [
      {
        "code": "Water",
        "desc": "Water"
      }
    ],
    "brands": [
      {
        "code": "Glaceau",
        "desc": "Glaceau"
      }
    ],
    "price": {
      "basePrice": 1.24,
      "discountPrice": 1.24
    },
    "type": {
      "code": "Water",
      "desc": "Water"
    },
    "weight": "33.8 fl oz",
    "UpcCode": "",
    "tax": 0.0,
    "spiceLevel": "",
    "aiselNo": "11",
    "store": "Market Basket",
    "weightType": "33.8 fl oz",
    "imageName": "No Image.jpg",
    "defaultImage": "No Image.jpg",
    "updatedTimestamp": "Jan 23, 2021 8:02:30 PM",
    "createdTimestamp": "Jan 23, 2021 8:02:30 PM",
    "isNewlyAdded": false,
    "isActive": true,
    "isDealsEnabled": false,
    "quantity": 0
  },
  {
    "id": 15082,
    "code": "Systane Balance Lubricant Eye Drops Restorative Formula",
    "desc": "Systane Balance Lubricant Eye Drops Restorative Formula",
    "shortDesc": "Systane Balance Lubricant Eye Drops Restorative Formula",
    "tags": [
      "Eye & Ear Care"
    ],
    "categories": [
      {
        "code": "Personal Care",
        "desc": "Personal Care"
      }
    ],
    "subCategories": [
      {
        "code": "Personal Needs",
        "desc": "Personal Needs"
      }
    ],
    "brands": [
      {
        "code": "Systane",
        "desc": "Systane"
      }
    ],
    "price": {
      "basePrice": 17.58,
      "discountPrice": 17.58
    },
    "type": {
      "code": "Eye & Ear Care",
      "desc": "Eye & Ear Care"
    },
    "weight": "0.33 fl oz",
    "UpcCode": "",
    "tax": 1.0,
    "spiceLevel": "",
    "aiselNo": "13",
    "store": "Market Basket",
    "weightType": "0.33 fl oz",
    "imageName": "6484.jpg",
    "defaultImage": "6484.jpg",
    "updatedTimestamp": "Jan 23, 2021 8:02:30 PM",
    "createdTimestamp": "Jan 23, 2021 8:02:30 PM",
    "isNewlyAdded": false,
    "isActive": true,
    "isDealsEnabled": false,
    "quantity": 0
  },
  {
    "id": 6439,
    "code": "Market Basket Diet Soda",
    "desc": "Market Basket Diet Soda",
    "shortDesc": "Market Basket Diet Soda",
    "tags": [
      "Soft Drinks"
    ],
    "categories": [
      {
        "code": "Beverages & Juices",
        "desc": "Beverages & Juices"
      }
    ],
    "subCategories": [
      {
        "code": "Soft Drinks & Seltzers",
        "desc": "Soft Drinks & Seltzers"
      }
    ],
    "brands": [
      {
        "code": "Market Basket",
        "desc": "Market Basket"
      }
    ],
    "price": {
      "basePrice": 2.24,
      "discountPrice": 2.24
    },
    "type": {
      "code": "Soft Drinks",
      "desc": "Soft Drinks"
    },
    "weight": "6 x 8 fl oz",
    "UpcCode": "",
    "tax": 0.0,
    "spiceLevel": "",
    "aiselNo": "17",
    "store": "Market Basket",
    "weightType": "6 x 8 fl oz",
    "imageName": "Market Basket.jpg",
    "defaultImage": "Market Basket.jpg",
    "updatedTimestamp": "Jan 23, 2021 8:02:30 PM",
    "createdTimestamp": "Jan 23, 2021 8:02:30 PM",
    "isNewlyAdded": false,
    "isActive": true,
    "isDealsEnabled": false,
    "quantity": 0
  },
  {
    "id": 14642,
    "code": "Twinings of London English Breakfast Tea Bags",
    "desc": "Twinings of London English Breakfast Tea Bags",
    "shortDesc": "Twinings of London English Breakfast Tea Bags",
    "tags": [
      "Tea"
    ],
    "categories": [
      {
        "code": "Breakfast & Dairy",
        "desc": "Breakfast & Dairy"
      }
    ],
    "subCategories": [
      {
        "code": "Tea & Coffee",
        "desc": "Tea & Coffee"
      }
    ],
    "brands": [
      {
        "code": "Twinings",
        "desc": "Twinings"
      }
    ],
    "price": {
      "basePrice": 3.69,
      "discountPrice": 3.69
    },
    "type": {
      "code": "Tea",
      "desc": "Tea"
    },
    "weight": "20 count",
    "UpcCode": "",
    "tax": 0.0,
    "spiceLevel": "",
    "aiselNo": "8",
    "store": "Market Basket",
    "weightType": "20 count",
    "imageName": "3438.jpg",
    "defaultImage": "3438.jpg",
    "updatedTimestamp": "Jan 23, 2021 8:02:30 PM",
    "createdTimestamp": "Jan 23, 2021 8:02:30 PM",
    "isNewlyAdded": false,
    "isActive": true,
    "isDealsEnabled": false,
    "quantity": 0
  },
  {
    "id": 6611,
    "code": "Odwalla Blueberry Monster 100% Juice Smoothie",
    "desc": "Odwalla Blueberry Monster 100% Juice Smoothie",
    "shortDesc": "Odwalla Blueberry Monster 100% Juice Smoothie",
    "tags": [
      "Refrigerated Drinks"
    ],
    "categories": [
      {
        "code": "Beverages & Juices",
        "desc": "Beverages & Juices"
      }
    ],
    "subCategories": [
      {
        "code": "Juices & Refrigerated Drinks",
        "desc": "Juices & Refrigerated Drinks"
      }
    ],
    "brands": [
      {
        "code": "Monster",
        "desc": "Monster"
      }
    ],
    "price": {
      "basePrice": 7.39,
      "discountPrice": 7.39
    },
    "type": {
      "code": "Refrigerated Drinks",
      "desc": "Refrigerated Drinks"
    },
    "weight": "59 fl oz",
    "UpcCode": "",
    "tax": 0.0,
    "spiceLevel": "",
    "aiselNo": "20",
    "store": "Market Basket",
    "weightType": "59 fl oz",
    "imageName": "3791.jpg",
    "defaultImage": "3791.jpg",
    "updatedTimestamp": "Jan 23, 2021 8:02:30 PM",
    "createdTimestamp": "Jan 23, 2021 8:02:30 PM",
    "isNewlyAdded": false,
    "isActive": true,
    "isDealsEnabled": false,
    "quantity": 0
  },
  {
    "id": 6115,
    "code": "Dr Pepper Original Soda",
    "desc": "Dr Pepper Original Soda",
    "shortDesc": "Dr Pepper Original Soda",
    "tags": [
      "Soft Drinks"
    ],
    "categories": [
      {
        "code": "Beverages & Juices",
        "desc": "Beverages & Juices"
      }
    ],
    "subCategories": [
      {
        "code": "Soft Drinks & Seltzers",
        "desc": "Soft Drinks & Seltzers"
      }
    ],
    "brands": [
      {
        "code": "Dr Pepper",
        "desc": "Dr Pepper"
      }
    ],
    "price": {
      "basePrice": 5.0,
      "discountPrice": 5.0
    },
    "type": {
      "code": "Soft Drinks",
      "desc": "Soft Drinks"
    },
    "weight": "6 x 16.9 fl oz",
    "UpcCode": "",
    "tax": 0.0,
    "spiceLevel": "",
    "aiselNo": "17",
    "store": "Market Basket",
    "weightType": "6 x 16.9 fl oz",
    "imageName": "No Image.jpg",
    "defaultImage": "No Image.jpg",
    "updatedTimestamp": "Jan 23, 2021 8:02:30 PM",
    "createdTimestamp": "Jan 23, 2021 8:02:30 PM",
    "isNewlyAdded": false,
    "isActive": true,
    "isDealsEnabled": false,
    "quantity": 0
  },
  {
    "id": 8007,
    "code": "Healthy Choice Tomato Basil Soup",
    "desc": "Healthy Choice Tomato Basil Soup",
    "shortDesc": "Healthy Choice Tomato Basil Soup",
    "tags": [
      "Soup, Broth & Bouillon"
    ],
    "categories": [
      {
        "code": "Cooking Needs",
        "desc": "Cooking Needs"
      }
    ],
    "subCategories": [
      {
        "code": "Canned Food",
        "desc": "Canned Food"
      }
    ],
    "brands": [
      {
        "code": "Healthy Choice",
        "desc": "Healthy Choice"
      }
    ],
    "price": {
      "basePrice": 1.69,
      "discountPrice": 1.69
    },
    "type": {
      "code": "Soup, Broth & Bouillon",
      "desc": "Soup, Broth & Bouillon"
    },
    "weight": "15 oz",
    "UpcCode": "",
    "tax": 0.0,
    "spiceLevel": "",
    "aiselNo": "2",
    "store": "Market Basket",
    "weightType": "15 oz",
    "imageName": "5368.jpg",
    "defaultImage": "5368.jpg",
    "updatedTimestamp": "Jan 23, 2021 8:02:30 PM",
    "createdTimestamp": "Jan 23, 2021 8:02:30 PM",
    "isNewlyAdded": false,
    "isActive": true,
    "isDealsEnabled": false,
    "quantity": 0
  },
  {
    "id": 14853,
    "code": "Kirk's Original Fresh Scent Gentle Castile Soap",
    "desc": "Kirk's Original Fresh Scent Gentle Castile Soap",
    "shortDesc": "Kirk's Original Fresh Scent Gentle Castile Soap",
    "tags": [
      "Soap"
    ],
    "categories": [
      {
        "code": "Personal Care",
        "desc": "Personal Care"
      }
    ],
    "subCategories": [
      {
        "code": "Body Wash, Soap & Hair Care",
        "desc": "Body Wash, Soap & Hair Care"
      }
    ],
    "brands": [
      {
        "code": "Kirk's",
        "desc": "Kirk's"
      }
    ],
    "price": {
      "basePrice": 3.78,
      "discountPrice": 3.78
    },
    "type": {
      "code": "Soap",
      "desc": "Soap"
    },
    "weight": "4 oz",
    "UpcCode": "",
    "tax": 1.0,
    "spiceLevel": "",
    "aiselNo": "13",
    "store": "Market Basket",
    "weightType": "4 oz",
    "imageName": "17757.jpg",
    "defaultImage": "17757.jpg",
    "updatedTimestamp": "Jan 23, 2021 8:02:30 PM",
    "createdTimestamp": "Jan 23, 2021 8:02:30 PM",
    "isNewlyAdded": false,
    "isActive": true,
    "isDealsEnabled": false,
    "quantity": 0
  },
  {
    "id": 5983,
    "code": "Master of Mixes Lite Margarita Mixer",
    "desc": "Master of Mixes Lite Margarita Mixer",
    "shortDesc": "Master of Mixes Lite Margarita Mixer",
    "tags": [
      "Cocoa & Drink Mixes"
    ],
    "categories": [
      {
        "code": "Beverages & Juices",
        "desc": "Beverages & Juices"
      }
    ],
    "subCategories": [
      {
        "code": "Cocoa & Drink Mixes",
        "desc": "Cocoa & Drink Mixes"
      }
    ],
    "brands": [
      {
        "code": "Master of Mixes",
        "desc": "Master of Mixes"
      }
    ],
    "price": {
      "basePrice": 7.49,
      "discountPrice": 7.49
    },
    "type": {
      "code": "Cocoa & Drink Mixes",
      "desc": "Cocoa & Drink Mixes"
    },
    "weight": "1.75 L",
    "UpcCode": "",
    "tax": 0.0,
    "spiceLevel": "",
    "aiselNo": "17",
    "store": "Market Basket",
    "weightType": "1.75 L",
    "imageName": "No Image.jpg",
    "defaultImage": "No Image.jpg",
    "updatedTimestamp": "Jan 23, 2021 8:02:29 PM",
    "createdTimestamp": "Jan 23, 2021 8:02:29 PM",
    "isNewlyAdded": false,
    "isActive": true,
    "isDealsEnabled": false,
    "quantity": 0
  },
  {
    "id": 15297,
    "code": "Glucerna Diabetes Nutritional Shake Rich Chocolate Ready-To-Drink Bottles",
    "desc": "Glucerna Diabetes Nutritional Shake Rich Chocolate Ready-To-Drink Bottles",
    "shortDesc": "Glucerna Diabetes Nutritional Shake Rich Chocolate Ready-To-Drink Bottles",
    "tags": [
      "Protien Drinks"
    ],
    "categories": [
      {
        "code": "Personal Care",
        "desc": "Personal Care"
      }
    ],
    "subCategories": [
      {
        "code": "Vitamins & Proteins",
        "desc": "Vitamins & Proteins"
      }
    ],
    "brands": [
      {
        "code": "Glucerna",
        "desc": "Glucerna"
      }
    ],
    "price": {
      "basePrice": 14.02,
      "discountPrice": 14.02
    },
    "type": {
      "code": "Protien Drinks",
      "desc": "Protien Drinks"
    },
    "weight": "6 x 8 fl oz",
    "UpcCode": "",
    "tax": 1.0,
    "spiceLevel": "",
    "aiselNo": "13",
    "store": "Market Basket",
    "weightType": "6 x 8 fl oz",
    "imageName": "6742.jpg",
    "defaultImage": "6742.jpg",
    "updatedTimestamp": "Jan 23, 2021 8:02:30 PM",
    "createdTimestamp": "Jan 23, 2021 8:02:30 PM",
    "isNewlyAdded": false,
    "isActive": true,
    "isDealsEnabled": false,
    "quantity": 0
  },
  {
    "id": 15152,
    "code": "Arm & Hammer Fresh Mint Fluoride Anticavity Toothpaste",
    "desc": "Arm & Hammer Fresh Mint Fluoride Anticavity Toothpaste",
    "shortDesc": "Arm & Hammer Fresh Mint Fluoride Anticavity Toothpaste",
    "tags": [
      "Oral Hygiene"
    ],
    "categories": [
      {
        "code": "Personal Care",
        "desc": "Personal Care"
      }
    ],
    "subCategories": [
      {
        "code": "Personal Needs",
        "desc": "Personal Needs"
      }
    ],
    "brands": [
      {
        "code": "Arm & Hammer",
        "desc": "Arm & Hammer"
      }
    ],
    "price": {
      "basePrice": 6.31,
      "discountPrice": 6.31
    },
    "type": {
      "code": "Oral Hygiene",
      "desc": "Oral Hygiene"
    },
    "weight": "6 oz",
    "UpcCode": "",
    "tax": 1.0,
    "spiceLevel": "",
    "aiselNo": "13",
    "store": "Market Basket",
    "weightType": "6 oz",
    "imageName": "6439.jpg",
    "defaultImage": "6439.jpg",
    "updatedTimestamp": "Jan 23, 2021 8:02:30 PM",
    "createdTimestamp": "Jan 23, 2021 8:02:30 PM",
    "isNewlyAdded": false,
    "isActive": true,
    "isDealsEnabled": false,
    "quantity": 0
  },
  {
    "id": 6342,
    "code": "Polar Black Cherry Soda Cans",
    "desc": "Polar Black Cherry Soda Cans",
    "shortDesc": "Polar Black Cherry Soda Cans",
    "tags": [
      "Soft Drinks"
    ],
    "categories": [
      {
        "code": "Beverages & Juices",
        "desc": "Beverages & Juices"
      }
    ],
    "subCategories": [
      {
        "code": "Soft Drinks & Seltzers",
        "desc": "Soft Drinks & Seltzers"
      }
    ],
    "brands": [
      {
        "code": "Polar",
        "desc": "Polar"
      }
    ],
    "price": {
      "basePrice": 4.99,
      "discountPrice": 4.99
    },
    "type": {
      "code": "Soft Drinks",
      "desc": "Soft Drinks"
    },
    "weight": "12 x 12 fl oz",
    "UpcCode": "",
    "tax": 0.0,
    "spiceLevel": "",
    "aiselNo": "11",
    "store": "Market Basket",
    "weightType": "12 x 12 fl oz",
    "imageName": "No Image.jpg",
    "defaultImage": "No Image.jpg",
    "updatedTimestamp": "Jan 23, 2021 8:02:30 PM",
    "createdTimestamp": "Jan 23, 2021 8:02:30 PM",
    "isNewlyAdded": false,
    "isActive": true,
    "isDealsEnabled": false,
    "quantity": 0
  },
  {
    "id": 3894,
    "code": "Phillips Gourmet Mushrooms Baby Bella",
    "desc": "Phillips Gourmet Mushrooms Baby Bella",
    "shortDesc": "Phillips Gourmet Mushrooms Baby Bella",
    "tags": [
      "Mushroom"
    ],
    "categories": [
      {
        "code": "Fresh Produce",
        "desc": "Fresh Produce"
      }
    ],
    "subCategories": [
      {
        "code": "Fresh Vegetables",
        "desc": "Fresh Vegetables"
      }
    ],
    "brands": [
      {
        "code": "Phillips Gourmet",
        "desc": "Phillips Gourmet"
      }
    ],
    "price": {
      "basePrice": 4.24,
      "discountPrice": 4.24
    },
    "type": {
      "code": "Mushroom",
      "desc": "Mushroom"
    },
    "weight": "10 oz container",
    "UpcCode": "",
    "tax": 0.0,
    "spiceLevel": "",
    "aiselNo": "20",
    "store": "Market Basket",
    "weightType": "10 oz container",
    "imageName": "14402.jpg",
    "defaultImage": "14402.jpg",
    "updatedTimestamp": "Jan 23, 2021 8:02:30 PM",
    "createdTimestamp": "Jan 23, 2021 8:02:30 PM",
    "isNewlyAdded": false,
    "isActive": true,
    "isDealsEnabled": false,
    "quantity": 0
  },
  {
    "id": 6888,
    "code": "Market Basket Pure Granulated Sugar",
    "desc": "Market Basket Pure Granulated Sugar",
    "shortDesc": "Market Basket Pure Granulated Sugar",
    "tags": [
      "Baking Ingredients"
    ],
    "categories": [
      {
        "code": "Cooking Needs",
        "desc": "Cooking Needs"
      }
    ],
    "subCategories": [
      {
        "code": "Baking & Cooking",
        "desc": "Baking & Cooking"
      }
    ],
    "brands": [
      {
        "code": "Market Basket",
        "desc": "Market Basket"
      }
    ],
    "price": {
      "basePrice": 2.49,
      "discountPrice": 2.49
    },
    "type": {
      "code": "Baking Ingredients",
      "desc": "Baking Ingredients"
    },
    "weight": "5 lb",
    "UpcCode": "",
    "tax": 0.0,
    "spiceLevel": "",
    "aiselNo": "8",
    "store": "Market Basket",
    "weightType": "5 lb",
    "imageName": "Market Basket.jpg",
    "defaultImage": "Market Basket.jpg",
    "updatedTimestamp": "Jan 23, 2021 8:02:30 PM",
    "createdTimestamp": "Jan 23, 2021 8:02:30 PM",
    "isNewlyAdded": false,
    "isActive": true,
    "isDealsEnabled": false,
    "quantity": 0
  },
  {
    "id": 7530,
    "code": "Market Basket Small Whole Beets",
    "desc": "Market Basket Small Whole Beets",
    "shortDesc": "Market Basket Small Whole Beets",
    "tags": [
      "Canned & Jarred Vegetables"
    ],
    "categories": [
      {
        "code": "Cooking Needs",
        "desc": "Cooking Needs"
      }
    ],
    "subCategories": [
      {
        "code": "Canned Food",
        "desc": "Canned Food"
      }
    ],
    "brands": [
      {
        "code": "Market Basket",
        "desc": "Market Basket"
      }
    ],
    "price": {
      "basePrice": 0.99,
      "discountPrice": 0.99
    },
    "type": {
      "code": "Canned & Jarred Vegetables",
      "desc": "Canned & Jarred Vegetables"
    },
    "weight": "15 oz",
    "UpcCode": "",
    "tax": 0.0,
    "spiceLevel": "",
    "aiselNo": "9",
    "store": "Market Basket",
    "weightType": "15 oz",
    "imageName": "Market Basket.jpg",
    "defaultImage": "Market Basket.jpg",
    "updatedTimestamp": "Jan 23, 2021 8:02:30 PM",
    "createdTimestamp": "Jan 23, 2021 8:02:30 PM",
    "isNewlyAdded": false,
    "isActive": true,
    "isDealsEnabled": false,
    "quantity": 0
  },
  {
    "id": 5591,
    "code": "Dark Chocolate",
    "desc": "Dark Chocolate",
    "shortDesc": "Dark Chocolate",
    "tags": [
      "Candy & Chocolate"
    ],
    "categories": [
      {
        "code": "Chips, Cookies & Snacks",
        "desc": "Chips, Cookies & Snacks"
      }
    ],
    "subCategories": [
      {
        "code": "Candy & Chocolates",
        "desc": "Candy & Chocolates"
      }
    ],
    "brands": [
      {
        "code": "Store Brand",
        "desc": "Store Brand"
      }
    ],
    "price": {
      "basePrice": 2.09,
      "discountPrice": 2.09
    },
    "type": {
      "code": "Candy & Chocolate",
      "desc": "Candy & Chocolate"
    },
    "weight": "3.5 oz",
    "UpcCode": "",
    "tax": 0.0,
    "spiceLevel": "",
    "aiselNo": "3",
    "store": "Market Basket",
    "weightType": "3.5 oz",
    "imageName": "Market Basket.jpg",
    "defaultImage": "Market Basket.jpg",
    "updatedTimestamp": "Jan 23, 2021 8:02:30 PM",
    "createdTimestamp": "Jan 23, 2021 8:02:30 PM",
    "isNewlyAdded": false,
    "isActive": true,
    "isDealsEnabled": false,
    "quantity": 0
  },
  {
    "id": 4305,
    "code": "Market Basket Whole Red Perch",
    "desc": "Market Basket Whole Red Perch",
    "shortDesc": "Market Basket Whole Red Perch",
    "tags": [
      "Perch"
    ],
    "categories": [
      {
        "code": "Meat & Seafood",
        "desc": "Meat & Seafood"
      }
    ],
    "subCategories": [
      {
        "code": "Meat & Seafood Counter",
        "desc": "Meat & Seafood Counter"
      }
    ],
    "brands": [
      {
        "code": "Market Basket",
        "desc": "Market Basket"
      }
    ],
    "price": {
      "basePrice": 3.69,
      "discountPrice": 3.69
    },
    "type": {
      "code": "Perch",
      "desc": "Perch"
    },
    "weight": "Approx: 1.00 lb at $3.69/lb",
    "UpcCode": "",
    "tax": 0.0,
    "spiceLevel": "",
    "aiselNo": "22",
    "store": "Market Basket",
    "weightType": "Approx: 1.00 lb at $3.69/lb",
    "imageName": "Market Basket.jpg",
    "defaultImage": "Market Basket.jpg",
    "updatedTimestamp": "Jan 23, 2021 8:02:30 PM",
    "createdTimestamp": "Jan 23, 2021 8:02:30 PM",
    "isNewlyAdded": false,
    "isActive": true,
    "isDealsEnabled": false,
    "quantity": 0
  },
  {
    "id": 9355,
    "code": "Oronoque Orchards Flaky Homestyle Pie Crusts 9\" Deep Dish",
    "desc": "Oronoque Orchards Flaky Homestyle Pie Crusts 9\" Deep Dish",
    "shortDesc": "Oronoque Orchards Flaky Homestyle Pie Crusts 9\" Deep Dish",
    "tags": [
      "Frozen Dessert"
    ],
    "categories": [
      {
        "code": "Frozen Food",
        "desc": "Frozen Food"
      }
    ],
    "subCategories": [
      {
        "code": "Frozen Dessert",
        "desc": "Frozen Dessert"
      }
    ],
    "brands": [
      {
        "code": "Oronoque Orchards",
        "desc": "Oronoque Orchards"
      }
    ],
    "price": {
      "basePrice": 3.69,
      "discountPrice": 3.69
    },
    "type": {
      "code": "Frozen Dessert",
      "desc": "Frozen Dessert"
    },
    "weight": "2 x 16 oz",
    "UpcCode": "",
    "tax": 0.0,
    "spiceLevel": "",
    "aiselNo": "19",
    "store": "Market Basket",
    "weightType": "2 x 16 oz",
    "imageName": "16073.jpg",
    "defaultImage": "16073.jpg",
    "updatedTimestamp": "Jan 23, 2021 8:02:30 PM",
    "createdTimestamp": "Jan 23, 2021 8:02:30 PM",
    "isNewlyAdded": false,
    "isActive": true,
    "isDealsEnabled": false,
    "quantity": 0
  },
  {
    "id": 8972,
    "code": "Skippy Super Chunk Extra Crunchy Natural Peanut Butter Spread",
    "desc": "Skippy Super Chunk Extra Crunchy Natural Peanut Butter Spread",
    "shortDesc": "Skippy Super Chunk Extra Crunchy Natural Peanut Butter Spread",
    "tags": [
      "Spreads"
    ],
    "categories": [
      {
        "code": "Condiments & Dressings",
        "desc": "Condiments & Dressings"
      }
    ],
    "subCategories": [
      {
        "code": "Preserved Dips & Spreads",
        "desc": "Preserved Dips & Spreads"
      }
    ],
    "brands": [
      {
        "code": "Skippy",
        "desc": "Skippy"
      }
    ],
    "price": {
      "basePrice": 3.09,
      "discountPrice": 3.09
    },
    "type": {
      "code": "Spreads",
      "desc": "Spreads"
    },
    "weight": "15 oz",
    "UpcCode": "",
    "tax": 0.0,
    "spiceLevel": "",
    "aiselNo": "3",
    "store": "Market Basket",
    "weightType": "15 oz",
    "imageName": "1642.jpg",
    "defaultImage": "1642.jpg",
    "updatedTimestamp": "Jan 23, 2021 8:02:30 PM",
    "createdTimestamp": "Jan 23, 2021 8:02:30 PM",
    "isNewlyAdded": false,
    "isActive": true,
    "isDealsEnabled": false,
    "quantity": 0
  },
  {
    "id": 6279,
    "code": "Glaceau Smart Water Watermelon Mint",
    "desc": "Glaceau Smart Water Watermelon Mint",
    "shortDesc": "Glaceau Smart Water Watermelon Mint",
    "tags": [
      "Water"
    ],
    "categories": [
      {
        "code": "Beverages & Juices",
        "desc": "Beverages & Juices"
      }
    ],
    "subCategories": [
      {
        "code": "Water",
        "desc": "Water"
      }
    ],
    "brands": [
      {
        "code": "Glaceau",
        "desc": "Glaceau"
      }
    ],
    "price": {
      "basePrice": 1.24,
      "discountPrice": 1.24
    },
    "type": {
      "code": "Water",
      "desc": "Water"
    },
    "weight": "33.8 fl oz",
    "UpcCode": "",
    "tax": 0.0,
    "spiceLevel": "",
    "aiselNo": "11",
    "store": "Market Basket",
    "weightType": "33.8 fl oz",
    "imageName": "No Image.jpg",
    "defaultImage": "No Image.jpg",
    "updatedTimestamp": "Jan 23, 2021 8:02:30 PM",
    "createdTimestamp": "Jan 23, 2021 8:02:30 PM",
    "isNewlyAdded": false,
    "isActive": true,
    "isDealsEnabled": false,
    "quantity": 0
  },
  {
    "id": 7447,
    "code": "Goya Peas Green Pigeon",
    "desc": "Goya Peas Green Pigeon",
    "shortDesc": "Goya Peas Green Pigeon",
    "tags": [
      "Canned & Jarred Vegetables"
    ],
    "categories": [
      {
        "code": "Cooking Needs",
        "desc": "Cooking Needs"
      }
    ],
    "subCategories": [
      {
        "code": "Canned Food",
        "desc": "Canned Food"
      }
    ],
    "brands": [
      {
        "code": "Goya",
        "desc": "Goya"
      }
    ],
    "price": {
      "basePrice": 1.49,
      "discountPrice": 1.49
    },
    "type": {
      "code": "Canned & Jarred Vegetables",
      "desc": "Canned & Jarred Vegetables"
    },
    "weight": "15 oz",
    "UpcCode": "",
    "tax": 0.0,
    "spiceLevel": "",
    "aiselNo": "9",
    "store": "Market Basket",
    "weightType": "15 oz",
    "imageName": "5042.jpg",
    "defaultImage": "5042.jpg",
    "updatedTimestamp": "Jan 23, 2021 8:02:30 PM",
    "createdTimestamp": "Jan 23, 2021 8:02:30 PM",
    "isNewlyAdded": false,
    "isActive": true,
    "isDealsEnabled": false,
    "quantity": 0
  },
  {
    "id": 336,
    "code": "Market Basket Tall Drawstring Kitchen Bags",
    "desc": "Market Basket Tall Drawstring Kitchen Bags",
    "shortDesc": "Market Basket Tall Drawstring Kitchen Bags",
    "tags": [
      "Storage Bags"
    ],
    "categories": [
      {
        "code": "Kitchen & Cleaning",
        "desc": "Kitchen & Cleaning"
      }
    ],
    "subCategories": [
      {
        "code": "Food Storage & Kitchen Supplies",
        "desc": "Food Storage & Kitchen Supplies"
      }
    ],
    "brands": [
      {
        "code": "Market Basket",
        "desc": "Market Basket"
      }
    ],
    "price": {
      "basePrice": 6.69,
      "discountPrice": 6.69
    },
    "type": {
      "code": "Storage Bags",
      "desc": "Storage Bags"
    },
    "weight": "45 count",
    "UpcCode": "",
    "tax": 1.0,
    "spiceLevel": "",
    "aiselNo": "12",
    "store": "Market Basket",
    "weightType": "45 count",
    "imageName": "Market Basket.jpg",
    "defaultImage": "Market Basket.jpg",
    "updatedTimestamp": "Jan 23, 2021 8:02:30 PM",
    "createdTimestamp": "Jan 23, 2021 8:02:30 PM",
    "isNewlyAdded": false,
    "isActive": true,
    "isDealsEnabled": false,
    "quantity": 0
  },
  {
    "id": 15227,
    "code": "Market Basket Elite Angle Toothbrush Medium",
    "desc": "Market Basket Elite Angle Toothbrush Medium",
    "shortDesc": "Market Basket Elite Angle Toothbrush Medium",
    "tags": [
      "Oral Hygiene"
    ],
    "categories": [
      {
        "code": "Personal Care",
        "desc": "Personal Care"
      }
    ],
    "subCategories": [
      {
        "code": "Personal Needs",
        "desc": "Personal Needs"
      }
    ],
    "brands": [
      {
        "code": "Market Basket",
        "desc": "Market Basket"
      }
    ],
    "price": {
      "basePrice": 1.83,
      "discountPrice": 1.83
    },
    "type": {
      "code": "Oral Hygiene",
      "desc": "Oral Hygiene"
    },
    "weight": "1 count",
    "UpcCode": "",
    "tax": 1.0,
    "spiceLevel": "",
    "aiselNo": "13",
    "store": "Market Basket",
    "weightType": "1 count",
    "imageName": "Market Basket.jpg",
    "defaultImage": "Market Basket.jpg",
    "updatedTimestamp": "Jan 23, 2021 8:02:30 PM",
    "createdTimestamp": "Jan 23, 2021 8:02:30 PM",
    "isNewlyAdded": false,
    "isActive": true,
    "isDealsEnabled": false,
    "quantity": 0
  },
  {
    "id": 13778,
    "code": "Milano's Grated Parmesan Cheese",
    "desc": "Milano's Grated Parmesan Cheese",
    "shortDesc": "Milano's Grated Parmesan Cheese",
    "tags": [
      "Packaged Cheese"
    ],
    "categories": [
      {
        "code": "Breakfast & Dairy",
        "desc": "Breakfast & Dairy"
      }
    ],
    "subCategories": [
      {
        "code": "Dairy & Eggs",
        "desc": "Dairy & Eggs"
      }
    ],
    "brands": [
      {
        "code": "Milano's",
        "desc": "Milano's"
      }
    ],
    "price": {
      "basePrice": 6.09,
      "discountPrice": 6.09
    },
    "type": {
      "code": "Packaged Cheese",
      "desc": "Packaged Cheese"
    },
    "weight": "6 oz",
    "UpcCode": "",
    "tax": 0.0,
    "spiceLevel": "",
    "aiselNo": "1",
    "store": "Market Basket",
    "weightType": "6 oz",
    "imageName": "Market Basket.jpg",
    "defaultImage": "Market Basket.jpg",
    "updatedTimestamp": "Jan 23, 2021 8:02:30 PM",
    "createdTimestamp": "Jan 23, 2021 8:02:30 PM",
    "isNewlyAdded": false,
    "isActive": true,
    "isDealsEnabled": false,
    "quantity": 0
  },
  {
    "id": 7185,
    "code": "Badia Bay Leaves",
    "desc": "Badia Bay Leaves",
    "shortDesc": "Badia Bay Leaves",
    "tags": [
      "Spices & Seasonings"
    ],
    "categories": [
      {
        "code": "Cooking Needs",
        "desc": "Cooking Needs"
      }
    ],
    "subCategories": [
      {
        "code": "Spices & Seasonings",
        "desc": "Spices & Seasonings"
      }
    ],
    "brands": [
      {
        "code": "Badia",
        "desc": "Badia"
      }
    ],
    "price": {
      "basePrice": 2.99,
      "discountPrice": 2.99
    },
    "type": {
      "code": "Spices & Seasonings",
      "desc": "Spices & Seasonings"
    },
    "weight": "0.17 oz",
    "UpcCode": "",
    "tax": 0.0,
    "spiceLevel": "",
    "aiselNo": "9",
    "store": "Market Basket",
    "weightType": "0.17 oz",
    "imageName": "2225.jpg",
    "defaultImage": "2225.jpg",
    "updatedTimestamp": "Jan 23, 2021 8:02:30 PM",
    "createdTimestamp": "Jan 23, 2021 8:02:30 PM",
    "isNewlyAdded": false,
    "isActive": true,
    "isDealsEnabled": false,
    "quantity": 0
  },
  {
    "id": 5085,
    "code": "Mi Del Ginger Snaps",
    "desc": "Mi Del Ginger Snaps",
    "shortDesc": "Mi Del Ginger Snaps",
    "tags": [
      "Cookies & Cakes"
    ],
    "categories": [
      {
        "code": "Chips, Cookies & Snacks",
        "desc": "Chips, Cookies & Snacks"
      }
    ],
    "subCategories": [
      {
        "code": "Cookies & Crackers",
        "desc": "Cookies & Crackers"
      }
    ],
    "brands": [
      {
        "code": "Mi-Del",
        "desc": "Mi-Del"
      }
    ],
    "price": {
      "basePrice": 5.47,
      "discountPrice": 5.47
    },
    "type": {
      "code": "Cookies & Cakes",
      "desc": "Cookies & Cakes"
    },
    "weight": "8 oz",
    "UpcCode": "",
    "tax": 0.0,
    "spiceLevel": "",
    "aiselNo": "6",
    "store": "Market Basket",
    "weightType": "8 oz",
    "imageName": "15100.jpg",
    "defaultImage": "15100.jpg",
    "updatedTimestamp": "Jan 23, 2021 8:02:30 PM",
    "createdTimestamp": "Jan 23, 2021 8:02:30 PM",
    "isNewlyAdded": false,
    "isActive": true,
    "isDealsEnabled": false,
    "quantity": 0
  },
  {
    "id": 3455,
    "code": "Stem & Leaf Mandarins",
    "desc": "Stem & Leaf Mandarins",
    "shortDesc": "Stem & Leaf Mandarins",
    "tags": [
      "Mandarin"
    ],
    "categories": [
      {
        "code": "Fresh Produce",
        "desc": "Fresh Produce"
      }
    ],
    "subCategories": [
      {
        "code": "Fresh Fruits",
        "desc": "Fresh Fruits"
      }
    ],
    "brands": [
      {
        "code": "Market Basket",
        "desc": "Market Basket"
      }
    ],
    "price": {
      "basePrice": 7.14,
      "discountPrice": 7.14
    },
    "type": {
      "code": "Mandarin",
      "desc": "Mandarin"
    },
    "weight": "3 lbs",
    "UpcCode": "",
    "tax": 0.0,
    "spiceLevel": "",
    "aiselNo": "20",
    "store": "Market Basket",
    "weightType": "3 lbs",
    "imageName": "f34.jpg",
    "defaultImage": "f34.jpg",
    "updatedTimestamp": "Jan 23, 2021 8:02:30 PM",
    "createdTimestamp": "Jan 23, 2021 8:02:30 PM",
    "isNewlyAdded": false,
    "isActive": true,
    "isDealsEnabled": false,
    "quantity": 0
  },
  {
    "id": 10179,
    "code": "Northstar Pops, Lotta Juice",
    "desc": "Northstar Pops, Lotta Juice",
    "shortDesc": "Northstar Pops, Lotta Juice",
    "tags": [
      "Ice Cream & Ice"
    ],
    "categories": [
      {
        "code": "Frozen Food",
        "desc": "Frozen Food"
      }
    ],
    "subCategories": [
      {
        "code": "Ice Cream & Ice",
        "desc": "Ice Cream & Ice"
      }
    ],
    "brands": [
      {
        "code": "Northstar",
        "desc": "Northstar"
      }
    ],
    "price": {
      "basePrice": 3.69,
      "discountPrice": 3.69
    },
    "type": {
      "code": "Ice Cream & Ice",
      "desc": "Ice Cream & Ice"
    },
    "weight": "20 x 1.75 fl oz",
    "UpcCode": "",
    "tax": 0.0,
    "spiceLevel": "",
    "aiselNo": "21",
    "store": "Market Basket",
    "weightType": "20 x 1.75 fl oz",
    "imageName": "16077.jpg",
    "defaultImage": "16077.jpg",
    "updatedTimestamp": "Jan 23, 2021 8:02:30 PM",
    "createdTimestamp": "Jan 23, 2021 8:02:30 PM",
    "isNewlyAdded": false,
    "isActive": true,
    "isDealsEnabled": false,
    "quantity": 0
  },
  {
    "id": 13828,
    "code": "Jell O Ready to Eat Orange Sugar Free Gelatin",
    "desc": "Jell O Ready to Eat Orange Sugar Free Gelatin",
    "shortDesc": "Jell O Ready to Eat Orange Sugar Free Gelatin",
    "tags": [
      "Refrigerated Pudding & Desserts"
    ],
    "categories": [
      {
        "code": "Breakfast & Dairy",
        "desc": "Breakfast & Dairy"
      }
    ],
    "subCategories": [
      {
        "code": "Dairy & Eggs",
        "desc": "Dairy & Eggs"
      }
    ],
    "brands": [
      {
        "code": "Jell-O",
        "desc": "Jell-O"
      }
    ],
    "price": {
      "basePrice": 3.09,
      "discountPrice": 3.09
    },
    "type": {
      "code": "Refrigerated Pudding & Desserts",
      "desc": "Refrigerated Pudding & Desserts"
    },
    "weight": "4 x 3.125 oz",
    "UpcCode": "",
    "tax": 0.0,
    "spiceLevel": "",
    "aiselNo": "19",
    "store": "Market Basket",
    "weightType": "4 x 3.125 oz",
    "imageName": "793.jpg",
    "defaultImage": "793.jpg",
    "updatedTimestamp": "Jan 23, 2021 8:02:30 PM",
    "createdTimestamp": "Jan 23, 2021 8:02:30 PM",
    "isNewlyAdded": false,
    "isActive": true,
    "isDealsEnabled": false,
    "quantity": 0
  },
  {
    "id": 6846,
    "code": "Ghirardelli Chocolate Mini Baking Chips Semi Sweet Chocolate",
    "desc": "Ghirardelli Chocolate Mini Baking Chips Semi Sweet Chocolate",
    "shortDesc": "Ghirardelli Chocolate Mini Baking Chips Semi Sweet Chocolate",
    "tags": [
      "Baking Ingredients"
    ],
    "categories": [
      {
        "code": "Cooking Needs",
        "desc": "Cooking Needs"
      }
    ],
    "subCategories": [
      {
        "code": "Baking & Cooking",
        "desc": "Baking & Cooking"
      }
    ],
    "brands": [
      {
        "code": "Ghirardelli Chocolate",
        "desc": "Ghirardelli Chocolate"
      }
    ],
    "price": {
      "basePrice": 3.69,
      "discountPrice": 3.69
    },
    "type": {
      "code": "Baking Ingredients",
      "desc": "Baking Ingredients"
    },
    "weight": "10 oz",
    "UpcCode": "",
    "tax": 0.0,
    "spiceLevel": "",
    "aiselNo": "8",
    "store": "Market Basket",
    "weightType": "10 oz",
    "imageName": "2343.jpg",
    "defaultImage": "2343.jpg",
    "updatedTimestamp": "Jan 23, 2021 8:02:30 PM",
    "createdTimestamp": "Jan 23, 2021 8:02:30 PM",
    "isNewlyAdded": false,
    "isActive": true,
    "isDealsEnabled": false,
    "quantity": 0
  },
  {
    "id": 7746,
    "code": "Goya Chick Peas",
    "desc": "Goya Chick Peas",
    "shortDesc": "Goya Chick Peas",
    "tags": [
      "Canned Meals & Beans"
    ],
    "categories": [
      {
        "code": "Cooking Needs",
        "desc": "Cooking Needs"
      }
    ],
    "subCategories": [
      {
        "code": "Canned Food",
        "desc": "Canned Food"
      }
    ],
    "brands": [
      {
        "code": "Goya",
        "desc": "Goya"
      }
    ],
    "price": {
      "basePrice": 2.39,
      "discountPrice": 2.39
    },
    "type": {
      "code": "Canned Meals & Beans",
      "desc": "Canned Meals & Beans"
    },
    "weight": "29 oz",
    "UpcCode": "",
    "tax": 0.0,
    "spiceLevel": "",
    "aiselNo": "7",
    "store": "Market Basket",
    "weightType": "29 oz",
    "imageName": "5106.jpg",
    "defaultImage": "5106.jpg",
    "updatedTimestamp": "Jan 23, 2021 8:02:30 PM",
    "createdTimestamp": "Jan 23, 2021 8:02:30 PM",
    "isNewlyAdded": false,
    "isActive": true,
    "isDealsEnabled": false,
    "quantity": 0
  },
  {
    "id": 416,
    "code": "Glad Force Flex Large Trash Drawstring Bags Extra Strong",
    "desc": "Glad Force Flex Large Trash Drawstring Bags Extra Strong",
    "shortDesc": "Glad Force Flex Large Trash Drawstring Bags Extra Strong",
    "tags": [
      "Large Trash Bags"
    ],
    "categories": [
      {
        "code": "Kitchen & Cleaning",
        "desc": "Kitchen & Cleaning"
      }
    ],
    "subCategories": [
      {
        "code": "Trash Bags & Liners",
        "desc": "Trash Bags & Liners"
      }
    ],
    "brands": [
      {
        "code": "Glad",
        "desc": "Glad"
      }
    ],
    "price": {
      "basePrice": 15.89,
      "discountPrice": 15.89
    },
    "type": {
      "code": "Large Trash Bags",
      "desc": "Large Trash Bags"
    },
    "weight": "50 count",
    "UpcCode": "",
    "tax": 1.0,
    "spiceLevel": "",
    "aiselNo": "12",
    "store": "Market Basket",
    "weightType": "50 count",
    "imageName": "4680.jpg",
    "defaultImage": "4680.jpg",
    "updatedTimestamp": "Jan 23, 2021 8:02:30 PM",
    "createdTimestamp": "Jan 23, 2021 8:02:30 PM",
    "isNewlyAdded": false,
    "isActive": true,
    "isDealsEnabled": false,
    "quantity": 0
  },
  {
    "id": 6136,
    "code": "Market Basket Orange Soda",
    "desc": "Market Basket Orange Soda",
    "shortDesc": "Market Basket Orange Soda",
    "tags": [
      "Soft Drinks"
    ],
    "categories": [
      {
        "code": "Beverages & Juices",
        "desc": "Beverages & Juices"
      }
    ],
    "subCategories": [
      {
        "code": "Soft Drinks & Seltzers",
        "desc": "Soft Drinks & Seltzers"
      }
    ],
    "brands": [
      {
        "code": "Market Basket",
        "desc": "Market Basket"
      }
    ],
    "price": {
      "basePrice": 1.1,
      "discountPrice": 1.1
    },
    "type": {
      "code": "Soft Drinks",
      "desc": "Soft Drinks"
    },
    "weight": "2 L",
    "UpcCode": "",
    "tax": 0.0,
    "spiceLevel": "",
    "aiselNo": "17",
    "store": "Market Basket",
    "weightType": "2 L",
    "imageName": "Market Basket.jpg",
    "defaultImage": "Market Basket.jpg",
    "updatedTimestamp": "Jan 23, 2021 8:02:30 PM",
    "createdTimestamp": "Jan 23, 2021 8:02:30 PM",
    "isNewlyAdded": false,
    "isActive": true,
    "isDealsEnabled": false,
    "quantity": 0
  },
  {
    "id": 6220,
    "code": "Adirondack Beverages Seltzer, Raspberry Lime",
    "desc": "Adirondack Beverages Seltzer, Raspberry Lime",
    "shortDesc": "Adirondack Beverages Seltzer, Raspberry Lime",
    "tags": [
      "Seltzer"
    ],
    "categories": [
      {
        "code": "Beverages & Juices",
        "desc": "Beverages & Juices"
      }
    ],
    "subCategories": [
      {
        "code": "Soft Drinks & Seltzers",
        "desc": "Soft Drinks & Seltzers"
      }
    ],
    "brands": [
      {
        "code": "Adirondack",
        "desc": "Adirondack"
      }
    ],
    "price": {
      "basePrice": 2.5,
      "discountPrice": 2.5
    },
    "type": {
      "code": "Seltzer",
      "desc": "Seltzer"
    },
    "weight": "8 x 12 fl oz",
    "UpcCode": "",
    "tax": 0.0,
    "spiceLevel": "",
    "aiselNo": "11",
    "store": "Market Basket",
    "weightType": "8 x 12 fl oz",
    "imageName": "No Image.jpg",
    "defaultImage": "No Image.jpg",
    "updatedTimestamp": "Jan 23, 2021 8:02:30 PM",
    "createdTimestamp": "Jan 23, 2021 8:02:30 PM",
    "isNewlyAdded": false,
    "isActive": true,
    "isDealsEnabled": false,
    "quantity": 0
  },
  {
    "id": 5972,
    "code": "Master of Mixes Handcrafted Mango Daiquiri & Margarita Mixer",
    "desc": "Master of Mixes Handcrafted Mango Daiquiri & Margarita Mixer",
    "shortDesc": "Master of Mixes Handcrafted Mango Daiquiri & Margarita Mixer",
    "tags": [
      "Cocoa & Drink Mixes"
    ],
    "categories": [
      {
        "code": "Beverages & Juices",
        "desc": "Beverages & Juices"
      }
    ],
    "subCategories": [
      {
        "code": "Cocoa & Drink Mixes",
        "desc": "Cocoa & Drink Mixes"
      }
    ],
    "brands": [
      {
        "code": "Master of Mixes",
        "desc": "Master of Mixes"
      }
    ],
    "price": {
      "basePrice": 4.99,
      "discountPrice": 4.99
    },
    "type": {
      "code": "Cocoa & Drink Mixes",
      "desc": "Cocoa & Drink Mixes"
    },
    "weight": "33.8 fl oz",
    "UpcCode": "",
    "tax": 0.0,
    "spiceLevel": "",
    "aiselNo": "17",
    "store": "Market Basket",
    "weightType": "33.8 fl oz",
    "imageName": "No Image.jpg",
    "defaultImage": "No Image.jpg",
    "updatedTimestamp": "Jan 23, 2021 8:02:29 PM",
    "createdTimestamp": "Jan 23, 2021 8:02:29 PM",
    "isNewlyAdded": false,
    "isActive": true,
    "isDealsEnabled": false,
    "quantity": 0
  },
  {
    "id": 14677,
    "code": "Vaseline Spray Lotion Aloe Soothe",
    "desc": "Vaseline Spray Lotion Aloe Soothe",
    "shortDesc": "Vaseline Spray Lotion Aloe Soothe",
    "tags": [
      "Body Lotion"
    ],
    "categories": [
      {
        "code": "Personal Care",
        "desc": "Personal Care"
      }
    ],
    "subCategories": [
      {
        "code": "Body Wash, Soap & Hair Care",
        "desc": "Body Wash, Soap & Hair Care"
      }
    ],
    "brands": [
      {
        "code": "Vaseline",
        "desc": "Vaseline"
      }
    ],
    "price": {
      "basePrice": 9.88,
      "discountPrice": 9.88
    },
    "type": {
      "code": "Body Lotion",
      "desc": "Body Lotion"
    },
    "weight": "6.5 oz",
    "UpcCode": "",
    "tax": 1.0,
    "spiceLevel": "",
    "aiselNo": "13",
    "store": "Market Basket",
    "weightType": "6.5 oz",
    "imageName": "17733.jpg",
    "defaultImage": "17733.jpg",
    "updatedTimestamp": "Jan 23, 2021 8:02:30 PM",
    "createdTimestamp": "Jan 23, 2021 8:02:30 PM",
    "isNewlyAdded": false,
    "isActive": true,
    "isDealsEnabled": false,
    "quantity": 0
  },
  {
    "id": 5079,
    "code": "Market Basket Assorted Creme Cookies",
    "desc": "Market Basket Assorted Creme Cookies",
    "shortDesc": "Market Basket Assorted Creme Cookies",
    "tags": [
      "Cookies & Cakes"
    ],
    "categories": [
      {
        "code": "Chips, Cookies & Snacks",
        "desc": "Chips, Cookies & Snacks"
      }
    ],
    "subCategories": [
      {
        "code": "Cookies & Crackers",
        "desc": "Cookies & Crackers"
      }
    ],
    "brands": [
      {
        "code": "Market Basket",
        "desc": "Market Basket"
      }
    ],
    "price": {
      "basePrice": 3.42,
      "discountPrice": 3.42
    },
    "type": {
      "code": "Cookies & Cakes",
      "desc": "Cookies & Cakes"
    },
    "weight": "25 oz",
    "UpcCode": "",
    "tax": 0.0,
    "spiceLevel": "",
    "aiselNo": "6",
    "store": "Market Basket",
    "weightType": "25 oz",
    "imageName": "Market Basket.jpg",
    "defaultImage": "Market Basket.jpg",
    "updatedTimestamp": "Jan 23, 2021 8:02:30 PM",
    "createdTimestamp": "Jan 23, 2021 8:02:30 PM",
    "isNewlyAdded": false,
    "isActive": true,
    "isDealsEnabled": false,
    "quantity": 0
  },
  {
    "id": 3936,
    "code": "Thai Red Hot Peppers",
    "desc": "Thai Red Hot Peppers",
    "shortDesc": "Thai Red Hot Peppers",
    "tags": [
      "Pepper"
    ],
    "categories": [
      {
        "code": "Fresh Produce",
        "desc": "Fresh Produce"
      }
    ],
    "subCategories": [
      {
        "code": "Fresh Vegetables",
        "desc": "Fresh Vegetables"
      }
    ],
    "brands": [
      {
        "code": "Market Basket",
        "desc": "Market Basket"
      }
    ],
    "price": {
      "basePrice": 3.14,
      "discountPrice": 3.14
    },
    "type": {
      "code": "Pepper",
      "desc": "Pepper"
    },
    "weight": "1 count",
    "UpcCode": "",
    "tax": 0.0,
    "spiceLevel": "",
    "aiselNo": "20",
    "store": "Market Basket",
    "weightType": "1 count",
    "imageName": "FP142.jpg",
    "defaultImage": "FP142.jpg",
    "updatedTimestamp": "Jan 23, 2021 8:02:30 PM",
    "createdTimestamp": "Jan 23, 2021 8:02:30 PM",
    "isNewlyAdded": false,
    "isActive": true,
    "isDealsEnabled": false,
    "quantity": 0
  },
  {
    "id": 8408,
    "code": "Heinz HomeStyle Bistro Au Jus Gravy",
    "desc": "Heinz HomeStyle Bistro Au Jus Gravy",
    "shortDesc": "Heinz HomeStyle Bistro Au Jus Gravy",
    "tags": [
      "Marinades & Meat Preparation"
    ],
    "categories": [
      {
        "code": "Condiments & Dressings",
        "desc": "Condiments & Dressings"
      }
    ],
    "subCategories": [
      {
        "code": "Marinades, Ketchup & Sauces",
        "desc": "Marinades, Ketchup & Sauces"
      }
    ],
    "brands": [
      {
        "code": "Heinz",
        "desc": "Heinz"
      }
    ],
    "price": {
      "basePrice": 2.09,
      "discountPrice": 2.09
    },
    "type": {
      "code": "Marinades & Meat Preparation",
      "desc": "Marinades & Meat Preparation"
    },
    "weight": "12 oz",
    "UpcCode": "",
    "tax": 0.0,
    "spiceLevel": "",
    "aiselNo": "9",
    "store": "Market Basket",
    "weightType": "12 oz",
    "imageName": "1957.jpg",
    "defaultImage": "1957.jpg",
    "updatedTimestamp": "Jan 23, 2021 8:02:30 PM",
    "createdTimestamp": "Jan 23, 2021 8:02:30 PM",
    "isNewlyAdded": false,
    "isActive": true,
    "isDealsEnabled": false,
    "quantity": 0
  },
  {
    "id": 13376,
    "code": "Market Basket Wheat English Muffins",
    "desc": "Market Basket Wheat English Muffins",
    "shortDesc": "Market Basket Wheat English Muffins",
    "tags": [
      "Cream"
    ],
    "categories": [
      {
        "code": "Breakfast & Dairy",
        "desc": "Breakfast & Dairy"
      }
    ],
    "subCategories": [
      {
        "code": "Dairy & Eggs",
        "desc": "Dairy & Eggs"
      }
    ],
    "brands": [
      {
        "code": "Market Basket",
        "desc": "Market Basket"
      }
    ],
    "price": {
      "basePrice": 1.59,
      "discountPrice": 1.59
    },
    "type": {
      "code": "Cream",
      "desc": "Cream"
    },
    "weight": "12 oz",
    "UpcCode": "",
    "tax": 0.0,
    "spiceLevel": "",
    "aiselNo": "1",
    "store": "Market Basket",
    "weightType": "12 oz",
    "imageName": "533.jpg",
    "defaultImage": "533.jpg",
    "updatedTimestamp": "Jan 23, 2021 8:02:30 PM",
    "createdTimestamp": "Jan 23, 2021 8:02:30 PM",
    "isNewlyAdded": false,
    "isActive": true,
    "isDealsEnabled": false,
    "quantity": 0
  },
  {
    "id": 14924,
    "code": "Benadryl Children's Allergy Relief",
    "desc": "Benadryl Children's Allergy Relief",
    "shortDesc": "Benadryl Children's Allergy Relief",
    "tags": [
      "Cold, Flu & Allergy"
    ],
    "categories": [
      {
        "code": "Personal Care",
        "desc": "Personal Care"
      }
    ],
    "subCategories": [
      {
        "code": "First Aid & Healthcare",
        "desc": "First Aid & Healthcare"
      }
    ],
    "brands": [
      {
        "code": "Benadryl",
        "desc": "Benadryl"
      }
    ],
    "price": {
      "basePrice": 2.86,
      "discountPrice": 2.86
    },
    "type": {
      "code": "Cold, Flu & Allergy",
      "desc": "Cold, Flu & Allergy"
    },
    "weight": "1 count",
    "UpcCode": "",
    "tax": 1.0,
    "spiceLevel": "",
    "aiselNo": "13",
    "store": "Market Basket",
    "weightType": "1 count",
    "imageName": "No Image.jpg",
    "defaultImage": "No Image.jpg",
    "updatedTimestamp": "Jan 23, 2021 8:02:30 PM",
    "createdTimestamp": "Jan 23, 2021 8:02:30 PM",
    "isNewlyAdded": false,
    "isActive": true,
    "isDealsEnabled": false,
    "quantity": 0
  },
  {
    "id": 5921,
    "code": "Peet's Iced Espresso Mocha",
    "desc": "Peet's Iced Espresso Mocha",
    "shortDesc": "Peet's Iced Espresso Mocha",
    "tags": [
      "Single To-Go Coffee"
    ],
    "categories": [
      {
        "code": "Beverages & Juices",
        "desc": "Beverages & Juices"
      }
    ],
    "subCategories": [
      {
        "code": "Tea, Coffee, Milk & Coconut Water",
        "desc": "Tea, Coffee, Milk & Coconut Water"
      }
    ],
    "brands": [
      {
        "code": "Peet's",
        "desc": "Peet's"
      }
    ],
    "price": {
      "basePrice": 3.13,
      "discountPrice": 3.13
    },
    "type": {
      "code": "Single To-Go Coffee",
      "desc": "Single To-Go Coffee"
    },
    "weight": "8 fl oz",
    "UpcCode": "",
    "tax": 0.0,
    "spiceLevel": "",
    "aiselNo": "17",
    "store": "Market Basket",
    "weightType": "8 fl oz",
    "imageName": "No Image.jpg",
    "defaultImage": "No Image.jpg",
    "updatedTimestamp": "Jan 23, 2021 8:02:30 PM",
    "createdTimestamp": "Jan 23, 2021 8:02:30 PM",
    "isNewlyAdded": false,
    "isActive": true,
    "isDealsEnabled": false,
    "quantity": 0
  },
  {
    "id": 9363,
    "code": "Pepperidge Farm Puff Pastry Frozen Sheets Pastry Dough",
    "desc": "Pepperidge Farm Puff Pastry Frozen Sheets Pastry Dough",
    "shortDesc": "Pepperidge Farm Puff Pastry Frozen Sheets Pastry Dough",
    "tags": [
      "Frozen Dessert"
    ],
    "categories": [
      {
        "code": "Frozen Food",
        "desc": "Frozen Food"
      }
    ],
    "subCategories": [
      {
        "code": "Frozen Dessert",
        "desc": "Frozen Dessert"
      }
    ],
    "brands": [
      {
        "code": "Pepperidge Farm",
        "desc": "Pepperidge Farm"
      }
    ],
    "price": {
      "basePrice": 5.39,
      "discountPrice": 5.39
    },
    "type": {
      "code": "Frozen Dessert",
      "desc": "Frozen Dessert"
    },
    "weight": "2 count",
    "UpcCode": "",
    "tax": 0.0,
    "spiceLevel": "",
    "aiselNo": "19",
    "store": "Market Basket",
    "weightType": "2 count",
    "imageName": "2975.jpg",
    "defaultImage": "2975.jpg",
    "updatedTimestamp": "Jan 23, 2021 8:02:30 PM",
    "createdTimestamp": "Jan 23, 2021 8:02:30 PM",
    "isNewlyAdded": false,
    "isActive": true,
    "isDealsEnabled": false,
    "quantity": 0
  },
  {
    "id": 14512,
    "code": "Bigelow \"Constant Comment\"",
    "desc": "Bigelow \"Constant Comment\"",
    "shortDesc": "Bigelow \"Constant Comment\"",
    "tags": [
      "Tea"
    ],
    "categories": [
      {
        "code": "Breakfast & Dairy",
        "desc": "Breakfast & Dairy"
      }
    ],
    "subCategories": [
      {
        "code": "Tea & Coffee",
        "desc": "Tea & Coffee"
      }
    ],
    "brands": [
      {
        "code": "Bigelow ",
        "desc": "Bigelow "
      }
    ],
    "price": {
      "basePrice": 2.49,
      "discountPrice": 2.49
    },
    "type": {
      "code": "Tea",
      "desc": "Tea"
    },
    "weight": "1.18 oz",
    "UpcCode": "",
    "tax": 0.0,
    "spiceLevel": "",
    "aiselNo": "8",
    "store": "Market Basket",
    "weightType": "1.18 oz",
    "imageName": "3408.jpg",
    "defaultImage": "3408.jpg",
    "updatedTimestamp": "Jan 23, 2021 8:02:30 PM",
    "createdTimestamp": "Jan 23, 2021 8:02:30 PM",
    "isNewlyAdded": false,
    "isActive": true,
    "isDealsEnabled": false,
    "quantity": 0
  },
  {
    "id": 6447,
    "code": "Market Basket Ginger Ale",
    "desc": "Market Basket Ginger Ale",
    "shortDesc": "Market Basket Ginger Ale",
    "tags": [
      "Ginger Ale"
    ],
    "categories": [
      {
        "code": "Beverages & Juices",
        "desc": "Beverages & Juices"
      }
    ],
    "subCategories": [
      {
        "code": "Ginger Ale & Ginger Beer",
        "desc": "Ginger Ale & Ginger Beer"
      }
    ],
    "brands": [
      {
        "code": "Market Basket",
        "desc": "Market Basket"
      }
    ],
    "price": {
      "basePrice": 3.75,
      "discountPrice": 3.75
    },
    "type": {
      "code": "Ginger Ale",
      "desc": "Ginger Ale"
    },
    "weight": "12 x 12 fl oz",
    "UpcCode": "",
    "tax": 0.0,
    "spiceLevel": "",
    "aiselNo": "17",
    "store": "Market Basket",
    "weightType": "12 x 12 fl oz",
    "imageName": "Market Basket.jpg",
    "defaultImage": "Market Basket.jpg",
    "updatedTimestamp": "Jan 23, 2021 8:02:29 PM",
    "createdTimestamp": "Jan 23, 2021 8:02:29 PM",
    "isNewlyAdded": false,
    "isActive": true,
    "isDealsEnabled": false,
    "quantity": 0
  },
  {
    "id": 13866,
    "code": "Blue Diamond Almond Breeze Original Almondmilk",
    "desc": "Blue Diamond Almond Breeze Original Almondmilk",
    "shortDesc": "Blue Diamond Almond Breeze Original Almondmilk",
    "tags": [
      "Soy & Lactose-Free"
    ],
    "categories": [
      {
        "code": "Breakfast & Dairy",
        "desc": "Breakfast & Dairy"
      }
    ],
    "subCategories": [
      {
        "code": "Dairy & Eggs",
        "desc": "Dairy & Eggs"
      }
    ],
    "brands": [
      {
        "code": "Blue Diamond Almond Breeze",
        "desc": "Blue Diamond Almond Breeze"
      }
    ],
    "price": {
      "basePrice": 5.79,
      "discountPrice": 5.79
    },
    "type": {
      "code": "Soy & Lactose-Free",
      "desc": "Soy & Lactose-Free"
    },
    "weight": "0.5 gal",
    "UpcCode": "",
    "tax": 0.0,
    "spiceLevel": "",
    "aiselNo": "1",
    "store": "Market Basket",
    "weightType": "0.5 gal",
    "imageName": "758.jpg",
    "defaultImage": "758.jpg",
    "updatedTimestamp": "Jan 23, 2021 8:02:30 PM",
    "createdTimestamp": "Jan 23, 2021 8:02:30 PM",
    "isNewlyAdded": false,
    "isActive": true,
    "isDealsEnabled": false,
    "quantity": 0
  },
  {
    "id": 6642,
    "code": "Odwalla Protein Shake Vanilla Protein Monster",
    "desc": "Odwalla Protein Shake Vanilla Protein Monster",
    "shortDesc": "Odwalla Protein Shake Vanilla Protein Monster",
    "tags": [
      "Refrigerated Drinks"
    ],
    "categories": [
      {
        "code": "Beverages & Juices",
        "desc": "Beverages & Juices"
      }
    ],
    "subCategories": [
      {
        "code": "Juices & Refrigerated Drinks",
        "desc": "Juices & Refrigerated Drinks"
      }
    ],
    "brands": [
      {
        "code": "Odwalla",
        "desc": "Odwalla"
      }
    ],
    "price": {
      "basePrice": 2.99,
      "discountPrice": 2.99
    },
    "type": {
      "code": "Refrigerated Drinks",
      "desc": "Refrigerated Drinks"
    },
    "weight": "12 fl oz",
    "UpcCode": "",
    "tax": 0.0,
    "spiceLevel": "",
    "aiselNo": "20",
    "store": "Market Basket",
    "weightType": "12 fl oz",
    "imageName": "3800.jpg",
    "defaultImage": "3800.jpg",
    "updatedTimestamp": "Jan 23, 2021 8:02:30 PM",
    "createdTimestamp": "Jan 23, 2021 8:02:30 PM",
    "isNewlyAdded": false,
    "isActive": true,
    "isDealsEnabled": false,
    "quantity": 0
  },
  {
    "id": 15050,
    "code": "Secret Shower Fresh Invisible Solid Antiperspirant and Deodorant",
    "desc": "Secret Shower Fresh Invisible Solid Antiperspirant and Deodorant",
    "shortDesc": "Secret Shower Fresh Invisible Solid Antiperspirant and Deodorant",
    "tags": [
      "Deodorants"
    ],
    "categories": [
      {
        "code": "Personal Care",
        "desc": "Personal Care"
      }
    ],
    "subCategories": [
      {
        "code": "Personal Needs",
        "desc": "Personal Needs"
      }
    ],
    "brands": [
      {
        "code": "Secret",
        "desc": "Secret"
      }
    ],
    "price": {
      "basePrice": 4.7,
      "discountPrice": 4.7
    },
    "type": {
      "code": "Deodorants",
      "desc": "Deodorants"
    },
    "weight": "2.6 oz",
    "UpcCode": "",
    "tax": 1.0,
    "spiceLevel": "",
    "aiselNo": "13",
    "store": "Market Basket",
    "weightType": "2.6 oz",
    "imageName": "18129.jpg",
    "defaultImage": "18129.jpg",
    "updatedTimestamp": "Jan 23, 2021 8:02:30 PM",
    "createdTimestamp": "Jan 23, 2021 8:02:30 PM",
    "isNewlyAdded": false,
    "isActive": true,
    "isDealsEnabled": false,
    "quantity": 0
  },
  {
    "id": 4533,
    "code": "Columbus Coppa, Dry",
    "desc": "Columbus Coppa, Dry",
    "shortDesc": "Columbus Coppa, Dry",
    "tags": [
      "Other Meat"
    ],
    "categories": [
      {
        "code": "Meat & Seafood",
        "desc": "Meat & Seafood"
      }
    ],
    "subCategories": [
      {
        "code": "Lunch Meat",
        "desc": "Lunch Meat"
      }
    ],
    "brands": [
      {
        "code": "Columbus",
        "desc": "Columbus"
      }
    ],
    "price": {
      "basePrice": 4.39,
      "discountPrice": 4.39
    },
    "type": {
      "code": "Other Meat",
      "desc": "Other Meat"
    },
    "weight": "3 oz",
    "UpcCode": "",
    "tax": 0.0,
    "spiceLevel": "",
    "aiselNo": "22",
    "store": "Market Basket",
    "weightType": "3 oz",
    "imageName": "5424.jpg",
    "defaultImage": "5424.jpg",
    "updatedTimestamp": "Jan 23, 2021 8:02:30 PM",
    "createdTimestamp": "Jan 23, 2021 8:02:30 PM",
    "isNewlyAdded": false,
    "isActive": true,
    "isDealsEnabled": false,
    "quantity": 0
  },
  {
    "id": 9838,
    "code": "Market Basket California Combo",
    "desc": "Market Basket California Combo",
    "shortDesc": "Market Basket California Combo",
    "tags": [
      "Frozen Produce"
    ],
    "categories": [
      {
        "code": "Frozen Food",
        "desc": "Frozen Food"
      }
    ],
    "subCategories": [
      {
        "code": "Frozen Produce",
        "desc": "Frozen Produce"
      }
    ],
    "brands": [
      {
        "code": "Market Basket",
        "desc": "Market Basket"
      }
    ],
    "price": {
      "basePrice": 1.69,
      "discountPrice": 1.69
    },
    "type": {
      "code": "Frozen Produce",
      "desc": "Frozen Produce"
    },
    "weight": "16 oz",
    "UpcCode": "",
    "tax": 0.0,
    "spiceLevel": "",
    "aiselNo": "19",
    "store": "Market Basket",
    "weightType": "16 oz",
    "imageName": "Market Basket.jpg",
    "defaultImage": "Market Basket.jpg",
    "updatedTimestamp": "Jan 23, 2021 8:02:30 PM",
    "createdTimestamp": "Jan 23, 2021 8:02:30 PM",
    "isNewlyAdded": false,
    "isActive": true,
    "isDealsEnabled": false,
    "quantity": 0
  },
  {
    "id": 14625,
    "code": "Traditional Medicinals Organic Ginger Caffeine Free Herbal Tea",
    "desc": "Traditional Medicinals Organic Ginger Caffeine Free Herbal Tea",
    "shortDesc": "Traditional Medicinals Organic Ginger Caffeine Free Herbal Tea",
    "tags": [
      "Tea"
    ],
    "categories": [
      {
        "code": "Breakfast & Dairy",
        "desc": "Breakfast & Dairy"
      }
    ],
    "subCategories": [
      {
        "code": "Tea & Coffee",
        "desc": "Tea & Coffee"
      }
    ],
    "brands": [
      {
        "code": "Traditional Medicinals",
        "desc": "Traditional Medicinals"
      }
    ],
    "price": {
      "basePrice": 4.89,
      "discountPrice": 4.89
    },
    "type": {
      "code": "Tea",
      "desc": "Tea"
    },
    "weight": "16 count",
    "UpcCode": "",
    "tax": 0.0,
    "spiceLevel": "",
    "aiselNo": "8",
    "store": "Market Basket",
    "weightType": "16 count",
    "imageName": "3495.jpg",
    "defaultImage": "3495.jpg",
    "updatedTimestamp": "Jan 23, 2021 8:02:30 PM",
    "createdTimestamp": "Jan 23, 2021 8:02:30 PM",
    "isNewlyAdded": false,
    "isActive": true,
    "isDealsEnabled": false,
    "quantity": 0
  },
  {
    "id": 10308,
    "code": "Goya Angel Hair, Enriched",
    "desc": "Goya Angel Hair, Enriched",
    "shortDesc": "Goya Angel Hair, Enriched",
    "tags": [
      "Raw Pasta"
    ],
    "categories": [
      {
        "code": "Pasta & Sauces",
        "desc": "Pasta & Sauces"
      }
    ],
    "subCategories": [
      {
        "code": "Raw Pasta",
        "desc": "Raw Pasta"
      }
    ],
    "brands": [
      {
        "code": "Goya",
        "desc": "Goya"
      }
    ],
    "price": {
      "basePrice": 1.49,
      "discountPrice": 1.49
    },
    "type": {
      "code": "Raw Pasta",
      "desc": "Raw Pasta"
    },
    "weight": "16 oz",
    "UpcCode": "",
    "tax": 0.0,
    "spiceLevel": "",
    "aiselNo": "4",
    "store": "Market Basket",
    "weightType": "16 oz",
    "imageName": "5610.jpg",
    "defaultImage": "5610.jpg",
    "updatedTimestamp": "Jan 23, 2021 8:02:30 PM",
    "createdTimestamp": "Jan 23, 2021 8:02:30 PM",
    "isNewlyAdded": false,
    "isActive": true,
    "isDealsEnabled": false,
    "quantity": 0
  },
  {
    "id": 15013,
    "code": "Axe Body Spray For Men Dark Temptation",
    "desc": "Axe Body Spray For Men Dark Temptation",
    "shortDesc": "Axe Body Spray For Men Dark Temptation",
    "tags": [
      "Deodorants"
    ],
    "categories": [
      {
        "code": "Personal Care",
        "desc": "Personal Care"
      }
    ],
    "subCategories": [
      {
        "code": "Personal Needs",
        "desc": "Personal Needs"
      }
    ],
    "brands": [
      {
        "code": "Axe",
        "desc": "Axe"
      }
    ],
    "price": {
      "basePrice": 7.0,
      "discountPrice": 7.0
    },
    "type": {
      "code": "Deodorants",
      "desc": "Deodorants"
    },
    "weight": "4 oz",
    "UpcCode": "",
    "tax": 1.0,
    "spiceLevel": "",
    "aiselNo": "13",
    "store": "Market Basket",
    "weightType": "4 oz",
    "imageName": "18122.jpg",
    "defaultImage": "18122.jpg",
    "updatedTimestamp": "Jan 23, 2021 8:02:30 PM",
    "createdTimestamp": "Jan 23, 2021 8:02:30 PM",
    "isNewlyAdded": false,
    "isActive": true,
    "isDealsEnabled": false,
    "quantity": 0
  },
  {
    "id": 7732,
    "code": "Ducal Refried Beans Black",
    "desc": "Ducal Refried Beans Black",
    "shortDesc": "Ducal Refried Beans Black",
    "tags": [
      "Canned Meals & Beans"
    ],
    "categories": [
      {
        "code": "Cooking Needs",
        "desc": "Cooking Needs"
      }
    ],
    "subCategories": [
      {
        "code": "Canned Food",
        "desc": "Canned Food"
      }
    ],
    "brands": [
      {
        "code": "Ducal",
        "desc": "Ducal"
      }
    ],
    "price": {
      "basePrice": 1.69,
      "discountPrice": 1.69
    },
    "type": {
      "code": "Canned Meals & Beans",
      "desc": "Canned Meals & Beans"
    },
    "weight": "14.1 oz",
    "UpcCode": "",
    "tax": 0.0,
    "spiceLevel": "",
    "aiselNo": "2",
    "store": "Market Basket",
    "weightType": "14.1 oz",
    "imageName": "17132.jpg",
    "defaultImage": "17132.jpg",
    "updatedTimestamp": "Jan 23, 2021 8:02:30 PM",
    "createdTimestamp": "Jan 23, 2021 8:02:30 PM",
    "isNewlyAdded": false,
    "isActive": true,
    "isDealsEnabled": false,
    "quantity": 0
  },
  {
    "id": 6143,
    "code": "Market Basket Ginger Ale",
    "desc": "Market Basket Ginger Ale",
    "shortDesc": "Market Basket Ginger Ale",
    "tags": [
      "Ginger Ale"
    ],
    "categories": [
      {
        "code": "Beverages & Juices",
        "desc": "Beverages & Juices"
      }
    ],
    "subCategories": [
      {
        "code": "Ginger Ale & Ginger Beer",
        "desc": "Ginger Ale & Ginger Beer"
      }
    ],
    "brands": [
      {
        "code": "Market Basket",
        "desc": "Market Basket"
      }
    ],
    "price": {
      "basePrice": 0.63,
      "discountPrice": 0.63
    },
    "type": {
      "code": "Ginger Ale",
      "desc": "Ginger Ale"
    },
    "weight": "20 fl oz",
    "UpcCode": "",
    "tax": 0.0,
    "spiceLevel": "",
    "aiselNo": "17",
    "store": "Market Basket",
    "weightType": "20 fl oz",
    "imageName": "Market Basket.jpg",
    "defaultImage": "Market Basket.jpg",
    "updatedTimestamp": "Jan 23, 2021 8:02:29 PM",
    "createdTimestamp": "Jan 23, 2021 8:02:29 PM",
    "isNewlyAdded": false,
    "isActive": true,
    "isDealsEnabled": false,
    "quantity": 0
  },
  {
    "id": 85,
    "code": "Glade PlugIns Scented Oil Refills Lavender & Vanilla",
    "desc": "Glade PlugIns Scented Oil Refills Lavender & Vanilla",
    "shortDesc": "Glade PlugIns Scented Oil Refills Lavender & Vanilla",
    "tags": [
      "Scented Oil Refill"
    ],
    "categories": [
      {
        "code": "Kitchen & Cleaning",
        "desc": "Kitchen & Cleaning"
      }
    ],
    "subCategories": [
      {
        "code": "Air Fresheners & Candles",
        "desc": "Air Fresheners & Candles"
      }
    ],
    "brands": [
      {
        "code": "Glade",
        "desc": "Glade"
      }
    ],
    "price": {
      "basePrice": 6.09,
      "discountPrice": 6.09
    },
    "type": {
      "code": "Scented Oil Refill",
      "desc": "Scented Oil Refill"
    },
    "weight": "2 x 1.34 fl oz",
    "UpcCode": "",
    "tax": 1.0,
    "spiceLevel": "",
    "aiselNo": "15",
    "store": "Market Basket",
    "weightType": "2 x 1.34 fl oz",
    "imageName": "4222.jpg",
    "defaultImage": "4222.jpg",
    "updatedTimestamp": "Jan 23, 2021 8:02:30 PM",
    "createdTimestamp": "Jan 23, 2021 8:02:30 PM",
    "isNewlyAdded": false,
    "isActive": true,
    "isDealsEnabled": false,
    "quantity": 0
  },
  {
    "id": 6996,
    "code": "Jiffy Muffin Mix Blueberry",
    "desc": "Jiffy Muffin Mix Blueberry",
    "shortDesc": "Jiffy Muffin Mix Blueberry",
    "tags": [
      "Doughs, Gelatins & Bake Mixes"
    ],
    "categories": [
      {
        "code": "Cooking Needs",
        "desc": "Cooking Needs"
      }
    ],
    "subCategories": [
      {
        "code": "Baking & Cooking",
        "desc": "Baking & Cooking"
      }
    ],
    "brands": [
      {
        "code": "Jiffy",
        "desc": "Jiffy"
      }
    ],
    "price": {
      "basePrice": 0.89,
      "discountPrice": 0.89
    },
    "type": {
      "code": "Doughs, Gelatins & Bake Mixes",
      "desc": "Doughs, Gelatins & Bake Mixes"
    },
    "weight": "7 oz",
    "UpcCode": "",
    "tax": 0.0,
    "spiceLevel": "",
    "aiselNo": "8",
    "store": "Market Basket",
    "weightType": "7 oz",
    "imageName": "2113.jpg",
    "defaultImage": "2113.jpg",
    "updatedTimestamp": "Jan 23, 2021 8:02:30 PM",
    "createdTimestamp": "Jan 23, 2021 8:02:30 PM",
    "isNewlyAdded": false,
    "isActive": true,
    "isDealsEnabled": false,
    "quantity": 0
  },
  {
    "id": 9061,
    "code": "Smucker's Sweet Orange Marmalade",
    "desc": "Smucker's Sweet Orange Marmalade",
    "shortDesc": "Smucker's Sweet Orange Marmalade",
    "tags": [
      "Spreads"
    ],
    "categories": [
      {
        "code": "Condiments & Dressings",
        "desc": "Condiments & Dressings"
      }
    ],
    "subCategories": [
      {
        "code": "Preserved Dips & Spreads",
        "desc": "Preserved Dips & Spreads"
      }
    ],
    "brands": [
      {
        "code": "Smucker's",
        "desc": "Smucker's"
      }
    ],
    "price": {
      "basePrice": 2.49,
      "discountPrice": 2.49
    },
    "type": {
      "code": "Spreads",
      "desc": "Spreads"
    },
    "weight": "12 oz",
    "UpcCode": "",
    "tax": 0.0,
    "spiceLevel": "",
    "aiselNo": "3",
    "store": "Market Basket",
    "weightType": "12 oz",
    "imageName": "1614.jpg",
    "defaultImage": "1614.jpg",
    "updatedTimestamp": "Jan 23, 2021 8:02:30 PM",
    "createdTimestamp": "Jan 23, 2021 8:02:30 PM",
    "isNewlyAdded": false,
    "isActive": true,
    "isDealsEnabled": false,
    "quantity": 0
  },
  {
    "id": 10486,
    "code": "Goya Rice Jasmine",
    "desc": "Goya Rice Jasmine",
    "shortDesc": "Goya Rice Jasmine",
    "tags": [
      "Instant Rice"
    ],
    "categories": [
      {
        "code": "Cooking Needs",
        "desc": "Cooking Needs"
      }
    ],
    "subCategories": [
      {
        "code": "Rice & Grains",
        "desc": "Rice & Grains"
      }
    ],
    "brands": [
      {
        "code": "Goya",
        "desc": "Goya"
      }
    ],
    "price": {
      "basePrice": 2.99,
      "discountPrice": 2.99
    },
    "type": {
      "code": "Instant Rice",
      "desc": "Instant Rice"
    },
    "weight": "12 oz",
    "UpcCode": "",
    "tax": 0.0,
    "spiceLevel": "",
    "aiselNo": "7",
    "store": "Market Basket",
    "weightType": "12 oz",
    "imageName": "5743.jpg",
    "defaultImage": "5743.jpg",
    "updatedTimestamp": "Jan 23, 2021 8:02:30 PM",
    "createdTimestamp": "Jan 23, 2021 8:02:30 PM",
    "isNewlyAdded": false,
    "isActive": true,
    "isDealsEnabled": false,
    "quantity": 0
  },
  {
    "id": 4281,
    "code": "Butterball Turkey",
    "desc": "Butterball Turkey",
    "shortDesc": "Butterball Turkey",
    "tags": [
      "Turkey"
    ],
    "categories": [
      {
        "code": "Meat & Seafood",
        "desc": "Meat & Seafood"
      }
    ],
    "subCategories": [
      {
        "code": "Packaged Meat & Seafood",
        "desc": "Packaged Meat & Seafood"
      }
    ],
    "brands": [
      {
        "code": "Butterball",
        "desc": "Butterball"
      }
    ],
    "price": {
      "basePrice": 26.99,
      "discountPrice": 26.99
    },
    "type": {
      "code": "Turkey",
      "desc": "Turkey"
    },
    "weight": "9 lb",
    "UpcCode": "",
    "tax": 0.0,
    "spiceLevel": "",
    "aiselNo": "22",
    "store": "Market Basket",
    "weightType": "9 lb",
    "imageName": "No Image.jpg",
    "defaultImage": "No Image.jpg",
    "updatedTimestamp": "Jan 23, 2021 8:02:30 PM",
    "createdTimestamp": "Jan 23, 2021 8:02:30 PM",
    "isNewlyAdded": false,
    "isActive": true,
    "isDealsEnabled": false,
    "quantity": 0
  },
  {
    "id": 4061,
    "code": "Beef Stock",
    "desc": "Beef Stock",
    "shortDesc": "Beef Stock",
    "tags": [
      "Beef"
    ],
    "categories": [
      {
        "code": "Meat & Seafood",
        "desc": "Meat & Seafood"
      }
    ],
    "subCategories": [
      {
        "code": "Meat & Seafood Counter",
        "desc": "Meat & Seafood Counter"
      }
    ],
    "brands": [
      {
        "code": "Market Basket",
        "desc": "Market Basket"
      }
    ],
    "price": {
      "basePrice": 2.49,
      "discountPrice": 2.49
    },
    "type": {
      "code": "Beef",
      "desc": "Beef"
    },
    "weight": "1 lb",
    "UpcCode": "",
    "tax": 0.0,
    "spiceLevel": "",
    "aiselNo": "22",
    "store": "Market Basket",
    "weightType": "1 lb",
    "imageName": "Market Basket.jpg",
    "defaultImage": "Market Basket.jpg",
    "updatedTimestamp": "Jan 23, 2021 8:02:30 PM",
    "createdTimestamp": "Jan 23, 2021 8:02:30 PM",
    "isNewlyAdded": false,
    "isActive": true,
    "isDealsEnabled": false,
    "quantity": 0
  },
  {
    "id": 4377,
    "code": "Shady Brook Farms Turkey Thighs",
    "desc": "Shady Brook Farms Turkey Thighs",
    "shortDesc": "Shady Brook Farms Turkey Thighs",
    "tags": [
      "Turkey Thighs"
    ],
    "categories": [
      {
        "code": "Meat & Seafood",
        "desc": "Meat & Seafood"
      }
    ],
    "subCategories": [
      {
        "code": "Meat & Seafood Counter",
        "desc": "Meat & Seafood Counter"
      }
    ],
    "brands": [
      {
        "code": "Shady Brook Farms",
        "desc": "Shady Brook Farms"
      }
    ],
    "price": {
      "basePrice": 5.58,
      "discountPrice": 5.58
    },
    "type": {
      "code": "Turkey Thighs",
      "desc": "Turkey Thighs"
    },
    "weight": "Approx: 2.00 lb at $2.79/lb",
    "UpcCode": "",
    "tax": 0.0,
    "spiceLevel": "",
    "aiselNo": "22",
    "store": "Market Basket",
    "weightType": "Approx: 2.00 lb at $2.79/lb",
    "imageName": "No Image.jpg",
    "defaultImage": "No Image.jpg",
    "updatedTimestamp": "Jan 23, 2021 8:02:30 PM",
    "createdTimestamp": "Jan 23, 2021 8:02:30 PM",
    "isNewlyAdded": false,
    "isActive": true,
    "isDealsEnabled": false,
    "quantity": 0
  },
  {
    "id": 5252,
    "code": "LATE JULY Korean Bbq Tortilla Chips",
    "desc": "LATE JULY Korean Bbq Tortilla Chips",
    "shortDesc": "LATE JULY Korean Bbq Tortilla Chips",
    "tags": [
      "Chips & Pretzels"
    ],
    "categories": [
      {
        "code": "Chips, Cookies & Snacks",
        "desc": "Chips, Cookies & Snacks"
      }
    ],
    "subCategories": [
      {
        "code": "Chips & Fruit Snacks",
        "desc": "Chips & Fruit Snacks"
      }
    ],
    "brands": [
      {
        "code": "LATE JULY",
        "desc": "LATE JULY"
      }
    ],
    "price": {
      "basePrice": 4.67,
      "discountPrice": 4.67
    },
    "type": {
      "code": "Chips & Pretzels",
      "desc": "Chips & Pretzels"
    },
    "weight": "5.5 oz",
    "UpcCode": "",
    "tax": 0.0,
    "spiceLevel": "",
    "aiselNo": "0",
    "store": "Market Basket",
    "weightType": "5.5 oz",
    "imageName": "No Image.jpg",
    "defaultImage": "No Image.jpg",
    "updatedTimestamp": "Jan 23, 2021 8:02:30 PM",
    "createdTimestamp": "Jan 23, 2021 8:02:30 PM",
    "isNewlyAdded": false,
    "isActive": true,
    "isDealsEnabled": false,
    "quantity": 0
  },
  {
    "id": 6073,
    "code": "Canada Dry Diet Ginger Ale",
    "desc": "Canada Dry Diet Ginger Ale",
    "shortDesc": "Canada Dry Diet Ginger Ale",
    "tags": [
      "Ginger Ale"
    ],
    "categories": [
      {
        "code": "Beverages & Juices",
        "desc": "Beverages & Juices"
      }
    ],
    "subCategories": [
      {
        "code": "Ginger Ale & Ginger Beer",
        "desc": "Ginger Ale & Ginger Beer"
      }
    ],
    "brands": [
      {
        "code": "Canada Dry",
        "desc": "Canada Dry"
      }
    ],
    "price": {
      "basePrice": 5.0,
      "discountPrice": 5.0
    },
    "type": {
      "code": "Ginger Ale",
      "desc": "Ginger Ale"
    },
    "weight": "6 x 16.9 fl oz",
    "UpcCode": "",
    "tax": 0.0,
    "spiceLevel": "",
    "aiselNo": "17",
    "store": "Market Basket",
    "weightType": "6 x 16.9 fl oz",
    "imageName": "No Image.jpg",
    "defaultImage": "No Image.jpg",
    "updatedTimestamp": "Jan 23, 2021 8:02:29 PM",
    "createdTimestamp": "Jan 23, 2021 8:02:29 PM",
    "isNewlyAdded": false,
    "isActive": true,
    "isDealsEnabled": false,
    "quantity": 0
  },
  {
    "id": 7862,
    "code": "King Oscar Wild Caught Sardines In Pure Spring Water",
    "desc": "King Oscar Wild Caught Sardines In Pure Spring Water",
    "shortDesc": "King Oscar Wild Caught Sardines In Pure Spring Water",
    "tags": [
      "Canned Meat & Seafood"
    ],
    "categories": [
      {
        "code": "Cooking Needs",
        "desc": "Cooking Needs"
      }
    ],
    "subCategories": [
      {
        "code": "Canned Food",
        "desc": "Canned Food"
      }
    ],
    "brands": [
      {
        "code": "King Oscar",
        "desc": "King Oscar"
      }
    ],
    "price": {
      "basePrice": 2.69,
      "discountPrice": 2.69
    },
    "type": {
      "code": "Canned Meat & Seafood",
      "desc": "Canned Meat & Seafood"
    },
    "weight": "3.75 oz",
    "UpcCode": "",
    "tax": 0.0,
    "spiceLevel": "",
    "aiselNo": "2",
    "store": "Market Basket",
    "weightType": "3.75 oz",
    "imageName": "5235.jpg",
    "defaultImage": "5235.jpg",
    "updatedTimestamp": "Jan 23, 2021 8:02:30 PM",
    "createdTimestamp": "Jan 23, 2021 8:02:30 PM",
    "isNewlyAdded": false,
    "isActive": true,
    "isDealsEnabled": false,
    "quantity": 0
  },
  {
    "id": 10074,
    "code": "Haagen dazs Rum Raisin Ice Cream",
    "desc": "Haagen dazs Rum Raisin Ice Cream",
    "shortDesc": "Haagen dazs Rum Raisin Ice Cream",
    "tags": [
      "Ice Cream & Ice"
    ],
    "categories": [
      {
        "code": "Frozen Food",
        "desc": "Frozen Food"
      }
    ],
    "subCategories": [
      {
        "code": "Ice Cream & Ice",
        "desc": "Ice Cream & Ice"
      }
    ],
    "brands": [
      {
        "code": "Haagen-dazs",
        "desc": "Haagen-dazs"
      }
    ],
    "price": {
      "basePrice": 4.29,
      "discountPrice": 4.29
    },
    "type": {
      "code": "Ice Cream & Ice",
      "desc": "Ice Cream & Ice"
    },
    "weight": "14 fl oz",
    "UpcCode": "",
    "tax": 0.0,
    "spiceLevel": "",
    "aiselNo": "21",
    "store": "Market Basket",
    "weightType": "14 fl oz",
    "imageName": "3084.jpg",
    "defaultImage": "3084.jpg",
    "updatedTimestamp": "Jan 23, 2021 8:02:30 PM",
    "createdTimestamp": "Jan 23, 2021 8:02:30 PM",
    "isNewlyAdded": false,
    "isActive": true,
    "isDealsEnabled": false,
    "quantity": 0
  },
  {
    "id": 14430,
    "code": "Nescafe Clasico Dark Roast Instant Coffee",
    "desc": "Nescafe Clasico Dark Roast Instant Coffee",
    "shortDesc": "Nescafe Clasico Dark Roast Instant Coffee",
    "tags": [
      "Coffee"
    ],
    "categories": [
      {
        "code": "Breakfast & Dairy",
        "desc": "Breakfast & Dairy"
      }
    ],
    "subCategories": [
      {
        "code": "Tea & Coffee",
        "desc": "Tea & Coffee"
      }
    ],
    "brands": [
      {
        "code": "Nescafe",
        "desc": "Nescafe"
      }
    ],
    "price": {
      "basePrice": 1.29,
      "discountPrice": 1.29
    },
    "type": {
      "code": "Coffee",
      "desc": "Coffee"
    },
    "weight": "7 oz",
    "UpcCode": "",
    "tax": 0.0,
    "spiceLevel": "",
    "aiselNo": "8",
    "store": "Market Basket",
    "weightType": "7 oz",
    "imageName": "16285.jpg",
    "defaultImage": "16285.jpg",
    "updatedTimestamp": "Jan 23, 2021 8:02:30 PM",
    "createdTimestamp": "Jan 23, 2021 8:02:30 PM",
    "isNewlyAdded": false,
    "isActive": true,
    "isDealsEnabled": false,
    "quantity": 0
  },
  {
    "id": 14353,
    "code": "Chock Full O' Nuts Original Medium Roast Ground Coffee",
    "desc": "Chock Full O' Nuts Original Medium Roast Ground Coffee",
    "shortDesc": "Chock Full O' Nuts Original Medium Roast Ground Coffee",
    "tags": [
      "Coffee"
    ],
    "categories": [
      {
        "code": "Breakfast & Dairy",
        "desc": "Breakfast & Dairy"
      }
    ],
    "subCategories": [
      {
        "code": "Tea & Coffee",
        "desc": "Tea & Coffee"
      }
    ],
    "brands": [
      {
        "code": "Chock Full O' Nuts",
        "desc": "Chock Full O' Nuts"
      }
    ],
    "price": {
      "basePrice": 3.69,
      "discountPrice": 3.69
    },
    "type": {
      "code": "Coffee",
      "desc": "Coffee"
    },
    "weight": "11.3 oz",
    "UpcCode": "",
    "tax": 0.0,
    "spiceLevel": "",
    "aiselNo": "8",
    "store": "Market Basket",
    "weightType": "11.3 oz",
    "imageName": "16290.jpg",
    "defaultImage": "16290.jpg",
    "updatedTimestamp": "Jan 23, 2021 8:02:30 PM",
    "createdTimestamp": "Jan 23, 2021 8:02:30 PM",
    "isNewlyAdded": false,
    "isActive": true,
    "isDealsEnabled": false,
    "quantity": 0
  },
  {
    "id": 4348,
    "code": "Market Basket Wild Whole Scup",
    "desc": "Market Basket Wild Whole Scup",
    "shortDesc": "Market Basket Wild Whole Scup",
    "tags": [
      "Scip"
    ],
    "categories": [
      {
        "code": "Meat & Seafood",
        "desc": "Meat & Seafood"
      }
    ],
    "subCategories": [
      {
        "code": "Meat & Seafood Counter",
        "desc": "Meat & Seafood Counter"
      }
    ],
    "brands": [
      {
        "code": "Market Basket",
        "desc": "Market Basket"
      }
    ],
    "price": {
      "basePrice": 6.09,
      "discountPrice": 6.09
    },
    "type": {
      "code": "Scip",
      "desc": "Scip"
    },
    "weight": "Approx: 1.00 lb at $6.09/lb",
    "UpcCode": "",
    "tax": 0.0,
    "spiceLevel": "",
    "aiselNo": "22",
    "store": "Market Basket",
    "weightType": "Approx: 1.00 lb at $6.09/lb",
    "imageName": "Market Basket.jpg",
    "defaultImage": "Market Basket.jpg",
    "updatedTimestamp": "Jan 23, 2021 8:02:30 PM",
    "createdTimestamp": "Jan 23, 2021 8:02:30 PM",
    "isNewlyAdded": false,
    "isActive": true,
    "isDealsEnabled": false,
    "quantity": 0
  },
  {
    "id": 8754,
    "code": "Market Basket Mild Salsa",
    "desc": "Market Basket Mild Salsa",
    "shortDesc": "Market Basket Mild Salsa",
    "tags": [
      "Preserved Dips & Salsa"
    ],
    "categories": [
      {
        "code": "Condiments & Dressings",
        "desc": "Condiments & Dressings"
      }
    ],
    "subCategories": [
      {
        "code": "Preserved Dips & Spreads",
        "desc": "Preserved Dips & Spreads"
      }
    ],
    "brands": [
      {
        "code": "Market Basket",
        "desc": "Market Basket"
      }
    ],
    "price": {
      "basePrice": 1.89,
      "discountPrice": 1.89
    },
    "type": {
      "code": "Preserved Dips & Salsa",
      "desc": "Preserved Dips & Salsa"
    },
    "weight": "16 oz",
    "UpcCode": "",
    "tax": 0.0,
    "spiceLevel": "",
    "aiselNo": "1",
    "store": "Market Basket",
    "weightType": "16 oz",
    "imageName": "Market Basket.jpg",
    "defaultImage": "Market Basket.jpg",
    "updatedTimestamp": "Jan 23, 2021 8:02:30 PM",
    "createdTimestamp": "Jan 23, 2021 8:02:30 PM",
    "isNewlyAdded": false,
    "isActive": true,
    "isDealsEnabled": false,
    "quantity": 0
  },
  {
    "id": 4622,
    "code": "Market Basket Chunk White Chicken In Water",
    "desc": "Market Basket Chunk White Chicken In Water",
    "shortDesc": "Market Basket Chunk White Chicken In Water",
    "tags": [
      "Canned Chicken"
    ],
    "categories": [
      {
        "code": "Meat & Seafood",
        "desc": "Meat & Seafood"
      }
    ],
    "subCategories": [
      {
        "code": "Canned Meat & Seafood",
        "desc": "Canned Meat & Seafood"
      }
    ],
    "brands": [
      {
        "code": "Market Basket",
        "desc": "Market Basket"
      }
    ],
    "price": {
      "basePrice": 2.49,
      "discountPrice": 2.49
    },
    "type": {
      "code": "Canned Chicken",
      "desc": "Canned Chicken"
    },
    "weight": "12.5 oz",
    "UpcCode": "",
    "tax": 0.0,
    "spiceLevel": "",
    "aiselNo": "2",
    "store": "Market Basket",
    "weightType": "12.5 oz",
    "imageName": "Market Basket.jpg",
    "defaultImage": "Market Basket.jpg",
    "updatedTimestamp": "Jan 23, 2021 8:02:30 PM",
    "createdTimestamp": "Jan 23, 2021 8:02:30 PM",
    "isNewlyAdded": false,
    "isActive": true,
    "isDealsEnabled": false,
    "quantity": 0
  },
  {
    "id": 6404,
    "code": "Sparkling ICE 4 Pack",
    "desc": "Sparkling ICE 4 Pack",
    "shortDesc": "Sparkling ICE 4 Pack",
    "tags": [
      "Sparkling Water"
    ],
    "categories": [
      {
        "code": "Beverages & Juices",
        "desc": "Beverages & Juices"
      }
    ],
    "subCategories": [
      {
        "code": "Water",
        "desc": "Water"
      }
    ],
    "brands": [
      {
        "code": "Sparkling ICE",
        "desc": "Sparkling ICE"
      }
    ],
    "price": {
      "basePrice": 12.49,
      "discountPrice": 12.49
    },
    "type": {
      "code": "Sparkling Water",
      "desc": "Sparkling Water"
    },
    "weight": "12 x 17 fl oz",
    "UpcCode": "",
    "tax": 0.0,
    "spiceLevel": "",
    "aiselNo": "11",
    "store": "Market Basket",
    "weightType": "12 x 17 fl oz",
    "imageName": "No Image.jpg",
    "defaultImage": "No Image.jpg",
    "updatedTimestamp": "Jan 23, 2021 8:02:30 PM",
    "createdTimestamp": "Jan 23, 2021 8:02:30 PM",
    "isNewlyAdded": false,
    "isActive": true,
    "isDealsEnabled": false,
    "quantity": 0
  },
  {
    "id": 6645,
    "code": "Odwalla Superfood Fruit Smoothie Original Superfood",
    "desc": "Odwalla Superfood Fruit Smoothie Original Superfood",
    "shortDesc": "Odwalla Superfood Fruit Smoothie Original Superfood",
    "tags": [
      "Refrigerated Drinks"
    ],
    "categories": [
      {
        "code": "Beverages & Juices",
        "desc": "Beverages & Juices"
      }
    ],
    "subCategories": [
      {
        "code": "Juices & Refrigerated Drinks",
        "desc": "Juices & Refrigerated Drinks"
      }
    ],
    "brands": [
      {
        "code": "Odwalla",
        "desc": "Odwalla"
      }
    ],
    "price": {
      "basePrice": 3.69,
      "discountPrice": 3.69
    },
    "type": {
      "code": "Refrigerated Drinks",
      "desc": "Refrigerated Drinks"
    },
    "weight": "12 fl oz",
    "UpcCode": "",
    "tax": 0.0,
    "spiceLevel": "",
    "aiselNo": "20",
    "store": "Market Basket",
    "weightType": "12 fl oz",
    "imageName": "3802.jpg",
    "defaultImage": "3802.jpg",
    "updatedTimestamp": "Jan 23, 2021 8:02:30 PM",
    "createdTimestamp": "Jan 23, 2021 8:02:30 PM",
    "isNewlyAdded": false,
    "isActive": true,
    "isDealsEnabled": false,
    "quantity": 0
  },
  {
    "id": 14118,
    "code": "Danone Key Lime Nonfat Yogurt",
    "desc": "Danone Key Lime Nonfat Yogurt",
    "shortDesc": "Danone Key Lime Nonfat Yogurt",
    "tags": [
      "Yogurt"
    ],
    "categories": [
      {
        "code": "Breakfast & Dairy",
        "desc": "Breakfast & Dairy"
      }
    ],
    "subCategories": [
      {
        "code": "Dairy & Eggs",
        "desc": "Dairy & Eggs"
      }
    ],
    "brands": [
      {
        "code": "Danone",
        "desc": "Danone"
      }
    ],
    "price": {
      "basePrice": 1.29,
      "discountPrice": 1.29
    },
    "type": {
      "code": "Yogurt",
      "desc": "Yogurt"
    },
    "weight": "5.3 oz",
    "UpcCode": "",
    "tax": 0.0,
    "spiceLevel": "",
    "aiselNo": "1",
    "store": "Market Basket",
    "weightType": "5.3 oz",
    "imageName": "14647.jpg",
    "defaultImage": "14647.jpg",
    "updatedTimestamp": "Jan 23, 2021 8:02:30 PM",
    "createdTimestamp": "Jan 23, 2021 8:02:30 PM",
    "isNewlyAdded": false,
    "isActive": true,
    "isDealsEnabled": false,
    "quantity": 0
  },
  {
    "id": 7219,
    "code": "Goya Adobo Seasoning with Cumin",
    "desc": "Goya Adobo Seasoning with Cumin",
    "shortDesc": "Goya Adobo Seasoning with Cumin",
    "tags": [
      "Spices & Seasonings"
    ],
    "categories": [
      {
        "code": "Cooking Needs",
        "desc": "Cooking Needs"
      }
    ],
    "subCategories": [
      {
        "code": "Spices & Seasonings",
        "desc": "Spices & Seasonings"
      }
    ],
    "brands": [
      {
        "code": "Goya",
        "desc": "Goya"
      }
    ],
    "price": {
      "basePrice": 2.79,
      "discountPrice": 2.79
    },
    "type": {
      "code": "Spices & Seasonings",
      "desc": "Spices & Seasonings"
    },
    "weight": "16.5 oz",
    "UpcCode": "",
    "tax": 0.0,
    "spiceLevel": "",
    "aiselNo": "9",
    "store": "Market Basket",
    "weightType": "16.5 oz",
    "imageName": "2245.jpg",
    "defaultImage": "2245.jpg",
    "updatedTimestamp": "Jan 23, 2021 8:02:30 PM",
    "createdTimestamp": "Jan 23, 2021 8:02:30 PM",
    "isNewlyAdded": false,
    "isActive": true,
    "isDealsEnabled": false,
    "quantity": 0
  },
  {
    "id": 8520,
    "code": "LouAna Organic Coconut Oil",
    "desc": "LouAna Organic Coconut Oil",
    "shortDesc": "LouAna Organic Coconut Oil",
    "tags": [
      "Oils & Vinegars"
    ],
    "categories": [
      {
        "code": "Cooking Needs",
        "desc": "Cooking Needs"
      }
    ],
    "subCategories": [
      {
        "code": "Oils & Vinegars",
        "desc": "Oils & Vinegars"
      }
    ],
    "brands": [
      {
        "code": "LouAna",
        "desc": "LouAna"
      }
    ],
    "price": {
      "basePrice": 7.39,
      "discountPrice": 7.39
    },
    "type": {
      "code": "Oils & Vinegars",
      "desc": "Oils & Vinegars"
    },
    "weight": "14 fl oz",
    "UpcCode": "",
    "tax": 0.0,
    "spiceLevel": "",
    "aiselNo": "2",
    "store": "Market Basket",
    "weightType": "14 fl oz",
    "imageName": "15516.jpg",
    "defaultImage": "15516.jpg",
    "updatedTimestamp": "Jan 23, 2021 8:02:30 PM",
    "createdTimestamp": "Jan 23, 2021 8:02:30 PM",
    "isNewlyAdded": false,
    "isActive": true,
    "isDealsEnabled": false,
    "quantity": 0
  },
  {
    "id": 5381,
    "code": "Simple Mills Almond Flour Crackers Rosemary & Sea Salt",
    "desc": "Simple Mills Almond Flour Crackers Rosemary & Sea Salt",
    "shortDesc": "Simple Mills Almond Flour Crackers Rosemary & Sea Salt",
    "tags": [
      "Crackers"
    ],
    "categories": [
      {
        "code": "Chips, Cookies & Snacks",
        "desc": "Chips, Cookies & Snacks"
      }
    ],
    "subCategories": [
      {
        "code": "Cookies & Crackers",
        "desc": "Cookies & Crackers"
      }
    ],
    "brands": [
      {
        "code": "Simple Mills",
        "desc": "Simple Mills"
      }
    ],
    "price": {
      "basePrice": 6.23,
      "discountPrice": 6.23
    },
    "type": {
      "code": "Crackers",
      "desc": "Crackers"
    },
    "weight": "4.25 oz",
    "UpcCode": "",
    "tax": 0.0,
    "spiceLevel": "",
    "aiselNo": "6",
    "store": "Market Basket",
    "weightType": "4.25 oz",
    "imageName": "No Image.jpg",
    "defaultImage": "No Image.jpg",
    "updatedTimestamp": "Jan 23, 2021 8:02:30 PM",
    "createdTimestamp": "Jan 23, 2021 8:02:30 PM",
    "isNewlyAdded": false,
    "isActive": true,
    "isDealsEnabled": false,
    "quantity": 0
  },
  {
    "id": 13675,
    "code": "Tropical Queso Fresco, Fresh Cheese",
    "desc": "Tropical Queso Fresco, Fresh Cheese",
    "shortDesc": "Tropical Queso Fresco, Fresh Cheese",
    "tags": [
      "Packaged Cheese"
    ],
    "categories": [
      {
        "code": "Breakfast & Dairy",
        "desc": "Breakfast & Dairy"
      }
    ],
    "subCategories": [
      {
        "code": "Dairy & Eggs",
        "desc": "Dairy & Eggs"
      }
    ],
    "brands": [
      {
        "code": "Tropical",
        "desc": "Tropical"
      }
    ],
    "price": {
      "basePrice": 7.39,
      "discountPrice": 7.39
    },
    "type": {
      "code": "Packaged Cheese",
      "desc": "Packaged Cheese"
    },
    "weight": "14 oz",
    "UpcCode": "",
    "tax": 0.0,
    "spiceLevel": "",
    "aiselNo": "1",
    "store": "Market Basket",
    "weightType": "14 oz",
    "imageName": "Market Basket.jpg",
    "defaultImage": "Market Basket.jpg",
    "updatedTimestamp": "Jan 23, 2021 8:02:30 PM",
    "createdTimestamp": "Jan 23, 2021 8:02:30 PM",
    "isNewlyAdded": false,
    "isActive": true,
    "isDealsEnabled": false,
    "quantity": 0
  },
  {
    "id": 5926,
    "code": "KITU Super Coffee Hazelnut",
    "desc": "KITU Super Coffee Hazelnut",
    "shortDesc": "KITU Super Coffee Hazelnut",
    "tags": [
      "Single To-Go Coffee"
    ],
    "categories": [
      {
        "code": "Beverages & Juices",
        "desc": "Beverages & Juices"
      }
    ],
    "subCategories": [
      {
        "code": "Tea, Coffee, Milk & Coconut Water",
        "desc": "Tea, Coffee, Milk & Coconut Water"
      }
    ],
    "brands": [
      {
        "code": "KITU",
        "desc": "KITU"
      }
    ],
    "price": {
      "basePrice": 3.13,
      "discountPrice": 3.13
    },
    "type": {
      "code": "Single To-Go Coffee",
      "desc": "Single To-Go Coffee"
    },
    "weight": "12 fl oz",
    "UpcCode": "",
    "tax": 0.0,
    "spiceLevel": "",
    "aiselNo": "17",
    "store": "Market Basket",
    "weightType": "12 fl oz",
    "imageName": "No Image.jpg",
    "defaultImage": "No Image.jpg",
    "updatedTimestamp": "Jan 23, 2021 8:02:30 PM",
    "createdTimestamp": "Jan 23, 2021 8:02:30 PM",
    "isNewlyAdded": false,
    "isActive": true,
    "isDealsEnabled": false,
    "quantity": 0
  },
  {
    "id": 5065,
    "code": "Lu Digestive Biscuits",
    "desc": "Lu Digestive Biscuits",
    "shortDesc": "Lu Digestive Biscuits",
    "tags": [
      "Cookies & Cakes"
    ],
    "categories": [
      {
        "code": "Chips, Cookies & Snacks",
        "desc": "Chips, Cookies & Snacks"
      }
    ],
    "subCategories": [
      {
        "code": "Cookies & Crackers",
        "desc": "Cookies & Crackers"
      }
    ],
    "brands": [
      {
        "code": "Lu",
        "desc": "Lu"
      }
    ],
    "price": {
      "basePrice": 4.69,
      "discountPrice": 4.69
    },
    "type": {
      "code": "Cookies & Cakes",
      "desc": "Cookies & Cakes"
    },
    "weight": "5.29 oz",
    "UpcCode": "",
    "tax": 0.0,
    "spiceLevel": "",
    "aiselNo": "6",
    "store": "Market Basket",
    "weightType": "5.29 oz",
    "imageName": "No Image.jpg",
    "defaultImage": "No Image.jpg",
    "updatedTimestamp": "Jan 23, 2021 8:02:30 PM",
    "createdTimestamp": "Jan 23, 2021 8:02:30 PM",
    "isNewlyAdded": false,
    "isActive": true,
    "isDealsEnabled": false,
    "quantity": 0
  },
  {
    "id": 6177,
    "code": "Pepsi Original",
    "desc": "Pepsi Original",
    "shortDesc": "Pepsi Original",
    "tags": [
      "Soft Drinks"
    ],
    "categories": [
      {
        "code": "Beverages & Juices",
        "desc": "Beverages & Juices"
      }
    ],
    "subCategories": [
      {
        "code": "Soft Drinks & Seltzers",
        "desc": "Soft Drinks & Seltzers"
      }
    ],
    "brands": [
      {
        "code": "Pepsi",
        "desc": "Pepsi"
      }
    ],
    "price": {
      "basePrice": 1.49,
      "discountPrice": 1.49
    },
    "type": {
      "code": "Soft Drinks",
      "desc": "Soft Drinks"
    },
    "weight": "1.25 L",
    "UpcCode": "",
    "tax": 0.0,
    "spiceLevel": "",
    "aiselNo": "17",
    "store": "Market Basket",
    "weightType": "1.25 L",
    "imageName": "No Image.jpg",
    "defaultImage": "No Image.jpg",
    "updatedTimestamp": "Jan 23, 2021 8:02:30 PM",
    "createdTimestamp": "Jan 23, 2021 8:02:30 PM",
    "isNewlyAdded": false,
    "isActive": true,
    "isDealsEnabled": false,
    "quantity": 0
  },
  {
    "id": 7969,
    "code": "Campbell's Condensed Chicken NoodleO's Soup",
    "desc": "Campbell's Condensed Chicken NoodleO's Soup",
    "shortDesc": "Campbell's Condensed Chicken NoodleO's Soup",
    "tags": [
      "Soup, Broth & Bouillon"
    ],
    "categories": [
      {
        "code": "Cooking Needs",
        "desc": "Cooking Needs"
      }
    ],
    "subCategories": [
      {
        "code": "Canned Food",
        "desc": "Canned Food"
      }
    ],
    "brands": [
      {
        "code": "Campbell's",
        "desc": "Campbell's"
      }
    ],
    "price": {
      "basePrice": 2.09,
      "discountPrice": 2.09
    },
    "type": {
      "code": "Soup, Broth & Bouillon",
      "desc": "Soup, Broth & Bouillon"
    },
    "weight": "10.5 oz",
    "UpcCode": "",
    "tax": 0.0,
    "spiceLevel": "",
    "aiselNo": "2",
    "store": "Market Basket",
    "weightType": "10.5 oz",
    "imageName": "5377.jpg",
    "defaultImage": "5377.jpg",
    "updatedTimestamp": "Jan 23, 2021 8:02:30 PM",
    "createdTimestamp": "Jan 23, 2021 8:02:30 PM",
    "isNewlyAdded": false,
    "isActive": true,
    "isDealsEnabled": false,
    "quantity": 0
  },
  {
    "id": 9985,
    "code": "Breyers Ice Cream Vanilla Chocolate",
    "desc": "Breyers Ice Cream Vanilla Chocolate",
    "shortDesc": "Breyers Ice Cream Vanilla Chocolate",
    "tags": [
      "Ice Cream & Ice"
    ],
    "categories": [
      {
        "code": "Frozen Food",
        "desc": "Frozen Food"
      }
    ],
    "subCategories": [
      {
        "code": "Ice Cream & Ice",
        "desc": "Ice Cream & Ice"
      }
    ],
    "brands": [
      {
        "code": "Breyer's",
        "desc": "Breyer's"
      }
    ],
    "price": {
      "basePrice": 4.79,
      "discountPrice": 4.79
    },
    "type": {
      "code": "Ice Cream & Ice",
      "desc": "Ice Cream & Ice"
    },
    "weight": "48 oz",
    "UpcCode": "",
    "tax": 0.0,
    "spiceLevel": "",
    "aiselNo": "21",
    "store": "Market Basket",
    "weightType": "48 oz",
    "imageName": "18006.jpg",
    "defaultImage": "18006.jpg",
    "updatedTimestamp": "Jan 23, 2021 8:02:30 PM",
    "createdTimestamp": "Jan 23, 2021 8:02:30 PM",
    "isNewlyAdded": false,
    "isActive": true,
    "isDealsEnabled": false,
    "quantity": 0
  },
  {
    "id": 15045,
    "code": "Secret Antiperspirant and Deodorant Soft Solid, Powder Protection",
    "desc": "Secret Antiperspirant and Deodorant Soft Solid, Powder Protection",
    "shortDesc": "Secret Antiperspirant and Deodorant Soft Solid, Powder Protection",
    "tags": [
      "Deodorants"
    ],
    "categories": [
      {
        "code": "Personal Care",
        "desc": "Personal Care"
      }
    ],
    "subCategories": [
      {
        "code": "Personal Needs",
        "desc": "Personal Needs"
      }
    ],
    "brands": [
      {
        "code": "Secret",
        "desc": "Secret"
      }
    ],
    "price": {
      "basePrice": 9.88,
      "discountPrice": 9.88
    },
    "type": {
      "code": "Deodorants",
      "desc": "Deodorants"
    },
    "weight": "1.6 oz",
    "UpcCode": "",
    "tax": 1.0,
    "spiceLevel": "",
    "aiselNo": "13",
    "store": "Market Basket",
    "weightType": "1.6 oz",
    "imageName": "18117.jpg",
    "defaultImage": "18117.jpg",
    "updatedTimestamp": "Jan 23, 2021 8:02:30 PM",
    "createdTimestamp": "Jan 23, 2021 8:02:30 PM",
    "isNewlyAdded": false,
    "isActive": true,
    "isDealsEnabled": false,
    "quantity": 0
  },
  {
    "id": 6229,
    "code": "Adirondack Cherry Vanilla Sparkling Water",
    "desc": "Adirondack Cherry Vanilla Sparkling Water",
    "shortDesc": "Adirondack Cherry Vanilla Sparkling Water",
    "tags": [
      "Sparkling Water"
    ],
    "categories": [
      {
        "code": "Beverages & Juices",
        "desc": "Beverages & Juices"
      }
    ],
    "subCategories": [
      {
        "code": "Water",
        "desc": "Water"
      }
    ],
    "brands": [
      {
        "code": "Adirondack",
        "desc": "Adirondack"
      }
    ],
    "price": {
      "basePrice": 0.63,
      "discountPrice": 0.63
    },
    "type": {
      "code": "Sparkling Water",
      "desc": "Sparkling Water"
    },
    "weight": "1 L",
    "UpcCode": "",
    "tax": 0.0,
    "spiceLevel": "",
    "aiselNo": "11",
    "store": "Market Basket",
    "weightType": "1 L",
    "imageName": "No Image.jpg",
    "defaultImage": "No Image.jpg",
    "updatedTimestamp": "Jan 23, 2021 8:02:30 PM",
    "createdTimestamp": "Jan 23, 2021 8:02:30 PM",
    "isNewlyAdded": false,
    "isActive": true,
    "isDealsEnabled": false,
    "quantity": 0
  },
  {
    "id": 14978,
    "code": "Advil Ibuprofen",
    "desc": "Advil Ibuprofen",
    "shortDesc": "Advil Ibuprofen",
    "tags": [
      "Muscles, Joints & Pain Relief"
    ],
    "categories": [
      {
        "code": "Personal Care",
        "desc": "Personal Care"
      }
    ],
    "subCategories": [
      {
        "code": "First Aid & Healthcare",
        "desc": "First Aid & Healthcare"
      }
    ],
    "brands": [
      {
        "code": "Advil",
        "desc": "Advil"
      }
    ],
    "price": {
      "basePrice": 8.5,
      "discountPrice": 8.5
    },
    "type": {
      "code": "Muscles, Joints & Pain Relief",
      "desc": "Muscles, Joints & Pain Relief"
    },
    "weight": "40 count",
    "UpcCode": "",
    "tax": 1.0,
    "spiceLevel": "",
    "aiselNo": "13",
    "store": "Market Basket",
    "weightType": "40 count",
    "imageName": "6626.jpg",
    "defaultImage": "6626.jpg",
    "updatedTimestamp": "Jan 23, 2021 8:02:30 PM",
    "createdTimestamp": "Jan 23, 2021 8:02:30 PM",
    "isNewlyAdded": false,
    "isActive": true,
    "isDealsEnabled": false,
    "quantity": 0
  },
  {
    "id": 13720,
    "code": "Ile De France Cheese, Soft Ripened, Camembert from Normandy",
    "desc": "Ile De France Cheese, Soft Ripened, Camembert from Normandy",
    "shortDesc": "Ile De France Cheese, Soft Ripened, Camembert from Normandy",
    "tags": [
      "Packaged Cheese"
    ],
    "categories": [
      {
        "code": "Breakfast & Dairy",
        "desc": "Breakfast & Dairy"
      }
    ],
    "subCategories": [
      {
        "code": "Dairy & Eggs",
        "desc": "Dairy & Eggs"
      }
    ],
    "brands": [
      {
        "code": "Market Basket",
        "desc": "Market Basket"
      }
    ],
    "price": {
      "basePrice": 4.89,
      "discountPrice": 4.89
    },
    "type": {
      "code": "Packaged Cheese",
      "desc": "Packaged Cheese"
    },
    "weight": "8 oz",
    "UpcCode": "",
    "tax": 0.0,
    "spiceLevel": "",
    "aiselNo": "1",
    "store": "Market Basket",
    "weightType": "8 oz",
    "imageName": "14571.jpg",
    "defaultImage": "14571.jpg",
    "updatedTimestamp": "Jan 23, 2021 8:02:30 PM",
    "createdTimestamp": "Jan 23, 2021 8:02:30 PM",
    "isNewlyAdded": false,
    "isActive": true,
    "isDealsEnabled": false,
    "quantity": 0
  },
  {
    "id": 6238,
    "code": "Core Hydration Purified Water",
    "desc": "Core Hydration Purified Water",
    "shortDesc": "Core Hydration Purified Water",
    "tags": [
      "Water"
    ],
    "categories": [
      {
        "code": "Beverages & Juices",
        "desc": "Beverages & Juices"
      }
    ],
    "subCategories": [
      {
        "code": "Water",
        "desc": "Water"
      }
    ],
    "brands": [
      {
        "code": "Core",
        "desc": "Core"
      }
    ],
    "price": {
      "basePrice": 2.36,
      "discountPrice": 2.36
    },
    "type": {
      "code": "Water",
      "desc": "Water"
    },
    "weight": "30.4 fl oz",
    "UpcCode": "",
    "tax": 0.0,
    "spiceLevel": "",
    "aiselNo": "11",
    "store": "Market Basket",
    "weightType": "30.4 fl oz",
    "imageName": "No Image.jpg",
    "defaultImage": "No Image.jpg",
    "updatedTimestamp": "Jan 23, 2021 8:02:30 PM",
    "createdTimestamp": "Jan 23, 2021 8:02:30 PM",
    "isNewlyAdded": false,
    "isActive": true,
    "isDealsEnabled": false,
    "quantity": 0
  },
  {
    "id": 3743,
    "code": "Infinite Herbs Fresh Bay Leaves",
    "desc": "Infinite Herbs Fresh Bay Leaves",
    "shortDesc": "Infinite Herbs Fresh Bay Leaves",
    "tags": [
      "Bay Leaves"
    ],
    "categories": [
      {
        "code": "Fresh Produce",
        "desc": "Fresh Produce"
      }
    ],
    "subCategories": [
      {
        "code": "Fresh Herbs",
        "desc": "Fresh Herbs"
      }
    ],
    "brands": [
      {
        "code": "Infinite Herbs",
        "desc": "Infinite Herbs"
      }
    ],
    "price": {
      "basePrice": 2.86,
      "discountPrice": 2.86
    },
    "type": {
      "code": "Bay Leaves",
      "desc": "Bay Leaves"
    },
    "weight": "0.67 oz",
    "UpcCode": "",
    "tax": 0.0,
    "spiceLevel": "",
    "aiselNo": "20",
    "store": "Market Basket",
    "weightType": "0.67 oz",
    "imageName": "FP43.jpg",
    "defaultImage": "FP43.jpg",
    "updatedTimestamp": "Jan 23, 2021 8:02:30 PM",
    "createdTimestamp": "Jan 23, 2021 8:02:30 PM",
    "isNewlyAdded": false,
    "isActive": true,
    "isDealsEnabled": false,
    "quantity": 0
  },
  {
    "id": 14956,
    "code": "Clear Care Cleaning & Disinfecting Solution Triple Action Cleaning",
    "desc": "Clear Care Cleaning & Disinfecting Solution Triple Action Cleaning",
    "shortDesc": "Clear Care Cleaning & Disinfecting Solution Triple Action Cleaning",
    "tags": [
      "First Aid"
    ],
    "categories": [
      {
        "code": "Personal Care",
        "desc": "Personal Care"
      }
    ],
    "subCategories": [
      {
        "code": "First Aid & Healthcare",
        "desc": "First Aid & Healthcare"
      }
    ],
    "brands": [
      {
        "code": "Clear Care",
        "desc": "Clear Care"
      }
    ],
    "price": {
      "basePrice": 15.17,
      "discountPrice": 15.17
    },
    "type": {
      "code": "First Aid",
      "desc": "First Aid"
    },
    "weight": "12 fl oz",
    "UpcCode": "",
    "tax": 1.0,
    "spiceLevel": "",
    "aiselNo": "13",
    "store": "Market Basket",
    "weightType": "12 fl oz",
    "imageName": "6540.jpg",
    "defaultImage": "6540.jpg",
    "updatedTimestamp": "Jan 23, 2021 8:02:30 PM",
    "createdTimestamp": "Jan 23, 2021 8:02:30 PM",
    "isNewlyAdded": false,
    "isActive": true,
    "isDealsEnabled": false,
    "quantity": 0
  },
  {
    "id": 6368,
    "code": "Polar Seltzer, Ginger Lime Mule",
    "desc": "Polar Seltzer, Ginger Lime Mule",
    "shortDesc": "Polar Seltzer, Ginger Lime Mule",
    "tags": [
      "Seltzer"
    ],
    "categories": [
      {
        "code": "Beverages & Juices",
        "desc": "Beverages & Juices"
      }
    ],
    "subCategories": [
      {
        "code": "Soft Drinks & Seltzers",
        "desc": "Soft Drinks & Seltzers"
      }
    ],
    "brands": [
      {
        "code": "Polar",
        "desc": "Polar"
      }
    ],
    "price": {
      "basePrice": 1.24,
      "discountPrice": 1.24
    },
    "type": {
      "code": "Seltzer",
      "desc": "Seltzer"
    },
    "weight": "1 L",
    "UpcCode": "",
    "tax": 0.0,
    "spiceLevel": "",
    "aiselNo": "11",
    "store": "Market Basket",
    "weightType": "1 L",
    "imageName": "3221.jpg",
    "defaultImage": "3221.jpg",
    "updatedTimestamp": "Jan 23, 2021 8:02:30 PM",
    "createdTimestamp": "Jan 23, 2021 8:02:30 PM",
    "isNewlyAdded": false,
    "isActive": true,
    "isDealsEnabled": false,
    "quantity": 0
  },
  {
    "id": 14694,
    "code": "Irish Spring Body Wash GEAR 3 IN 1 Body+Hair+Face Wash",
    "desc": "Irish Spring Body Wash GEAR 3 IN 1 Body+Hair+Face Wash",
    "shortDesc": "Irish Spring Body Wash GEAR 3 IN 1 Body+Hair+Face Wash",
    "tags": [
      "Body Wash"
    ],
    "categories": [
      {
        "code": "Personal Care",
        "desc": "Personal Care"
      }
    ],
    "subCategories": [
      {
        "code": "Body Wash, Soap & Hair Care",
        "desc": "Body Wash, Soap & Hair Care"
      }
    ],
    "brands": [
      {
        "code": "Irish Spring",
        "desc": "Irish Spring"
      }
    ],
    "price": {
      "basePrice": 4.93,
      "discountPrice": 4.93
    },
    "type": {
      "code": "Body Wash",
      "desc": "Body Wash"
    },
    "weight": "15 fl oz",
    "UpcCode": "",
    "tax": 1.0,
    "spiceLevel": "",
    "aiselNo": "13",
    "store": "Market Basket",
    "weightType": "15 fl oz",
    "imageName": "6356.jpg",
    "defaultImage": "6356.jpg",
    "updatedTimestamp": "Jan 23, 2021 8:02:30 PM",
    "createdTimestamp": "Jan 23, 2021 8:02:30 PM",
    "isNewlyAdded": false,
    "isActive": true,
    "isDealsEnabled": false,
    "quantity": 0
  },
  {
    "id": 3540,
    "code": "Golden Beets",
    "desc": "Golden Beets",
    "shortDesc": "Golden Beets",
    "tags": [
      "Beet"
    ],
    "categories": [
      {
        "code": "Fresh Produce",
        "desc": "Fresh Produce"
      }
    ],
    "subCategories": [
      {
        "code": "Fresh Vegetables",
        "desc": "Fresh Vegetables"
      }
    ],
    "brands": [
      {
        "code": "Market Basket",
        "desc": "Market Basket"
      }
    ],
    "price": {
      "basePrice": 3.55,
      "discountPrice": 3.55
    },
    "type": {
      "code": "Beet",
      "desc": "Beet"
    },
    "weight": "1 lb",
    "UpcCode": "",
    "tax": 0.0,
    "spiceLevel": "",
    "aiselNo": "20",
    "store": "Market Basket",
    "weightType": "1 lb",
    "imageName": "FP107.jpg",
    "defaultImage": "FP107.jpg",
    "updatedTimestamp": "Jan 23, 2021 8:02:30 PM",
    "createdTimestamp": "Jan 23, 2021 8:02:30 PM",
    "isNewlyAdded": false,
    "isActive": true,
    "isDealsEnabled": false,
    "quantity": 0
  },
  {
    "id": 6313,
    "code": "Poland Spring Sparkling Water, Black Cherry",
    "desc": "Poland Spring Sparkling Water, Black Cherry",
    "shortDesc": "Poland Spring Sparkling Water, Black Cherry",
    "tags": [
      "Sparkling Water"
    ],
    "categories": [
      {
        "code": "Beverages & Juices",
        "desc": "Beverages & Juices"
      }
    ],
    "subCategories": [
      {
        "code": "Water",
        "desc": "Water"
      }
    ],
    "brands": [
      {
        "code": "Poland Spring",
        "desc": "Poland Spring"
      }
    ],
    "price": {
      "basePrice": 3.74,
      "discountPrice": 3.74
    },
    "type": {
      "code": "Sparkling Water",
      "desc": "Sparkling Water"
    },
    "weight": "8 x 12 fl oz",
    "UpcCode": "",
    "tax": 0.0,
    "spiceLevel": "",
    "aiselNo": "11",
    "store": "Market Basket",
    "weightType": "8 x 12 fl oz",
    "imageName": "No Image.jpg",
    "defaultImage": "No Image.jpg",
    "updatedTimestamp": "Jan 23, 2021 8:02:30 PM",
    "createdTimestamp": "Jan 23, 2021 8:02:30 PM",
    "isNewlyAdded": false,
    "isActive": true,
    "isDealsEnabled": false,
    "quantity": 0
  },
  {
    "id": 8546,
    "code": "Marukan Rice Vinegar",
    "desc": "Marukan Rice Vinegar",
    "shortDesc": "Marukan Rice Vinegar",
    "tags": [
      "Oils & Vinegars"
    ],
    "categories": [
      {
        "code": "Cooking Needs",
        "desc": "Cooking Needs"
      }
    ],
    "subCategories": [
      {
        "code": "Oils & Vinegars",
        "desc": "Oils & Vinegars"
      }
    ],
    "brands": [
      {
        "code": "Marukan",
        "desc": "Marukan"
      }
    ],
    "price": {
      "basePrice": 3.69,
      "discountPrice": 3.69
    },
    "type": {
      "code": "Oils & Vinegars",
      "desc": "Oils & Vinegars"
    },
    "weight": "12 oz",
    "UpcCode": "",
    "tax": 0.0,
    "spiceLevel": "",
    "aiselNo": "2",
    "store": "Market Basket",
    "weightType": "12 oz",
    "imageName": "15495.jpg",
    "defaultImage": "15495.jpg",
    "updatedTimestamp": "Jan 23, 2021 8:02:30 PM",
    "createdTimestamp": "Jan 23, 2021 8:02:30 PM",
    "isNewlyAdded": false,
    "isActive": true,
    "isDealsEnabled": false,
    "quantity": 0
  },
  {
    "id": 10161,
    "code": "Market Basket Ice Cream",
    "desc": "Market Basket Ice Cream",
    "shortDesc": "Market Basket Ice Cream",
    "tags": [
      "Ice Cream & Ice"
    ],
    "categories": [
      {
        "code": "Frozen Food",
        "desc": "Frozen Food"
      }
    ],
    "subCategories": [
      {
        "code": "Ice Cream & Ice",
        "desc": "Ice Cream & Ice"
      }
    ],
    "brands": [
      {
        "code": "Market Basket",
        "desc": "Market Basket"
      }
    ],
    "price": {
      "basePrice": 2.49,
      "discountPrice": 2.49
    },
    "type": {
      "code": "Ice Cream & Ice",
      "desc": "Ice Cream & Ice"
    },
    "weight": "1.75 quart",
    "UpcCode": "",
    "tax": 0.0,
    "spiceLevel": "",
    "aiselNo": "21",
    "store": "Market Basket",
    "weightType": "1.75 quart",
    "imageName": "Market Basket.jpg",
    "defaultImage": "Market Basket.jpg",
    "updatedTimestamp": "Jan 23, 2021 8:02:30 PM",
    "createdTimestamp": "Jan 23, 2021 8:02:30 PM",
    "isNewlyAdded": false,
    "isActive": true,
    "isDealsEnabled": false,
    "quantity": 0
  },
  {
    "id": 9385,
    "code": "Welch's 100% Grape Juice Frozen Concentrate",
    "desc": "Welch's 100% Grape Juice Frozen Concentrate",
    "shortDesc": "Welch's 100% Grape Juice Frozen Concentrate",
    "tags": [
      "Frozen Juice"
    ],
    "categories": [
      {
        "code": "Frozen Food",
        "desc": "Frozen Food"
      }
    ],
    "subCategories": [
      {
        "code": "Frozen Fruit & Juice",
        "desc": "Frozen Fruit & Juice"
      }
    ],
    "brands": [
      {
        "code": "Welch's",
        "desc": "Welch's"
      }
    ],
    "price": {
      "basePrice": 2.49,
      "discountPrice": 2.49
    },
    "type": {
      "code": "Frozen Juice",
      "desc": "Frozen Juice"
    },
    "weight": "11.5 fl oz",
    "UpcCode": "",
    "tax": 0.0,
    "spiceLevel": "",
    "aiselNo": "21",
    "store": "Market Basket",
    "weightType": "11.5 fl oz",
    "imageName": "2947.jpg",
    "defaultImage": "2947.jpg",
    "updatedTimestamp": "Jan 23, 2021 8:02:30 PM",
    "createdTimestamp": "Jan 23, 2021 8:02:30 PM",
    "isNewlyAdded": false,
    "isActive": true,
    "isDealsEnabled": false,
    "quantity": 0
  },
  {
    "id": 363,
    "code": "Ziploc Holiday Large Square Green Containers",
    "desc": "Ziploc Holiday Large Square Green Containers",
    "shortDesc": "Ziploc Holiday Large Square Green Containers",
    "tags": [
      "Storage Containers"
    ],
    "categories": [
      {
        "code": "Kitchen & Cleaning",
        "desc": "Kitchen & Cleaning"
      }
    ],
    "subCategories": [
      {
        "code": "Food Storage & Kitchen Supplies",
        "desc": "Food Storage & Kitchen Supplies"
      }
    ],
    "brands": [
      {
        "code": "Ziploc",
        "desc": "Ziploc"
      }
    ],
    "price": {
      "basePrice": 4.89,
      "discountPrice": 4.89
    },
    "type": {
      "code": "Storage Containers",
      "desc": "Storage Containers"
    },
    "weight": "2 count",
    "UpcCode": "",
    "tax": 1.0,
    "spiceLevel": "",
    "aiselNo": "12",
    "store": "Market Basket",
    "weightType": "2 count",
    "imageName": "4403.jpg",
    "defaultImage": "4403.jpg",
    "updatedTimestamp": "Jan 23, 2021 8:02:30 PM",
    "createdTimestamp": "Jan 23, 2021 8:02:30 PM",
    "isNewlyAdded": false,
    "isActive": true,
    "isDealsEnabled": false,
    "quantity": 0
  },
  {
    "id": 10087,
    "code": "Hood Frozen Yogurt Fat Free Vanilla",
    "desc": "Hood Frozen Yogurt Fat Free Vanilla",
    "shortDesc": "Hood Frozen Yogurt Fat Free Vanilla",
    "tags": [
      "Ice Cream & Ice"
    ],
    "categories": [
      {
        "code": "Frozen Food",
        "desc": "Frozen Food"
      }
    ],
    "subCategories": [
      {
        "code": "Ice Cream & Ice",
        "desc": "Ice Cream & Ice"
      }
    ],
    "brands": [
      {
        "code": "Hood",
        "desc": "Hood"
      }
    ],
    "price": {
      "basePrice": 3.69,
      "discountPrice": 3.69
    },
    "type": {
      "code": "Ice Cream & Ice",
      "desc": "Ice Cream & Ice"
    },
    "weight": "1.5 quart",
    "UpcCode": "",
    "tax": 0.0,
    "spiceLevel": "",
    "aiselNo": "21",
    "store": "Market Basket",
    "weightType": "1.5 quart",
    "imageName": "3098.jpg",
    "defaultImage": "3098.jpg",
    "updatedTimestamp": "Jan 23, 2021 8:02:30 PM",
    "createdTimestamp": "Jan 23, 2021 8:02:30 PM",
    "isNewlyAdded": false,
    "isActive": true,
    "isDealsEnabled": false,
    "quantity": 0
  },
  {
    "id": 6587,
    "code": "Floridas Natural MOST PULP 100% PRIMIUM Florida Natural ORANGE JUICE WITH  NOT CONCENTRATE / NON GMO",
    "desc": "Floridas Natural MOST PULP 100% PRIMIUM Florida Natural ORANGE JUICE WITH  NOT CONCENTRATE / NON GMO",
    "shortDesc": "Floridas Natural MOST PULP 100% PRIMIUM Florida Natural ORANGE JUICE WITH  NOT CONCENTRATE / NON GMO",
    "tags": [
      "Refrigerated Drinks"
    ],
    "categories": [
      {
        "code": "Beverages & Juices",
        "desc": "Beverages & Juices"
      }
    ],
    "subCategories": [
      {
        "code": "Juices & Refrigerated Drinks",
        "desc": "Juices & Refrigerated Drinks"
      }
    ],
    "brands": [],
    "price": {
      "basePrice": 3.74,
      "discountPrice": 3.74
    },
    "type": {
      "code": "Refrigerated Drinks",
      "desc": "Refrigerated Drinks"
    },
    "weight": "52 fl oz",
    "UpcCode": "",
    "tax": 0.0,
    "spiceLevel": "",
    "aiselNo": "1",
    "store": "Market Basket",
    "weightType": "52 fl oz",
    "imageName": "X269.jpg",
    "defaultImage": "X269.jpg",
    "updatedTimestamp": "Jan 23, 2021 8:02:29 PM",
    "createdTimestamp": "Jan 23, 2021 8:02:29 PM",
    "isNewlyAdded": false,
    "isActive": true,
    "isDealsEnabled": false,
    "quantity": 0
  },
  {
    "id": 6997,
    "code": "Krusteaz Gluten Free Double Chocolate Brownie Mix",
    "desc": "Krusteaz Gluten Free Double Chocolate Brownie Mix",
    "shortDesc": "Krusteaz Gluten Free Double Chocolate Brownie Mix",
    "tags": [
      "Doughs, Gelatins & Bake Mixes"
    ],
    "categories": [
      {
        "code": "Cooking Needs",
        "desc": "Cooking Needs"
      }
    ],
    "subCategories": [
      {
        "code": "Baking & Cooking",
        "desc": "Baking & Cooking"
      }
    ],
    "brands": [
      {
        "code": "Krusteaz",
        "desc": "Krusteaz"
      }
    ],
    "price": {
      "basePrice": 3.69,
      "discountPrice": 3.69
    },
    "type": {
      "code": "Doughs, Gelatins & Bake Mixes",
      "desc": "Doughs, Gelatins & Bake Mixes"
    },
    "weight": "1.25 lb",
    "UpcCode": "",
    "tax": 0.0,
    "spiceLevel": "",
    "aiselNo": "8",
    "store": "Market Basket",
    "weightType": "1.25 lb",
    "imageName": "2117.jpg",
    "defaultImage": "2117.jpg",
    "updatedTimestamp": "Jan 23, 2021 8:02:30 PM",
    "createdTimestamp": "Jan 23, 2021 8:02:30 PM",
    "isNewlyAdded": false,
    "isActive": true,
    "isDealsEnabled": false,
    "quantity": 0
  },
  {
    "id": 434,
    "code": "Glad ForceFlex Febreze Freshness Tall Kitchen Fresh Clean",
    "desc": "Glad ForceFlex Febreze Freshness Tall Kitchen Fresh Clean",
    "shortDesc": "Glad ForceFlex Febreze Freshness Tall Kitchen Fresh Clean",
    "tags": [
      "Tall Trash Bags"
    ],
    "categories": [
      {
        "code": "Kitchen & Cleaning",
        "desc": "Kitchen & Cleaning"
      }
    ],
    "subCategories": [
      {
        "code": "Trash Bags & Liners",
        "desc": "Trash Bags & Liners"
      }
    ],
    "brands": [
      {
        "code": "Glad",
        "desc": "Glad"
      }
    ],
    "price": {
      "basePrice": 11.79,
      "discountPrice": 11.79
    },
    "type": {
      "code": "Tall Trash Bags",
      "desc": "Tall Trash Bags"
    },
    "weight": "34 count",
    "UpcCode": "",
    "tax": 1.0,
    "spiceLevel": "",
    "aiselNo": "12",
    "store": "Market Basket",
    "weightType": "34 count",
    "imageName": "4677.jpg",
    "defaultImage": "4677.jpg",
    "updatedTimestamp": "Jan 23, 2021 8:02:30 PM",
    "createdTimestamp": "Jan 23, 2021 8:02:30 PM",
    "isNewlyAdded": false,
    "isActive": true,
    "isDealsEnabled": false,
    "quantity": 0
  },
  {
    "id": 5376,
    "code": "Kinnikinnick Mini Kritters",
    "desc": "Kinnikinnick Mini Kritters",
    "shortDesc": "Kinnikinnick Mini Kritters",
    "tags": [
      "Crackers"
    ],
    "categories": [
      {
        "code": "Chips, Cookies & Snacks",
        "desc": "Chips, Cookies & Snacks"
      }
    ],
    "subCategories": [
      {
        "code": "Cookies & Crackers",
        "desc": "Cookies & Crackers"
      }
    ],
    "brands": [
      {
        "code": "Kinnikinnick",
        "desc": "Kinnikinnick"
      }
    ],
    "price": {
      "basePrice": 6.23,
      "discountPrice": 6.23
    },
    "type": {
      "code": "Crackers",
      "desc": "Crackers"
    },
    "weight": "8 oz",
    "UpcCode": "",
    "tax": 0.0,
    "spiceLevel": "",
    "aiselNo": "6",
    "store": "Market Basket",
    "weightType": "8 oz",
    "imageName": "No Image.jpg",
    "defaultImage": "No Image.jpg",
    "updatedTimestamp": "Jan 23, 2021 8:02:30 PM",
    "createdTimestamp": "Jan 23, 2021 8:02:30 PM",
    "isNewlyAdded": false,
    "isActive": true,
    "isDealsEnabled": false,
    "quantity": 0
  },
  {
    "id": 5027,
    "code": "Wise Popcorn White Cheddar",
    "desc": "Wise Popcorn White Cheddar",
    "shortDesc": "Wise Popcorn White Cheddar",
    "tags": [
      "Ready Popcorn"
    ],
    "categories": [
      {
        "code": "Chips, Cookies & Snacks",
        "desc": "Chips, Cookies & Snacks"
      }
    ],
    "subCategories": [
      {
        "code": "Chips & Fruit Snacks",
        "desc": "Chips & Fruit Snacks"
      }
    ],
    "brands": [
      {
        "code": "Wise",
        "desc": "Wise"
      }
    ],
    "price": {
      "basePrice": 3.91,
      "discountPrice": 3.91
    },
    "type": {
      "code": "Ready Popcorn",
      "desc": "Ready Popcorn"
    },
    "weight": "6 oz",
    "UpcCode": "",
    "tax": 0.0,
    "spiceLevel": "",
    "aiselNo": "0",
    "store": "Market Basket",
    "weightType": "6 oz",
    "imageName": "No Image.jpg",
    "defaultImage": "No Image.jpg",
    "updatedTimestamp": "Jan 23, 2021 8:02:30 PM",
    "createdTimestamp": "Jan 23, 2021 8:02:30 PM",
    "isNewlyAdded": false,
    "isActive": true,
    "isDealsEnabled": false,
    "quantity": 0
  },
  {
    "id": 10491,
    "code": "Goya Yellow Rice Low Sodium",
    "desc": "Goya Yellow Rice Low Sodium",
    "shortDesc": "Goya Yellow Rice Low Sodium",
    "tags": [
      "Instant Rice"
    ],
    "categories": [
      {
        "code": "Cooking Needs",
        "desc": "Cooking Needs"
      }
    ],
    "subCategories": [
      {
        "code": "Rice & Grains",
        "desc": "Rice & Grains"
      }
    ],
    "brands": [
      {
        "code": "Goya",
        "desc": "Goya"
      }
    ],
    "price": {
      "basePrice": 2.49,
      "discountPrice": 2.49
    },
    "type": {
      "code": "Instant Rice",
      "desc": "Instant Rice"
    },
    "weight": "8 oz",
    "UpcCode": "",
    "tax": 0.0,
    "spiceLevel": "",
    "aiselNo": "7",
    "store": "Market Basket",
    "weightType": "8 oz",
    "imageName": "5750.jpg",
    "defaultImage": "5750.jpg",
    "updatedTimestamp": "Jan 23, 2021 8:02:30 PM",
    "createdTimestamp": "Jan 23, 2021 8:02:30 PM",
    "isNewlyAdded": false,
    "isActive": true,
    "isDealsEnabled": false,
    "quantity": 0
  },
  {
    "id": 5247,
    "code": "LATE JULY Sea Salt No Grain Tortilla Chips",
    "desc": "LATE JULY Sea Salt No Grain Tortilla Chips",
    "shortDesc": "LATE JULY Sea Salt No Grain Tortilla Chips",
    "tags": [
      "Chips & Pretzels"
    ],
    "categories": [
      {
        "code": "Chips, Cookies & Snacks",
        "desc": "Chips, Cookies & Snacks"
      }
    ],
    "subCategories": [
      {
        "code": "Chips & Fruit Snacks",
        "desc": "Chips & Fruit Snacks"
      }
    ],
    "brands": [
      {
        "code": "LATE JULY",
        "desc": "LATE JULY"
      }
    ],
    "price": {
      "basePrice": 4.69,
      "discountPrice": 4.69
    },
    "type": {
      "code": "Chips & Pretzels",
      "desc": "Chips & Pretzels"
    },
    "weight": "5.5 oz",
    "UpcCode": "",
    "tax": 0.0,
    "spiceLevel": "",
    "aiselNo": "0",
    "store": "Market Basket",
    "weightType": "5.5 oz",
    "imageName": "No Image.jpg",
    "defaultImage": "No Image.jpg",
    "updatedTimestamp": "Jan 23, 2021 8:02:30 PM",
    "createdTimestamp": "Jan 23, 2021 8:02:30 PM",
    "isNewlyAdded": false,
    "isActive": true,
    "isDealsEnabled": false,
    "quantity": 0
  },
  {
    "id": 4066,
    "code": "Corned Beef",
    "desc": "Corned Beef",
    "shortDesc": "Corned Beef",
    "tags": [
      "Beef"
    ],
    "categories": [
      {
        "code": "Meat & Seafood",
        "desc": "Meat & Seafood"
      }
    ],
    "subCategories": [
      {
        "code": "Meat & Seafood Counter",
        "desc": "Meat & Seafood Counter"
      }
    ],
    "brands": [
      {
        "code": "Market Basket",
        "desc": "Market Basket"
      }
    ],
    "price": {
      "basePrice": 8.59,
      "discountPrice": 8.59
    },
    "type": {
      "code": "Beef",
      "desc": "Beef"
    },
    "weight": "1 lb",
    "UpcCode": "",
    "tax": 0.0,
    "spiceLevel": "",
    "aiselNo": "22",
    "store": "Market Basket",
    "weightType": "1 lb",
    "imageName": "Market Basket.jpg",
    "defaultImage": "Market Basket.jpg",
    "updatedTimestamp": "Jan 23, 2021 8:02:30 PM",
    "createdTimestamp": "Jan 23, 2021 8:02:30 PM",
    "isNewlyAdded": false,
    "isActive": true,
    "isDealsEnabled": false,
    "quantity": 0
  },
  {
    "id": 15139,
    "code": "Act Kids Anticavity Fluoride Rinse Bubble Gum Blowout",
    "desc": "Act Kids Anticavity Fluoride Rinse Bubble Gum Blowout",
    "shortDesc": "Act Kids Anticavity Fluoride Rinse Bubble Gum Blowout",
    "tags": [
      "Oral Hygiene"
    ],
    "categories": [
      {
        "code": "Personal Care",
        "desc": "Personal Care"
      }
    ],
    "subCategories": [
      {
        "code": "Personal Needs",
        "desc": "Personal Needs"
      }
    ],
    "brands": [
      {
        "code": "Act",
        "desc": "Act"
      }
    ],
    "price": {
      "basePrice": 6.66,
      "discountPrice": 6.66
    },
    "type": {
      "code": "Oral Hygiene",
      "desc": "Oral Hygiene"
    },
    "weight": "16.9 fl oz",
    "UpcCode": "",
    "tax": 1.0,
    "spiceLevel": "",
    "aiselNo": "13",
    "store": "Market Basket",
    "weightType": "16.9 fl oz",
    "imageName": "6467.jpg",
    "defaultImage": "6467.jpg",
    "updatedTimestamp": "Jan 23, 2021 8:02:30 PM",
    "createdTimestamp": "Jan 23, 2021 8:02:30 PM",
    "isNewlyAdded": false,
    "isActive": true,
    "isDealsEnabled": false,
    "quantity": 0
  },
  {
    "id": 3884,
    "code": "Malanga Blanca",
    "desc": "Malanga Blanca",
    "shortDesc": "Malanga Blanca",
    "tags": [
      "Malanga"
    ],
    "categories": [
      {
        "code": "Fresh Produce",
        "desc": "Fresh Produce"
      }
    ],
    "subCategories": [
      {
        "code": "Fresh Vegetables",
        "desc": "Fresh Vegetables"
      }
    ],
    "brands": [
      {
        "code": "Market Basket",
        "desc": "Market Basket"
      }
    ],
    "price": {
      "basePrice": 1.97,
      "discountPrice": 1.97
    },
    "type": {
      "code": "Malanga",
      "desc": "Malanga"
    },
    "weight": "1 lbs",
    "UpcCode": "",
    "tax": 0.0,
    "spiceLevel": "",
    "aiselNo": "20",
    "store": "Market Basket",
    "weightType": "1 lbs",
    "imageName": "f227.jpg",
    "defaultImage": "f227.jpg",
    "updatedTimestamp": "Jan 23, 2021 8:02:30 PM",
    "createdTimestamp": "Jan 23, 2021 8:02:30 PM",
    "isNewlyAdded": false,
    "isActive": true,
    "isDealsEnabled": false,
    "quantity": 0
  },
  {
    "id": 14997,
    "code": "Market Basket Ibuprofen Coated Caplets 200 mg",
    "desc": "Market Basket Ibuprofen Coated Caplets 200 mg",
    "shortDesc": "Market Basket Ibuprofen Coated Caplets 200 mg",
    "tags": [
      "Muscles, Joints & Pain Relief"
    ],
    "categories": [
      {
        "code": "Personal Care",
        "desc": "Personal Care"
      }
    ],
    "subCategories": [
      {
        "code": "First Aid & Healthcare",
        "desc": "First Aid & Healthcare"
      }
    ],
    "brands": [
      {
        "code": "Market Basket",
        "desc": "Market Basket"
      }
    ],
    "price": {
      "basePrice": 7.0,
      "discountPrice": 7.0
    },
    "type": {
      "code": "Muscles, Joints & Pain Relief",
      "desc": "Muscles, Joints & Pain Relief"
    },
    "weight": "100 count",
    "UpcCode": "",
    "tax": 1.0,
    "spiceLevel": "",
    "aiselNo": "13",
    "store": "Market Basket",
    "weightType": "100 count",
    "imageName": "Market Basket.jpg",
    "defaultImage": "Market Basket.jpg",
    "updatedTimestamp": "Jan 23, 2021 8:02:30 PM",
    "createdTimestamp": "Jan 23, 2021 8:02:30 PM",
    "isNewlyAdded": false,
    "isActive": true,
    "isDealsEnabled": false,
    "quantity": 0
  },
  {
    "id": 8048,
    "code": "Market Basket Cream Of Celery Soup",
    "desc": "Market Basket Cream Of Celery Soup",
    "shortDesc": "Market Basket Cream Of Celery Soup",
    "tags": [
      "Soup, Broth & Bouillon"
    ],
    "categories": [
      {
        "code": "Cooking Needs",
        "desc": "Cooking Needs"
      }
    ],
    "subCategories": [
      {
        "code": "Canned Food",
        "desc": "Canned Food"
      }
    ],
    "brands": [
      {
        "code": "Market Basket",
        "desc": "Market Basket"
      }
    ],
    "price": {
      "basePrice": 0.99,
      "discountPrice": 0.99
    },
    "type": {
      "code": "Soup, Broth & Bouillon",
      "desc": "Soup, Broth & Bouillon"
    },
    "weight": "10.75 oz",
    "UpcCode": "",
    "tax": 0.0,
    "spiceLevel": "",
    "aiselNo": "2",
    "store": "Market Basket",
    "weightType": "10.75 oz",
    "imageName": "Market Basket.jpg",
    "defaultImage": "Market Basket.jpg",
    "updatedTimestamp": "Jan 23, 2021 8:02:30 PM",
    "createdTimestamp": "Jan 23, 2021 8:02:30 PM",
    "isNewlyAdded": false,
    "isActive": true,
    "isDealsEnabled": false,
    "quantity": 0
  },
  {
    "id": 14121,
    "code": "Danone Original Greek Vanilla Nonfat Yogurt",
    "desc": "Danone Original Greek Vanilla Nonfat Yogurt",
    "shortDesc": "Danone Original Greek Vanilla Nonfat Yogurt",
    "tags": [
      "Yogurt"
    ],
    "categories": [
      {
        "code": "Breakfast & Dairy",
        "desc": "Breakfast & Dairy"
      }
    ],
    "subCategories": [
      {
        "code": "Dairy & Eggs",
        "desc": "Dairy & Eggs"
      }
    ],
    "brands": [
      {
        "code": "Danone",
        "desc": "Danone"
      }
    ],
    "price": {
      "basePrice": 1.29,
      "discountPrice": 1.29
    },
    "type": {
      "code": "Yogurt",
      "desc": "Yogurt"
    },
    "weight": "5.3 oz",
    "UpcCode": "",
    "tax": 0.0,
    "spiceLevel": "",
    "aiselNo": "1",
    "store": "Market Basket",
    "weightType": "5.3 oz",
    "imageName": "14706.jpg",
    "defaultImage": "14706.jpg",
    "updatedTimestamp": "Jan 23, 2021 8:02:30 PM",
    "createdTimestamp": "Jan 23, 2021 8:02:30 PM",
    "isNewlyAdded": false,
    "isActive": true,
    "isDealsEnabled": false,
    "quantity": 0
  },
  {
    "id": 14955,
    "code": "Band Aid Brand Plastic Strips Adhesive Bandages, All One Size",
    "desc": "Band Aid Brand Plastic Strips Adhesive Bandages, All One Size",
    "shortDesc": "Band Aid Brand Plastic Strips Adhesive Bandages, All One Size",
    "tags": [
      "First Aid"
    ],
    "categories": [
      {
        "code": "Personal Care",
        "desc": "Personal Care"
      }
    ],
    "subCategories": [
      {
        "code": "First Aid & Healthcare",
        "desc": "First Aid & Healthcare"
      }
    ],
    "brands": [
      {
        "code": "Band Aid Brand",
        "desc": "Band Aid Brand"
      }
    ],
    "price": {
      "basePrice": 3.21,
      "discountPrice": 3.21
    },
    "type": {
      "code": "First Aid",
      "desc": "First Aid"
    },
    "weight": "60 count",
    "UpcCode": "",
    "tax": 1.0,
    "spiceLevel": "",
    "aiselNo": "13",
    "store": "Market Basket",
    "weightType": "60 count",
    "imageName": "17809.jpg",
    "defaultImage": "17809.jpg",
    "updatedTimestamp": "Jan 23, 2021 8:02:30 PM",
    "createdTimestamp": "Jan 23, 2021 8:02:30 PM",
    "isNewlyAdded": false,
    "isActive": true,
    "isDealsEnabled": false,
    "quantity": 0
  },
  {
    "id": 3561,
    "code": "Butterhead (Boston Package)",
    "desc": "Butterhead (Boston Package)",
    "shortDesc": "Butterhead (Boston Package)",
    "tags": [
      "Butterhead Lettuce"
    ],
    "categories": [
      {
        "code": "Fresh Produce",
        "desc": "Fresh Produce"
      }
    ],
    "subCategories": [
      {
        "code": "Fresh Vegetables",
        "desc": "Fresh Vegetables"
      }
    ],
    "brands": [
      {
        "code": "Market Basket",
        "desc": "Market Basket"
      }
    ],
    "price": {
      "basePrice": 4.24,
      "discountPrice": 4.24
    },
    "type": {
      "code": "Butterhead Lettuce",
      "desc": "Butterhead Lettuce"
    },
    "weight": "1 container",
    "UpcCode": "",
    "tax": 0.0,
    "spiceLevel": "",
    "aiselNo": "20",
    "store": "Market Basket",
    "weightType": "1 container",
    "imageName": "14343.jpg",
    "defaultImage": "14343.jpg",
    "updatedTimestamp": "Jan 23, 2021 8:02:30 PM",
    "createdTimestamp": "Jan 23, 2021 8:02:30 PM",
    "isNewlyAdded": false,
    "isActive": true,
    "isDealsEnabled": false,
    "quantity": 0
  },
  {
    "id": 9041,
    "code": "Smucker's Concord Grape Jam",
    "desc": "Smucker's Concord Grape Jam",
    "shortDesc": "Smucker's Concord Grape Jam",
    "tags": [
      "Spreads"
    ],
    "categories": [
      {
        "code": "Condiments & Dressings",
        "desc": "Condiments & Dressings"
      }
    ],
    "subCategories": [
      {
        "code": "Preserved Dips & Spreads",
        "desc": "Preserved Dips & Spreads"
      }
    ],
    "brands": [
      {
        "code": "Smucker's",
        "desc": "Smucker's"
      }
    ],
    "price": {
      "basePrice": 2.49,
      "discountPrice": 2.49
    },
    "type": {
      "code": "Spreads",
      "desc": "Spreads"
    },
    "weight": "32 oz",
    "UpcCode": "",
    "tax": 0.0,
    "spiceLevel": "",
    "aiselNo": "3",
    "store": "Market Basket",
    "weightType": "32 oz",
    "imageName": "1618.jpg",
    "defaultImage": "1618.jpg",
    "updatedTimestamp": "Jan 23, 2021 8:02:30 PM",
    "createdTimestamp": "Jan 23, 2021 8:02:30 PM",
    "isNewlyAdded": false,
    "isActive": true,
    "isDealsEnabled": false,
    "quantity": 0
  },
  {
    "id": 5694,
    "code": "Second Nature Medley, California, Pouch",
    "desc": "Second Nature Medley, California, Pouch",
    "shortDesc": "Second Nature Medley, California, Pouch",
    "tags": [
      "Trail Mix & Snack Mix"
    ],
    "categories": [
      {
        "code": "Chips, Cookies & Snacks",
        "desc": "Chips, Cookies & Snacks"
      }
    ],
    "subCategories": [
      {
        "code": "Nuts, Seeds & Dried Fruit",
        "desc": "Nuts, Seeds & Dried Fruit"
      }
    ],
    "brands": [
      {
        "code": "Second Nature",
        "desc": "Second Nature"
      }
    ],
    "price": {
      "basePrice": 6.09,
      "discountPrice": 6.09
    },
    "type": {
      "code": "Trail Mix & Snack Mix",
      "desc": "Trail Mix & Snack Mix"
    },
    "weight": "12 oz",
    "UpcCode": "",
    "tax": 0.0,
    "spiceLevel": "",
    "aiselNo": "21",
    "store": "Market Basket",
    "weightType": "12 oz",
    "imageName": "1471.jpg",
    "defaultImage": "1471.jpg",
    "updatedTimestamp": "Jan 23, 2021 8:02:30 PM",
    "createdTimestamp": "Jan 23, 2021 8:02:30 PM",
    "isNewlyAdded": false,
    "isActive": true,
    "isDealsEnabled": false,
    "quantity": 0
  },
  {
    "id": 3822,
    "code": "Organic Whole Trade Eggplant",
    "desc": "Organic Whole Trade Eggplant",
    "shortDesc": "Organic Whole Trade Eggplant",
    "tags": [
      "Eggplant"
    ],
    "categories": [
      {
        "code": "Fresh Produce",
        "desc": "Fresh Produce"
      }
    ],
    "subCategories": [
      {
        "code": "Fresh Organic Vegetables",
        "desc": "Fresh Organic Vegetables"
      }
    ],
    "brands": [
      {
        "code": "Market Basket",
        "desc": "Market Basket"
      }
    ],
    "price": {
      "basePrice": 4.24,
      "discountPrice": 4.24
    },
    "type": {
      "code": "Eggplant",
      "desc": "Eggplant"
    },
    "weight": "1 lb",
    "UpcCode": "",
    "tax": 0.0,
    "spiceLevel": "",
    "aiselNo": "20",
    "store": "Market Basket",
    "weightType": "1 lb",
    "imageName": "FP125.jpg",
    "defaultImage": "FP125.jpg",
    "updatedTimestamp": "Jan 23, 2021 8:02:30 PM",
    "createdTimestamp": "Jan 23, 2021 8:02:30 PM",
    "isNewlyAdded": false,
    "isActive": true,
    "isDealsEnabled": false,
    "quantity": 0
  },
  {
    "id": 3529,
    "code": "White Asparagus",
    "desc": "White Asparagus",
    "shortDesc": "White Asparagus",
    "tags": [
      "Asparagus"
    ],
    "categories": [
      {
        "code": "Fresh Produce",
        "desc": "Fresh Produce"
      }
    ],
    "subCategories": [
      {
        "code": "Fresh Vegetables",
        "desc": "Fresh Vegetables"
      }
    ],
    "brands": [
      {
        "code": "Market Basket",
        "desc": "Market Basket"
      }
    ],
    "price": {
      "basePrice": 6.99,
      "discountPrice": 6.99
    },
    "type": {
      "code": "Asparagus",
      "desc": "Asparagus"
    },
    "weight": "1 count",
    "UpcCode": "",
    "tax": 0.0,
    "spiceLevel": "",
    "aiselNo": "20",
    "store": "Market Basket",
    "weightType": "1 count",
    "imageName": "FP146.jpg",
    "defaultImage": "FP146.jpg",
    "updatedTimestamp": "Jan 23, 2021 8:02:30 PM",
    "createdTimestamp": "Jan 23, 2021 8:02:30 PM",
    "isNewlyAdded": false,
    "isActive": true,
    "isDealsEnabled": false,
    "quantity": 0
  },
  {
    "id": 15232,
    "code": "Market Basket Smartgrip Contour Toothbrush Soft",
    "desc": "Market Basket Smartgrip Contour Toothbrush Soft",
    "shortDesc": "Market Basket Smartgrip Contour Toothbrush Soft",
    "tags": [
      "Oral Hygiene"
    ],
    "categories": [
      {
        "code": "Personal Care",
        "desc": "Personal Care"
      }
    ],
    "subCategories": [
      {
        "code": "Personal Needs",
        "desc": "Personal Needs"
      }
    ],
    "brands": [
      {
        "code": "Market Basket",
        "desc": "Market Basket"
      }
    ],
    "price": {
      "basePrice": 1.83,
      "discountPrice": 1.83
    },
    "type": {
      "code": "Oral Hygiene",
      "desc": "Oral Hygiene"
    },
    "weight": "1 count",
    "UpcCode": "",
    "tax": 1.0,
    "spiceLevel": "",
    "aiselNo": "13",
    "store": "Market Basket",
    "weightType": "1 count",
    "imageName": "Market Basket.jpg",
    "defaultImage": "Market Basket.jpg",
    "updatedTimestamp": "Jan 23, 2021 8:02:30 PM",
    "createdTimestamp": "Jan 23, 2021 8:02:30 PM",
    "isNewlyAdded": false,
    "isActive": true,
    "isDealsEnabled": false,
    "quantity": 0
  },
  {
    "id": 10077,
    "code": "Haagen Dazs Strawberry Ice Cream",
    "desc": "Haagen Dazs Strawberry Ice Cream",
    "shortDesc": "Haagen Dazs Strawberry Ice Cream",
    "tags": [
      "Ice Cream & Ice"
    ],
    "categories": [
      {
        "code": "Frozen Food",
        "desc": "Frozen Food"
      }
    ],
    "subCategories": [
      {
        "code": "Ice Cream & Ice",
        "desc": "Ice Cream & Ice"
      }
    ],
    "brands": [
      {
        "code": "Haagen-dazs",
        "desc": "Haagen-dazs"
      }
    ],
    "price": {
      "basePrice": 7.39,
      "discountPrice": 7.39
    },
    "type": {
      "code": "Ice Cream & Ice",
      "desc": "Ice Cream & Ice"
    },
    "weight": "28 fl oz",
    "UpcCode": "",
    "tax": 0.0,
    "spiceLevel": "",
    "aiselNo": "21",
    "store": "Market Basket",
    "weightType": "28 fl oz",
    "imageName": "3078.jpg",
    "defaultImage": "3078.jpg",
    "updatedTimestamp": "Jan 23, 2021 8:02:30 PM",
    "createdTimestamp": "Jan 23, 2021 8:02:30 PM",
    "isNewlyAdded": false,
    "isActive": true,
    "isDealsEnabled": false,
    "quantity": 0
  },
  {
    "id": 14819,
    "code": "White Rain Lavender Escape Moisturizing Conditioner",
    "desc": "White Rain Lavender Escape Moisturizing Conditioner",
    "shortDesc": "White Rain Lavender Escape Moisturizing Conditioner",
    "tags": [
      "Hair Care"
    ],
    "categories": [
      {
        "code": "Personal Care",
        "desc": "Personal Care"
      }
    ],
    "subCategories": [
      {
        "code": "Body Wash, Soap & Hair Care",
        "desc": "Body Wash, Soap & Hair Care"
      }
    ],
    "brands": [
      {
        "code": "White Rain",
        "desc": "White Rain"
      }
    ],
    "price": {
      "basePrice": 1.48,
      "discountPrice": 1.48
    },
    "type": {
      "code": "Hair Care",
      "desc": "Hair Care"
    },
    "weight": "15 fl oz",
    "UpcCode": "",
    "tax": 1.0,
    "spiceLevel": "",
    "aiselNo": "13",
    "store": "Market Basket",
    "weightType": "15 fl oz",
    "imageName": "6606.jpg",
    "defaultImage": "6606.jpg",
    "updatedTimestamp": "Jan 23, 2021 8:02:30 PM",
    "createdTimestamp": "Jan 23, 2021 8:02:30 PM",
    "isNewlyAdded": false,
    "isActive": true,
    "isDealsEnabled": false,
    "quantity": 0
  },
  {
    "id": 14395,
    "code": "Green Mountain Coffee K Cup Pods Dark Roast Coffee Sumatra Reserve",
    "desc": "Green Mountain Coffee K Cup Pods Dark Roast Coffee Sumatra Reserve",
    "shortDesc": "Green Mountain Coffee K Cup Pods Dark Roast Coffee Sumatra Reserve",
    "tags": [
      "Coffee"
    ],
    "categories": [
      {
        "code": "Breakfast & Dairy",
        "desc": "Breakfast & Dairy"
      }
    ],
    "subCategories": [
      {
        "code": "Tea & Coffee",
        "desc": "Tea & Coffee"
      }
    ],
    "brands": [
      {
        "code": "Green Mountain",
        "desc": "Green Mountain"
      }
    ],
    "price": {
      "basePrice": 7.39,
      "discountPrice": 7.39
    },
    "type": {
      "code": "Coffee",
      "desc": "Coffee"
    },
    "weight": "12 count",
    "UpcCode": "",
    "tax": 0.0,
    "spiceLevel": "",
    "aiselNo": "8",
    "store": "Market Basket",
    "weightType": "12 count",
    "imageName": "3359.jpg",
    "defaultImage": "3359.jpg",
    "updatedTimestamp": "Jan 23, 2021 8:02:30 PM",
    "createdTimestamp": "Jan 23, 2021 8:02:30 PM",
    "isNewlyAdded": false,
    "isActive": true,
    "isDealsEnabled": false,
    "quantity": 0
  },
  {
    "id": 84,
    "code": "Glade PlugIns Scented Oil Refills Clean Linen",
    "desc": "Glade PlugIns Scented Oil Refills Clean Linen",
    "shortDesc": "Glade PlugIns Scented Oil Refills Clean Linen",
    "tags": [
      "Scented Oil Refill"
    ],
    "categories": [
      {
        "code": "Kitchen & Cleaning",
        "desc": "Kitchen & Cleaning"
      }
    ],
    "subCategories": [
      {
        "code": "Air Fresheners & Candles",
        "desc": "Air Fresheners & Candles"
      }
    ],
    "brands": [
      {
        "code": "Glade",
        "desc": "Glade"
      }
    ],
    "price": {
      "basePrice": 6.09,
      "discountPrice": 6.09
    },
    "type": {
      "code": "Scented Oil Refill",
      "desc": "Scented Oil Refill"
    },
    "weight": "2 count",
    "UpcCode": "",
    "tax": 1.0,
    "spiceLevel": "",
    "aiselNo": "15",
    "store": "Market Basket",
    "weightType": "2 count",
    "imageName": "4229.jpg",
    "defaultImage": "4229.jpg",
    "updatedTimestamp": "Jan 23, 2021 8:02:30 PM",
    "createdTimestamp": "Jan 23, 2021 8:02:30 PM",
    "isNewlyAdded": false,
    "isActive": true,
    "isDealsEnabled": false,
    "quantity": 0
  },
  {
    "id": 6880,
    "code": "Market Basket Dark Brown Sugar",
    "desc": "Market Basket Dark Brown Sugar",
    "shortDesc": "Market Basket Dark Brown Sugar",
    "tags": [
      "Baking Ingredients"
    ],
    "categories": [
      {
        "code": "Cooking Needs",
        "desc": "Cooking Needs"
      }
    ],
    "subCategories": [
      {
        "code": "Baking & Cooking",
        "desc": "Baking & Cooking"
      }
    ],
    "brands": [
      {
        "code": "Market Basket",
        "desc": "Market Basket"
      }
    ],
    "price": {
      "basePrice": 1.89,
      "discountPrice": 1.89
    },
    "type": {
      "code": "Baking Ingredients",
      "desc": "Baking Ingredients"
    },
    "weight": "32 oz",
    "UpcCode": "",
    "tax": 0.0,
    "spiceLevel": "",
    "aiselNo": "8",
    "store": "Market Basket",
    "weightType": "32 oz",
    "imageName": "Market Basket.jpg",
    "defaultImage": "Market Basket.jpg",
    "updatedTimestamp": "Jan 23, 2021 8:02:30 PM",
    "createdTimestamp": "Jan 23, 2021 8:02:30 PM",
    "isNewlyAdded": false,
    "isActive": true,
    "isDealsEnabled": false,
    "quantity": 0
  },
  {
    "id": 13531,
    "code": "Silk Chocolate creamy Cashewmilk",
    "desc": "Silk Chocolate creamy Cashewmilk",
    "shortDesc": "Silk Chocolate creamy Cashewmilk",
    "tags": [
      "Milk"
    ],
    "categories": [
      {
        "code": "Breakfast & Dairy",
        "desc": "Breakfast & Dairy"
      }
    ],
    "subCategories": [
      {
        "code": "Dairy & Eggs",
        "desc": "Dairy & Eggs"
      }
    ],
    "brands": [
      {
        "code": "Silk",
        "desc": "Silk"
      }
    ],
    "price": {
      "basePrice": 3.69,
      "discountPrice": 3.69
    },
    "type": {
      "code": "Milk",
      "desc": "Milk"
    },
    "weight": "64 fl oz",
    "UpcCode": "",
    "tax": 0.0,
    "spiceLevel": "",
    "aiselNo": "1",
    "store": "Market Basket",
    "weightType": "64 fl oz",
    "imageName": "14738.jpg",
    "defaultImage": "14738.jpg",
    "updatedTimestamp": "Jan 23, 2021 8:02:30 PM",
    "createdTimestamp": "Jan 23, 2021 8:02:30 PM",
    "isNewlyAdded": false,
    "isActive": true,
    "isDealsEnabled": false,
    "quantity": 0
  },
  {
    "id": 89,
    "code": "Fresh 'n Clean All Purpose Pine Cleaner",
    "desc": "Fresh 'n Clean All Purpose Pine Cleaner",
    "shortDesc": "Fresh 'n Clean All Purpose Pine Cleaner",
    "tags": [
      "All Purpose Cleaner"
    ],
    "categories": [
      {
        "code": "Kitchen & Cleaning",
        "desc": "Kitchen & Cleaning"
      }
    ],
    "subCategories": [
      {
        "code": "Cleaning Products",
        "desc": "Cleaning Products"
      }
    ],
    "brands": [
      {
        "code": "Fresh 'n Clean",
        "desc": "Fresh 'n Clean"
      }
    ],
    "price": {
      "basePrice": 1.29,
      "discountPrice": 1.29
    },
    "type": {
      "code": "All Purpose Cleaner",
      "desc": "All Purpose Cleaner"
    },
    "weight": "28 fl oz",
    "UpcCode": "",
    "tax": 1.0,
    "spiceLevel": "",
    "aiselNo": "15",
    "store": "Market Basket",
    "weightType": "28 fl oz",
    "imageName": "No Image.jpg",
    "defaultImage": "No Image.jpg",
    "updatedTimestamp": "Jan 23, 2021 8:02:30 PM",
    "createdTimestamp": "Jan 23, 2021 8:02:30 PM",
    "isNewlyAdded": false,
    "isActive": true,
    "isDealsEnabled": false,
    "quantity": 0
  },
  {
    "id": 4539,
    "code": "Del Duca Prosciutto",
    "desc": "Del Duca Prosciutto",
    "shortDesc": "Del Duca Prosciutto",
    "tags": [
      "Other Meat"
    ],
    "categories": [
      {
        "code": "Meat & Seafood",
        "desc": "Meat & Seafood"
      }
    ],
    "subCategories": [
      {
        "code": "Lunch Meat",
        "desc": "Lunch Meat"
      }
    ],
    "brands": [
      {
        "code": "Del Duca",
        "desc": "Del Duca"
      }
    ],
    "price": {
      "basePrice": 4.39,
      "discountPrice": 4.39
    },
    "type": {
      "code": "Other Meat",
      "desc": "Other Meat"
    },
    "weight": "3 oz",
    "UpcCode": "",
    "tax": 0.0,
    "spiceLevel": "",
    "aiselNo": "22",
    "store": "Market Basket",
    "weightType": "3 oz",
    "imageName": "5459.jpg",
    "defaultImage": "5459.jpg",
    "updatedTimestamp": "Jan 23, 2021 8:02:30 PM",
    "createdTimestamp": "Jan 23, 2021 8:02:30 PM",
    "isNewlyAdded": false,
    "isActive": true,
    "isDealsEnabled": false,
    "quantity": 0
  },
  {
    "id": 10482,
    "code": "Goya Chicken Flavored Rice",
    "desc": "Goya Chicken Flavored Rice",
    "shortDesc": "Goya Chicken Flavored Rice",
    "tags": [
      "Instant Rice"
    ],
    "categories": [
      {
        "code": "Cooking Needs",
        "desc": "Cooking Needs"
      }
    ],
    "subCategories": [
      {
        "code": "Rice & Grains",
        "desc": "Rice & Grains"
      }
    ],
    "brands": [
      {
        "code": "Goya",
        "desc": "Goya"
      }
    ],
    "price": {
      "basePrice": 2.49,
      "discountPrice": 2.49
    },
    "type": {
      "code": "Instant Rice",
      "desc": "Instant Rice"
    },
    "weight": "8 oz",
    "UpcCode": "",
    "tax": 0.0,
    "spiceLevel": "",
    "aiselNo": "7",
    "store": "Market Basket",
    "weightType": "8 oz",
    "imageName": "5738.jpg",
    "defaultImage": "5738.jpg",
    "updatedTimestamp": "Jan 23, 2021 8:02:30 PM",
    "createdTimestamp": "Jan 23, 2021 8:02:30 PM",
    "isNewlyAdded": false,
    "isActive": true,
    "isDealsEnabled": false,
    "quantity": 0
  },
  {
    "id": 540,
    "code": "all stainlifters exhilarating laender 66 Loads Laundry Detergent",
    "desc": "all stainlifters exhilarating laender 66 Loads Laundry Detergent",
    "shortDesc": "all stainlifters exhilarating laender 66 Loads Laundry Detergent",
    "tags": [
      "Laundry Detergent"
    ],
    "categories": [
      {
        "code": "Laundry & Paper Goods",
        "desc": "Laundry & Paper Goods"
      }
    ],
    "subCategories": [
      {
        "code": "Laundry",
        "desc": "Laundry"
      }
    ],
    "brands": [
      {
        "code": "all",
        "desc": "all"
      }
    ],
    "price": {
      "basePrice": 10.61,
      "discountPrice": 10.61
    },
    "type": {
      "code": "Laundry Detergent",
      "desc": "Laundry Detergent"
    },
    "weight": "100 fl oz",
    "UpcCode": "",
    "tax": 1.0,
    "spiceLevel": "",
    "aiselNo": "15",
    "store": "Market Basket",
    "weightType": "100 fl oz",
    "imageName": "No Image.jpg",
    "defaultImage": "No Image.jpg",
    "updatedTimestamp": "Jan 23, 2021 8:02:30 PM",
    "createdTimestamp": "Jan 23, 2021 8:02:30 PM",
    "isNewlyAdded": false,
    "isActive": true,
    "isDealsEnabled": false,
    "quantity": 0
  },
  {
    "id": 6613,
    "code": "Odwalla Strawberry C Monster Strawberry Juice",
    "desc": "Odwalla Strawberry C Monster Strawberry Juice",
    "shortDesc": "Odwalla Strawberry C Monster Strawberry Juice",
    "tags": [
      "Refrigerated Drinks"
    ],
    "categories": [
      {
        "code": "Beverages & Juices",
        "desc": "Beverages & Juices"
      }
    ],
    "subCategories": [
      {
        "code": "Juices & Refrigerated Drinks",
        "desc": "Juices & Refrigerated Drinks"
      }
    ],
    "brands": [
      {
        "code": "Monster",
        "desc": "Monster"
      }
    ],
    "price": {
      "basePrice": 3.59,
      "discountPrice": 3.59
    },
    "type": {
      "code": "Refrigerated Drinks",
      "desc": "Refrigerated Drinks"
    },
    "weight": "15.2 oz",
    "UpcCode": "",
    "tax": 0.0,
    "spiceLevel": "",
    "aiselNo": "20",
    "store": "Market Basket",
    "weightType": "15.2 oz",
    "imageName": "3797.jpg",
    "defaultImage": "3797.jpg",
    "updatedTimestamp": "Jan 23, 2021 8:02:30 PM",
    "createdTimestamp": "Jan 23, 2021 8:02:30 PM",
    "isNewlyAdded": false,
    "isActive": true,
    "isDealsEnabled": false,
    "quantity": 0
  },
  {
    "id": 3783,
    "code": "Organic Orange",
    "desc": "Organic Orange",
    "shortDesc": "Organic Orange",
    "tags": [
      "Orange"
    ],
    "categories": [
      {
        "code": "Fresh Produce",
        "desc": "Fresh Produce"
      }
    ],
    "subCategories": [
      {
        "code": "Fresh Organic Fruits",
        "desc": "Fresh Organic Fruits"
      }
    ],
    "brands": [
      {
        "code": "Market Basket",
        "desc": "Market Basket"
      }
    ],
    "price": {
      "basePrice": 8.04,
      "discountPrice": 8.04
    },
    "type": {
      "code": "Orange",
      "desc": "Orange"
    },
    "weight": "1 count",
    "UpcCode": "",
    "tax": 0.0,
    "spiceLevel": "",
    "aiselNo": "20",
    "store": "Market Basket",
    "weightType": "1 count",
    "imageName": "14288.jpg",
    "defaultImage": "14288.jpg",
    "updatedTimestamp": "Jan 23, 2021 8:02:30 PM",
    "createdTimestamp": "Jan 23, 2021 8:02:30 PM",
    "isNewlyAdded": false,
    "isActive": true,
    "isDealsEnabled": false,
    "quantity": 0
  },
  {
    "id": 13295,
    "code": "Kate's Creamery 100% Pure Butter Sea Salted",
    "desc": "Kate's Creamery 100% Pure Butter Sea Salted",
    "shortDesc": "Kate's Creamery 100% Pure Butter Sea Salted",
    "tags": [
      "Butter"
    ],
    "categories": [
      {
        "code": "Breakfast & Dairy",
        "desc": "Breakfast & Dairy"
      }
    ],
    "subCategories": [
      {
        "code": "Dairy & Eggs",
        "desc": "Dairy & Eggs"
      }
    ],
    "brands": [
      {
        "code": "Kate's Creamery",
        "desc": "Kate's Creamery"
      }
    ],
    "price": {
      "basePrice": 3.29,
      "discountPrice": 3.29
    },
    "type": {
      "code": "Butter",
      "desc": "Butter"
    },
    "weight": "8 oz",
    "UpcCode": "",
    "tax": 0.0,
    "spiceLevel": "",
    "aiselNo": "1",
    "store": "Market Basket",
    "weightType": "8 oz",
    "imageName": "661.jpg",
    "defaultImage": "661.jpg",
    "updatedTimestamp": "Jan 23, 2021 8:02:30 PM",
    "createdTimestamp": "Jan 23, 2021 8:02:30 PM",
    "isNewlyAdded": false,
    "isActive": true,
    "isDealsEnabled": false,
    "quantity": 0
  },
  {
    "id": 10177,
    "code": "Northstar Pops, Lotta Cremes, Box",
    "desc": "Northstar Pops, Lotta Cremes, Box",
    "shortDesc": "Northstar Pops, Lotta Cremes, Box",
    "tags": [
      "Ice Cream & Ice"
    ],
    "categories": [
      {
        "code": "Frozen Food",
        "desc": "Frozen Food"
      }
    ],
    "subCategories": [
      {
        "code": "Ice Cream & Ice",
        "desc": "Ice Cream & Ice"
      }
    ],
    "brands": [
      {
        "code": "Northstar",
        "desc": "Northstar"
      }
    ],
    "price": {
      "basePrice": 3.69,
      "discountPrice": 3.69
    },
    "type": {
      "code": "Ice Cream & Ice",
      "desc": "Ice Cream & Ice"
    },
    "weight": "20 x 1.75 fl oz",
    "UpcCode": "",
    "tax": 0.0,
    "spiceLevel": "",
    "aiselNo": "21",
    "store": "Market Basket",
    "weightType": "20 x 1.75 fl oz",
    "imageName": "16176.jpg",
    "defaultImage": "16176.jpg",
    "updatedTimestamp": "Jan 23, 2021 8:02:30 PM",
    "createdTimestamp": "Jan 23, 2021 8:02:30 PM",
    "isNewlyAdded": false,
    "isActive": true,
    "isDealsEnabled": false,
    "quantity": 0
  },
  {
    "id": 8304,
    "code": "Heluva Good! Bodacious Onion Sour Cream Dip",
    "desc": "Heluva Good! Bodacious Onion Sour Cream Dip",
    "shortDesc": "Heluva Good! Bodacious Onion Sour Cream Dip",
    "tags": [
      "Fresh Dips & Tapenades"
    ],
    "categories": [
      {
        "code": "Condiments & Dressings",
        "desc": "Condiments & Dressings"
      }
    ],
    "subCategories": [
      {
        "code": "Fresh Dips & Tapenades",
        "desc": "Fresh Dips & Tapenades"
      }
    ],
    "brands": [
      {
        "code": "Heluva Good!",
        "desc": "Heluva Good!"
      }
    ],
    "price": {
      "basePrice": 2.09,
      "discountPrice": 2.09
    },
    "type": {
      "code": "Fresh Dips & Tapenades",
      "desc": "Fresh Dips & Tapenades"
    },
    "weight": "12 oz",
    "UpcCode": "",
    "tax": 0.0,
    "spiceLevel": "",
    "aiselNo": "1",
    "store": "Market Basket",
    "weightType": "12 oz",
    "imageName": "5532.jpg",
    "defaultImage": "5532.jpg",
    "updatedTimestamp": "Jan 23, 2021 8:02:30 PM",
    "createdTimestamp": "Jan 23, 2021 8:02:30 PM",
    "isNewlyAdded": false,
    "isActive": true,
    "isDealsEnabled": false,
    "quantity": 0
  },
  {
    "id": 240,
    "code": "Finish Powerball Max in 1 Dish Detergent",
    "desc": "Finish Powerball Max in 1 Dish Detergent",
    "shortDesc": "Finish Powerball Max in 1 Dish Detergent",
    "tags": [
      "Dish Liquid"
    ],
    "categories": [
      {
        "code": "Kitchen & Cleaning",
        "desc": "Kitchen & Cleaning"
      }
    ],
    "subCategories": [
      {
        "code": "Dish Detergents",
        "desc": "Dish Detergents"
      }
    ],
    "brands": [
      {
        "code": "Finish",
        "desc": "Finish"
      }
    ],
    "price": {
      "basePrice": 13.49,
      "discountPrice": 13.49
    },
    "type": {
      "code": "Dish Liquid",
      "desc": "Dish Liquid"
    },
    "weight": "63 x 39.9 oz",
    "UpcCode": "",
    "tax": 1.0,
    "spiceLevel": "",
    "aiselNo": "15",
    "store": "Market Basket",
    "weightType": "63 x 39.9 oz",
    "imageName": "4348.jpg",
    "defaultImage": "4348.jpg",
    "updatedTimestamp": "Jan 23, 2021 8:02:30 PM",
    "createdTimestamp": "Jan 23, 2021 8:02:30 PM",
    "isNewlyAdded": false,
    "isActive": true,
    "isDealsEnabled": false,
    "quantity": 0
  },
  {
    "id": 5144,
    "code": "Annie's Homegrown Cheddar Squares Cheddar Squares",
    "desc": "Annie's Homegrown Cheddar Squares Cheddar Squares",
    "shortDesc": "Annie's Homegrown Cheddar Squares Cheddar Squares",
    "tags": [
      "Crackers"
    ],
    "categories": [
      {
        "code": "Chips, Cookies & Snacks",
        "desc": "Chips, Cookies & Snacks"
      }
    ],
    "subCategories": [
      {
        "code": "Cookies & Crackers",
        "desc": "Cookies & Crackers"
      }
    ],
    "brands": [
      {
        "code": "Annie's Homegrown",
        "desc": "Annie's Homegrown"
      }
    ],
    "price": {
      "basePrice": 4.69,
      "discountPrice": 4.69
    },
    "type": {
      "code": "Crackers",
      "desc": "Crackers"
    },
    "weight": "7.5 oz",
    "UpcCode": "",
    "tax": 0.0,
    "spiceLevel": "",
    "aiselNo": "6",
    "store": "Market Basket",
    "weightType": "7.5 oz",
    "imageName": "1220.jpg",
    "defaultImage": "1220.jpg",
    "updatedTimestamp": "Jan 23, 2021 8:02:30 PM",
    "createdTimestamp": "Jan 23, 2021 8:02:30 PM",
    "isNewlyAdded": false,
    "isActive": true,
    "isDealsEnabled": false,
    "quantity": 0
  },
  {
    "id": 5213,
    "code": "Nonni's THINaddictives Pistachio Almond Thins",
    "desc": "Nonni's THINaddictives Pistachio Almond Thins",
    "shortDesc": "Nonni's THINaddictives Pistachio Almond Thins",
    "tags": [
      "Crackers"
    ],
    "categories": [
      {
        "code": "Chips, Cookies & Snacks",
        "desc": "Chips, Cookies & Snacks"
      }
    ],
    "subCategories": [
      {
        "code": "Cookies & Crackers",
        "desc": "Cookies & Crackers"
      }
    ],
    "brands": [
      {
        "code": "Nonni's",
        "desc": "Nonni's"
      }
    ],
    "price": {
      "basePrice": 4.36,
      "discountPrice": 4.36
    },
    "type": {
      "code": "Crackers",
      "desc": "Crackers"
    },
    "weight": "6 x 4.4 oz",
    "UpcCode": "",
    "tax": 0.0,
    "spiceLevel": "",
    "aiselNo": "6",
    "store": "Market Basket",
    "weightType": "6 x 4.4 oz",
    "imageName": "15107.jpg",
    "defaultImage": "15107.jpg",
    "updatedTimestamp": "Jan 23, 2021 8:02:30 PM",
    "createdTimestamp": "Jan 23, 2021 8:02:30 PM",
    "isNewlyAdded": false,
    "isActive": true,
    "isDealsEnabled": false,
    "quantity": 0
  },
  {
    "id": 5469,
    "code": "Hershey's Special Dark Mildly Sweet Chocolate Bar XL",
    "desc": "Hershey's Special Dark Mildly Sweet Chocolate Bar XL",
    "shortDesc": "Hershey's Special Dark Mildly Sweet Chocolate Bar XL",
    "tags": [
      "Candy & Chocolate"
    ],
    "categories": [
      {
        "code": "Chips, Cookies & Snacks",
        "desc": "Chips, Cookies & Snacks"
      }
    ],
    "subCategories": [
      {
        "code": "Candy & Chocolates",
        "desc": "Candy & Chocolates"
      }
    ],
    "brands": [
      {
        "code": "Hershey's",
        "desc": "Hershey's"
      }
    ],
    "price": {
      "basePrice": 1.89,
      "discountPrice": 1.89
    },
    "type": {
      "code": "Candy & Chocolate",
      "desc": "Candy & Chocolate"
    },
    "weight": "4.25 oz",
    "UpcCode": "",
    "tax": 0.0,
    "spiceLevel": "",
    "aiselNo": "3",
    "store": "Market Basket",
    "weightType": "4.25 oz",
    "imageName": "990.jpg",
    "defaultImage": "990.jpg",
    "updatedTimestamp": "Jan 23, 2021 8:02:30 PM",
    "createdTimestamp": "Jan 23, 2021 8:02:30 PM",
    "isNewlyAdded": false,
    "isActive": true,
    "isDealsEnabled": false,
    "quantity": 0
  },
  {
    "id": 6818,
    "code": "Diamond Of California Finely Diced Walnuts",
    "desc": "Diamond Of California Finely Diced Walnuts",
    "shortDesc": "Diamond Of California Finely Diced Walnuts",
    "tags": [
      "Baking Ingredients"
    ],
    "categories": [
      {
        "code": "Cooking Needs",
        "desc": "Cooking Needs"
      }
    ],
    "subCategories": [
      {
        "code": "Baking & Cooking",
        "desc": "Baking & Cooking"
      }
    ],
    "brands": [
      {
        "code": "Diamond",
        "desc": "Diamond"
      }
    ],
    "price": {
      "basePrice": 6.69,
      "discountPrice": 6.69
    },
    "type": {
      "code": "Baking Ingredients",
      "desc": "Baking Ingredients"
    },
    "weight": "10 oz",
    "UpcCode": "",
    "tax": 0.0,
    "spiceLevel": "",
    "aiselNo": "8",
    "store": "Market Basket",
    "weightType": "10 oz",
    "imageName": "15731.jpg",
    "defaultImage": "15731.jpg",
    "updatedTimestamp": "Jan 23, 2021 8:02:30 PM",
    "createdTimestamp": "Jan 23, 2021 8:02:30 PM",
    "isNewlyAdded": false,
    "isActive": true,
    "isDealsEnabled": false,
    "quantity": 0
  },
  {
    "id": 5186,
    "code": "Lance Captain's Wafers Variety Pack Sandwich Crackers",
    "desc": "Lance Captain's Wafers Variety Pack Sandwich Crackers",
    "shortDesc": "Lance Captain's Wafers Variety Pack Sandwich Crackers",
    "tags": [
      "Crackers"
    ],
    "categories": [
      {
        "code": "Chips, Cookies & Snacks",
        "desc": "Chips, Cookies & Snacks"
      }
    ],
    "subCategories": [
      {
        "code": "Cookies & Crackers",
        "desc": "Cookies & Crackers"
      }
    ],
    "brands": [
      {
        "code": "Lance Captain's",
        "desc": "Lance Captain's"
      }
    ],
    "price": {
      "basePrice": 3.91,
      "discountPrice": 3.91
    },
    "type": {
      "code": "Crackers",
      "desc": "Crackers"
    },
    "weight": "11 oz",
    "UpcCode": "",
    "tax": 0.0,
    "spiceLevel": "",
    "aiselNo": "6",
    "store": "Market Basket",
    "weightType": "11 oz",
    "imageName": "15110.jpg",
    "defaultImage": "15110.jpg",
    "updatedTimestamp": "Jan 23, 2021 8:02:30 PM",
    "createdTimestamp": "Jan 23, 2021 8:02:30 PM",
    "isNewlyAdded": false,
    "isActive": true,
    "isDealsEnabled": false,
    "quantity": 0
  },
  {
    "id": 5944,
    "code": "Cocktail Artist Bloody Mary Premium Mix",
    "desc": "Cocktail Artist Bloody Mary Premium Mix",
    "shortDesc": "Cocktail Artist Bloody Mary Premium Mix",
    "tags": [
      "Cocoa & Drink Mixes"
    ],
    "categories": [
      {
        "code": "Beverages & Juices",
        "desc": "Beverages & Juices"
      }
    ],
    "subCategories": [
      {
        "code": "Cocoa & Drink Mixes",
        "desc": "Cocoa & Drink Mixes"
      }
    ],
    "brands": [
      {
        "code": "Cocktail Artist",
        "desc": "Cocktail Artist"
      }
    ],
    "price": {
      "basePrice": 6.24,
      "discountPrice": 6.24
    },
    "type": {
      "code": "Cocoa & Drink Mixes",
      "desc": "Cocoa & Drink Mixes"
    },
    "weight": "1 L",
    "UpcCode": "",
    "tax": 0.0,
    "spiceLevel": "",
    "aiselNo": "17",
    "store": "Market Basket",
    "weightType": "1 L",
    "imageName": "No Image.jpg",
    "defaultImage": "No Image.jpg",
    "updatedTimestamp": "Jan 23, 2021 8:02:29 PM",
    "createdTimestamp": "Jan 23, 2021 8:02:29 PM",
    "isNewlyAdded": false,
    "isActive": true,
    "isDealsEnabled": false,
    "quantity": 0
  },
  {
    "id": 7440,
    "code": "Goya Chipotle Peppers",
    "desc": "Goya Chipotle Peppers",
    "shortDesc": "Goya Chipotle Peppers",
    "tags": [
      "Canned & Jarred Vegetables"
    ],
    "categories": [
      {
        "code": "Cooking Needs",
        "desc": "Cooking Needs"
      }
    ],
    "subCategories": [
      {
        "code": "Canned Food",
        "desc": "Canned Food"
      }
    ],
    "brands": [
      {
        "code": "Goya",
        "desc": "Goya"
      }
    ],
    "price": {
      "basePrice": 2.39,
      "discountPrice": 2.39
    },
    "type": {
      "code": "Canned & Jarred Vegetables",
      "desc": "Canned & Jarred Vegetables"
    },
    "weight": "7 oz",
    "UpcCode": "",
    "tax": 0.0,
    "spiceLevel": "",
    "aiselNo": "9",
    "store": "Market Basket",
    "weightType": "7 oz",
    "imageName": "5051.jpg",
    "defaultImage": "5051.jpg",
    "updatedTimestamp": "Jan 23, 2021 8:02:30 PM",
    "createdTimestamp": "Jan 23, 2021 8:02:30 PM",
    "isNewlyAdded": false,
    "isActive": true,
    "isDealsEnabled": false,
    "quantity": 0
  },
  {
    "id": 5082,
    "code": "Market Basket Snickerdoodle Soft Cookies",
    "desc": "Market Basket Snickerdoodle Soft Cookies",
    "shortDesc": "Market Basket Snickerdoodle Soft Cookies",
    "tags": [
      "Cookies & Cakes"
    ],
    "categories": [
      {
        "code": "Chips, Cookies & Snacks",
        "desc": "Chips, Cookies & Snacks"
      }
    ],
    "subCategories": [
      {
        "code": "Cookies & Crackers",
        "desc": "Cookies & Crackers"
      }
    ],
    "brands": [
      {
        "code": "Market Basket",
        "desc": "Market Basket"
      }
    ],
    "price": {
      "basePrice": 1.55,
      "discountPrice": 1.55
    },
    "type": {
      "code": "Cookies & Cakes",
      "desc": "Cookies & Cakes"
    },
    "weight": "7.1 oz",
    "UpcCode": "",
    "tax": 0.0,
    "spiceLevel": "",
    "aiselNo": "6",
    "store": "Market Basket",
    "weightType": "7.1 oz",
    "imageName": "Market Basket.jpg",
    "defaultImage": "Market Basket.jpg",
    "updatedTimestamp": "Jan 23, 2021 8:02:30 PM",
    "createdTimestamp": "Jan 23, 2021 8:02:30 PM",
    "isNewlyAdded": false,
    "isActive": true,
    "isDealsEnabled": false,
    "quantity": 0
  },
  {
    "id": 301,
    "code": "Hefty Ez Foil 13 1/4 in x 9 5/8 in x 2 3/4 in All Purpose Pan",
    "desc": "Hefty Ez Foil 13 1/4 in x 9 5/8 in x 2 3/4 in All Purpose Pan",
    "shortDesc": "Hefty Ez Foil 13 1/4 in x 9 5/8 in x 2 3/4 in All Purpose Pan",
    "tags": [
      "Multi Purpose Pans"
    ],
    "categories": [
      {
        "code": "Kitchen & Cleaning",
        "desc": "Kitchen & Cleaning"
      }
    ],
    "subCategories": [
      {
        "code": "Food Storage & Kitchen Supplies",
        "desc": "Food Storage & Kitchen Supplies"
      }
    ],
    "brands": [
      {
        "code": "Hefty",
        "desc": "Hefty"
      }
    ],
    "price": {
      "basePrice": 4.89,
      "discountPrice": 4.89
    },
    "type": {
      "code": "Multi Purpose Pans",
      "desc": "Multi Purpose Pans"
    },
    "weight": "1 count",
    "UpcCode": "",
    "tax": 1.0,
    "spiceLevel": "",
    "aiselNo": "12",
    "store": "Market Basket",
    "weightType": "1 count",
    "imageName": "4465.jpg",
    "defaultImage": "4465.jpg",
    "updatedTimestamp": "Jan 23, 2021 8:02:30 PM",
    "createdTimestamp": "Jan 23, 2021 8:02:30 PM",
    "isNewlyAdded": false,
    "isActive": true,
    "isDealsEnabled": false,
    "quantity": 0
  },
  {
    "id": 95,
    "code": "Soft Scrub Antibacterial Cleanser, With Bleach",
    "desc": "Soft Scrub Antibacterial Cleanser, With Bleach",
    "shortDesc": "Soft Scrub Antibacterial Cleanser, With Bleach",
    "tags": [
      "Antibacterial Cleaner"
    ],
    "categories": [
      {
        "code": "Kitchen & Cleaning",
        "desc": "Kitchen & Cleaning"
      }
    ],
    "subCategories": [
      {
        "code": "Cleaning Products",
        "desc": "Cleaning Products"
      }
    ],
    "brands": [
      {
        "code": "Soft Scrub",
        "desc": "Soft Scrub"
      }
    ],
    "price": {
      "basePrice": 3.89,
      "discountPrice": 3.89
    },
    "type": {
      "code": "Antibacterial Cleaner",
      "desc": "Antibacterial Cleaner"
    },
    "weight": "24 oz",
    "UpcCode": "",
    "tax": 1.0,
    "spiceLevel": "",
    "aiselNo": "15",
    "store": "Market Basket",
    "weightType": "24 oz",
    "imageName": "16776.jpg",
    "defaultImage": "16776.jpg",
    "updatedTimestamp": "Jan 23, 2021 8:02:30 PM",
    "createdTimestamp": "Jan 23, 2021 8:02:30 PM",
    "isNewlyAdded": false,
    "isActive": true,
    "isDealsEnabled": false,
    "quantity": 0
  },
  {
    "id": 14887,
    "code": "Always Xtra Protection Long",
    "desc": "Always Xtra Protection Long",
    "shortDesc": "Always Xtra Protection Long",
    "tags": [
      "Menstrual Pads"
    ],
    "categories": [
      {
        "code": "Personal Care",
        "desc": "Personal Care"
      }
    ],
    "subCategories": [
      {
        "code": "Feminine Care",
        "desc": "Feminine Care"
      }
    ],
    "brands": [
      {
        "code": "Always",
        "desc": "Always"
      }
    ],
    "price": {
      "basePrice": 4.93,
      "discountPrice": 4.93
    },
    "type": {
      "code": "Menstrual Pads",
      "desc": "Menstrual Pads"
    },
    "weight": "40 count",
    "UpcCode": "",
    "tax": 1.0,
    "spiceLevel": "",
    "aiselNo": "13",
    "store": "Market Basket",
    "weightType": "40 count",
    "imageName": "6498.jpg",
    "defaultImage": "6498.jpg",
    "updatedTimestamp": "Jan 23, 2021 8:02:30 PM",
    "createdTimestamp": "Jan 23, 2021 8:02:30 PM",
    "isNewlyAdded": false,
    "isActive": true,
    "isDealsEnabled": false,
    "quantity": 0
  },
  {
    "id": 13721,
    "code": "Market Basket 2% Milk Reduced Fat American Singles Orange",
    "desc": "Market Basket 2% Milk Reduced Fat American Singles Orange",
    "shortDesc": "Market Basket 2% Milk Reduced Fat American Singles Orange",
    "tags": [
      "Packaged Cheese"
    ],
    "categories": [
      {
        "code": "Breakfast & Dairy",
        "desc": "Breakfast & Dairy"
      }
    ],
    "subCategories": [
      {
        "code": "Dairy & Eggs",
        "desc": "Dairy & Eggs"
      }
    ],
    "brands": [
      {
        "code": "Market Basket",
        "desc": "Market Basket"
      }
    ],
    "price": {
      "basePrice": 3.09,
      "discountPrice": 3.09
    },
    "type": {
      "code": "Packaged Cheese",
      "desc": "Packaged Cheese"
    },
    "weight": "1 lb",
    "UpcCode": "",
    "tax": 0.0,
    "spiceLevel": "",
    "aiselNo": "1",
    "store": "Market Basket",
    "weightType": "1 lb",
    "imageName": "Market Basket.jpg",
    "defaultImage": "Market Basket.jpg",
    "updatedTimestamp": "Jan 23, 2021 8:02:30 PM",
    "createdTimestamp": "Jan 23, 2021 8:02:30 PM",
    "isNewlyAdded": false,
    "isActive": true,
    "isDealsEnabled": false,
    "quantity": 0
  },
  {
    "id": 9140,
    "code": "Market Basket 16 20 Per Pound Ez Peel Raw Extra Jumbo Shrimp",
    "desc": "Market Basket 16 20 Per Pound Ez Peel Raw Extra Jumbo Shrimp",
    "shortDesc": "Market Basket 16 20 Per Pound Ez Peel Raw Extra Jumbo Shrimp",
    "tags": [
      "Frozen Appetizers & Sides"
    ],
    "categories": [
      {
        "code": "Frozen Food",
        "desc": "Frozen Food"
      }
    ],
    "subCategories": [
      {
        "code": "Frozen Dinners & Entrees",
        "desc": "Frozen Dinners & Entrees"
      }
    ],
    "brands": [
      {
        "code": "Market Basket",
        "desc": "Market Basket"
      }
    ],
    "price": {
      "basePrice": 24.29,
      "discountPrice": 24.29
    },
    "type": {
      "code": "Frozen Appetizers & Sides",
      "desc": "Frozen Appetizers & Sides"
    },
    "weight": "32 oz",
    "UpcCode": "",
    "tax": 0.0,
    "spiceLevel": "",
    "aiselNo": "18",
    "store": "Market Basket",
    "weightType": "32 oz",
    "imageName": "Market Basket.jpg",
    "defaultImage": "Market Basket.jpg",
    "updatedTimestamp": "Jan 23, 2021 8:02:30 PM",
    "createdTimestamp": "Jan 23, 2021 8:02:30 PM",
    "isNewlyAdded": false,
    "isActive": true,
    "isDealsEnabled": false,
    "quantity": 0
  },
  {
    "id": 4140,
    "code": "Gonsalves Choice Bone In Salted Codfish",
    "desc": "Gonsalves Choice Bone In Salted Codfish",
    "shortDesc": "Gonsalves Choice Bone In Salted Codfish",
    "tags": [
      "Codfish"
    ],
    "categories": [
      {
        "code": "Meat & Seafood",
        "desc": "Meat & Seafood"
      }
    ],
    "subCategories": [
      {
        "code": "Meat & Seafood Counter",
        "desc": "Meat & Seafood Counter"
      }
    ],
    "brands": [
      {
        "code": "Gonsalves",
        "desc": "Gonsalves"
      }
    ],
    "price": {
      "basePrice": 8.59,
      "discountPrice": 8.59
    },
    "type": {
      "code": "Codfish",
      "desc": "Codfish"
    },
    "weight": "1 lb",
    "UpcCode": "",
    "tax": 0.0,
    "spiceLevel": "",
    "aiselNo": "22",
    "store": "Market Basket",
    "weightType": "1 lb",
    "imageName": "No Image.jpg",
    "defaultImage": "No Image.jpg",
    "updatedTimestamp": "Jan 23, 2021 8:02:30 PM",
    "createdTimestamp": "Jan 23, 2021 8:02:30 PM",
    "isNewlyAdded": false,
    "isActive": true,
    "isDealsEnabled": false,
    "quantity": 0
  },
  {
    "id": 8737,
    "code": "Green Mountain Salsa Hot",
    "desc": "Green Mountain Salsa Hot",
    "shortDesc": "Green Mountain Salsa Hot",
    "tags": [
      "Preserved Dips & Salsa"
    ],
    "categories": [
      {
        "code": "Condiments & Dressings",
        "desc": "Condiments & Dressings"
      }
    ],
    "subCategories": [
      {
        "code": "Preserved Dips & Spreads",
        "desc": "Preserved Dips & Spreads"
      }
    ],
    "brands": [
      {
        "code": "Green Mountain",
        "desc": "Green Mountain"
      }
    ],
    "price": {
      "basePrice": 3.69,
      "discountPrice": 3.69
    },
    "type": {
      "code": "Preserved Dips & Salsa",
      "desc": "Preserved Dips & Salsa"
    },
    "weight": "16 oz",
    "UpcCode": "",
    "tax": 0.0,
    "spiceLevel": "",
    "aiselNo": "1",
    "store": "Market Basket",
    "weightType": "16 oz",
    "imageName": "2015.jpg",
    "defaultImage": "2015.jpg",
    "updatedTimestamp": "Jan 23, 2021 8:02:30 PM",
    "createdTimestamp": "Jan 23, 2021 8:02:30 PM",
    "isNewlyAdded": false,
    "isActive": true,
    "isDealsEnabled": false,
    "quantity": 0
  },
  {
    "id": 4515,
    "code": "Market Basket Black Forest Smoked Ham, Tub",
    "desc": "Market Basket Black Forest Smoked Ham, Tub",
    "shortDesc": "Market Basket Black Forest Smoked Ham, Tub",
    "tags": [
      "Ham"
    ],
    "categories": [
      {
        "code": "Meat & Seafood",
        "desc": "Meat & Seafood"
      }
    ],
    "subCategories": [
      {
        "code": "Lunch Meat",
        "desc": "Lunch Meat"
      }
    ],
    "brands": [
      {
        "code": "Market Basket",
        "desc": "Market Basket"
      }
    ],
    "price": {
      "basePrice": 6.79,
      "discountPrice": 6.79
    },
    "type": {
      "code": "Ham",
      "desc": "Ham"
    },
    "weight": "10 oz",
    "UpcCode": "",
    "tax": 0.0,
    "spiceLevel": "",
    "aiselNo": "22",
    "store": "Market Basket",
    "weightType": "10 oz",
    "imageName": "Market Basket.jpg",
    "defaultImage": "Market Basket.jpg",
    "updatedTimestamp": "Jan 23, 2021 8:02:30 PM",
    "createdTimestamp": "Jan 23, 2021 8:02:30 PM",
    "isNewlyAdded": false,
    "isActive": true,
    "isDealsEnabled": false,
    "quantity": 0
  },
  {
    "id": 5401,
    "code": "Back to Nature Crispy Wheat Crackers",
    "desc": "Back to Nature Crispy Wheat Crackers",
    "shortDesc": "Back to Nature Crispy Wheat Crackers",
    "tags": [
      "Crackers"
    ],
    "categories": [
      {
        "code": "Chips, Cookies & Snacks",
        "desc": "Chips, Cookies & Snacks"
      }
    ],
    "subCategories": [
      {
        "code": "Cookies & Crackers",
        "desc": "Cookies & Crackers"
      }
    ],
    "brands": [
      {
        "code": "Back to Nature",
        "desc": "Back to Nature"
      }
    ],
    "price": {
      "basePrice": 6.23,
      "discountPrice": 6.23
    },
    "type": {
      "code": "Crackers",
      "desc": "Crackers"
    },
    "weight": "8 oz",
    "UpcCode": "",
    "tax": 0.0,
    "spiceLevel": "",
    "aiselNo": "6",
    "store": "Market Basket",
    "weightType": "8 oz",
    "imageName": "No Image.jpg",
    "defaultImage": "No Image.jpg",
    "updatedTimestamp": "Jan 23, 2021 8:02:30 PM",
    "createdTimestamp": "Jan 23, 2021 8:02:30 PM",
    "isNewlyAdded": false,
    "isActive": true,
    "isDealsEnabled": false,
    "quantity": 0
  },
  {
    "id": 13273,
    "code": "Canoleo Original Canola Oil Based Margarine",
    "desc": "Canoleo Original Canola Oil Based Margarine",
    "shortDesc": "Canoleo Original Canola Oil Based Margarine",
    "tags": [
      "Butter"
    ],
    "categories": [
      {
        "code": "Breakfast & Dairy",
        "desc": "Breakfast & Dairy"
      }
    ],
    "subCategories": [
      {
        "code": "Dairy & Eggs",
        "desc": "Dairy & Eggs"
      }
    ],
    "brands": [
      {
        "code": "Canolea",
        "desc": "Canolea"
      }
    ],
    "price": {
      "basePrice": 3.69,
      "discountPrice": 3.69
    },
    "type": {
      "code": "Butter",
      "desc": "Butter"
    },
    "weight": "16 oz",
    "UpcCode": "",
    "tax": 0.0,
    "spiceLevel": "",
    "aiselNo": "1",
    "store": "Market Basket",
    "weightType": "16 oz",
    "imageName": "14770.jpg",
    "defaultImage": "14770.jpg",
    "updatedTimestamp": "Jan 23, 2021 8:02:30 PM",
    "createdTimestamp": "Jan 23, 2021 8:02:30 PM",
    "isNewlyAdded": false,
    "isActive": true,
    "isDealsEnabled": false,
    "quantity": 0
  },
  {
    "id": 5928,
    "code": "KITU Super Coffee Maple Pumpkin",
    "desc": "KITU Super Coffee Maple Pumpkin",
    "shortDesc": "KITU Super Coffee Maple Pumpkin",
    "tags": [
      "Single To-Go Coffee"
    ],
    "categories": [
      {
        "code": "Beverages & Juices",
        "desc": "Beverages & Juices"
      }
    ],
    "subCategories": [
      {
        "code": "Tea, Coffee, Milk & Coconut Water",
        "desc": "Tea, Coffee, Milk & Coconut Water"
      }
    ],
    "brands": [
      {
        "code": "KITU",
        "desc": "KITU"
      }
    ],
    "price": {
      "basePrice": 3.13,
      "discountPrice": 3.13
    },
    "type": {
      "code": "Single To-Go Coffee",
      "desc": "Single To-Go Coffee"
    },
    "weight": "12 fl oz",
    "UpcCode": "",
    "tax": 0.0,
    "spiceLevel": "",
    "aiselNo": "17",
    "store": "Market Basket",
    "weightType": "12 fl oz",
    "imageName": "No Image.jpg",
    "defaultImage": "No Image.jpg",
    "updatedTimestamp": "Jan 23, 2021 8:02:30 PM",
    "createdTimestamp": "Jan 23, 2021 8:02:30 PM",
    "isNewlyAdded": false,
    "isActive": true,
    "isDealsEnabled": false,
    "quantity": 0
  },
  {
    "id": 7783,
    "code": "Market Basket Cannellini Beans",
    "desc": "Market Basket Cannellini Beans",
    "shortDesc": "Market Basket Cannellini Beans",
    "tags": [
      "Canned Meals & Beans"
    ],
    "categories": [
      {
        "code": "Cooking Needs",
        "desc": "Cooking Needs"
      }
    ],
    "subCategories": [
      {
        "code": "Canned Food",
        "desc": "Canned Food"
      }
    ],
    "brands": [
      {
        "code": "Market Basket",
        "desc": "Market Basket"
      }
    ],
    "price": {
      "basePrice": 0.89,
      "discountPrice": 0.89
    },
    "type": {
      "code": "Canned Meals & Beans",
      "desc": "Canned Meals & Beans"
    },
    "weight": "15.5 oz",
    "UpcCode": "",
    "tax": 0.0,
    "spiceLevel": "",
    "aiselNo": "2",
    "store": "Market Basket",
    "weightType": "15.5 oz",
    "imageName": "5092.jpg",
    "defaultImage": "5092.jpg",
    "updatedTimestamp": "Jan 23, 2021 8:02:30 PM",
    "createdTimestamp": "Jan 23, 2021 8:02:30 PM",
    "isNewlyAdded": false,
    "isActive": true,
    "isDealsEnabled": false,
    "quantity": 0
  },
  {
    "id": 7226,
    "code": "Goya Sazon A Unique Seasoning Without Annatto",
    "desc": "Goya Sazon A Unique Seasoning Without Annatto",
    "shortDesc": "Goya Sazon A Unique Seasoning Without Annatto",
    "tags": [
      "Spices & Seasonings"
    ],
    "categories": [
      {
        "code": "Cooking Needs",
        "desc": "Cooking Needs"
      }
    ],
    "subCategories": [
      {
        "code": "Spices & Seasonings",
        "desc": "Spices & Seasonings"
      }
    ],
    "brands": [
      {
        "code": "Goya",
        "desc": "Goya"
      }
    ],
    "price": {
      "basePrice": 3.09,
      "discountPrice": 3.09
    },
    "type": {
      "code": "Spices & Seasonings",
      "desc": "Spices & Seasonings"
    },
    "weight": "20 x 3.52 oz",
    "UpcCode": "",
    "tax": 0.0,
    "spiceLevel": "",
    "aiselNo": "9",
    "store": "Market Basket",
    "weightType": "20 x 3.52 oz",
    "imageName": "2247.jpg",
    "defaultImage": "2247.jpg",
    "updatedTimestamp": "Jan 23, 2021 8:02:30 PM",
    "createdTimestamp": "Jan 23, 2021 8:02:30 PM",
    "isNewlyAdded": false,
    "isActive": true,
    "isDealsEnabled": false,
    "quantity": 0
  },
  {
    "id": 10601,
    "code": "McCormick Hot Shot Extra Bold Pepper Blend",
    "desc": "McCormick Hot Shot Extra Bold Pepper Blend",
    "shortDesc": "McCormick Hot Shot Extra Bold Pepper Blend",
    "tags": [
      "Pasta Sauce"
    ],
    "categories": [
      {
        "code": "Pasta & Sauces",
        "desc": "Pasta & Sauces"
      }
    ],
    "subCategories": [
      {
        "code": "Pasta Sauce",
        "desc": "Pasta Sauce"
      }
    ],
    "brands": [
      {
        "code": "McCormick",
        "desc": "McCormick"
      }
    ],
    "price": {
      "basePrice": 0.89,
      "discountPrice": 0.89
    },
    "type": {
      "code": "Pasta Sauce",
      "desc": "Pasta Sauce"
    },
    "weight": "2.62 oz",
    "UpcCode": "",
    "tax": 0.0,
    "spiceLevel": "",
    "aiselNo": "4",
    "store": "Market Basket",
    "weightType": "2.62 oz",
    "imageName": "No Image.jpg",
    "defaultImage": "No Image.jpg",
    "updatedTimestamp": "Jan 23, 2021 8:02:30 PM",
    "createdTimestamp": "Jan 23, 2021 8:02:30 PM",
    "isNewlyAdded": false,
    "isActive": true,
    "isDealsEnabled": false,
    "quantity": 0
  },
  {
    "id": 6329,
    "code": "Polar Premium Tonic Water Cans",
    "desc": "Polar Premium Tonic Water Cans",
    "shortDesc": "Polar Premium Tonic Water Cans",
    "tags": [
      "Tonic Water"
    ],
    "categories": [
      {
        "code": "Beverages & Juices",
        "desc": "Beverages & Juices"
      }
    ],
    "subCategories": [
      {
        "code": "Water",
        "desc": "Water"
      }
    ],
    "brands": [
      {
        "code": "Polar",
        "desc": "Polar"
      }
    ],
    "price": {
      "basePrice": 3.74,
      "discountPrice": 3.74
    },
    "type": {
      "code": "Tonic Water",
      "desc": "Tonic Water"
    },
    "weight": "6 x 7.5 fl oz",
    "UpcCode": "",
    "tax": 0.0,
    "spiceLevel": "",
    "aiselNo": "11",
    "store": "Market Basket",
    "weightType": "6 x 7.5 fl oz",
    "imageName": "No Image.jpg",
    "defaultImage": "No Image.jpg",
    "updatedTimestamp": "Jan 23, 2021 8:02:30 PM",
    "createdTimestamp": "Jan 23, 2021 8:02:30 PM",
    "isNewlyAdded": false,
    "isActive": true,
    "isDealsEnabled": false,
    "quantity": 0
  },
  {
    "id": 14634,
    "code": "Twinings of London Black Tea Earl Grey",
    "desc": "Twinings of London Black Tea Earl Grey",
    "shortDesc": "Twinings of London Black Tea Earl Grey",
    "tags": [
      "Tea"
    ],
    "categories": [
      {
        "code": "Breakfast & Dairy",
        "desc": "Breakfast & Dairy"
      }
    ],
    "subCategories": [
      {
        "code": "Tea & Coffee",
        "desc": "Tea & Coffee"
      }
    ],
    "brands": [
      {
        "code": "Twinings",
        "desc": "Twinings"
      }
    ],
    "price": {
      "basePrice": 3.69,
      "discountPrice": 3.69
    },
    "type": {
      "code": "Tea",
      "desc": "Tea"
    },
    "weight": "20 count",
    "UpcCode": "",
    "tax": 0.0,
    "spiceLevel": "",
    "aiselNo": "8",
    "store": "Market Basket",
    "weightType": "20 count",
    "imageName": "3443.jpg",
    "defaultImage": "3443.jpg",
    "updatedTimestamp": "Jan 23, 2021 8:02:30 PM",
    "createdTimestamp": "Jan 23, 2021 8:02:30 PM",
    "isNewlyAdded": false,
    "isActive": true,
    "isDealsEnabled": false,
    "quantity": 0
  },
  {
    "id": 5952,
    "code": "Mr & Mrs T Whiskey Sour Mix",
    "desc": "Mr & Mrs T Whiskey Sour Mix",
    "shortDesc": "Mr & Mrs T Whiskey Sour Mix",
    "tags": [
      "Cocoa & Drink Mixes"
    ],
    "categories": [
      {
        "code": "Beverages & Juices",
        "desc": "Beverages & Juices"
      }
    ],
    "subCategories": [
      {
        "code": "Cocoa & Drink Mixes",
        "desc": "Cocoa & Drink Mixes"
      }
    ],
    "brands": [
      {
        "code": "Mr & Mrs T",
        "desc": "Mr & Mrs T"
      }
    ],
    "price": {
      "basePrice": 4.99,
      "discountPrice": 4.99
    },
    "type": {
      "code": "Cocoa & Drink Mixes",
      "desc": "Cocoa & Drink Mixes"
    },
    "weight": "1 L",
    "UpcCode": "",
    "tax": 0.0,
    "spiceLevel": "",
    "aiselNo": "17",
    "store": "Market Basket",
    "weightType": "1 L",
    "imageName": "No Image.jpg",
    "defaultImage": "No Image.jpg",
    "updatedTimestamp": "Jan 23, 2021 8:02:29 PM",
    "createdTimestamp": "Jan 23, 2021 8:02:29 PM",
    "isNewlyAdded": false,
    "isActive": true,
    "isDealsEnabled": false,
    "quantity": 0
  },
  {
    "id": 4283,
    "code": "DiLuigi Turkey Patties With Swiss Cheese Pepper & Onions",
    "desc": "DiLuigi Turkey Patties With Swiss Cheese Pepper & Onions",
    "shortDesc": "DiLuigi Turkey Patties With Swiss Cheese Pepper & Onions",
    "tags": [
      "Turkey"
    ],
    "categories": [
      {
        "code": "Meat & Seafood",
        "desc": "Meat & Seafood"
      }
    ],
    "subCategories": [
      {
        "code": "Packaged Meat & Seafood",
        "desc": "Packaged Meat & Seafood"
      }
    ],
    "brands": [
      {
        "code": "DiLuigi",
        "desc": "DiLuigi"
      }
    ],
    "price": {
      "basePrice": 6.36,
      "discountPrice": 6.36
    },
    "type": {
      "code": "Turkey",
      "desc": "Turkey"
    },
    "weight": "Approx: 1.30 lb at $4.89/lb",
    "UpcCode": "",
    "tax": 0.0,
    "spiceLevel": "",
    "aiselNo": "22",
    "store": "Market Basket",
    "weightType": "Approx: 1.30 lb at $4.89/lb",
    "imageName": "No Image.jpg",
    "defaultImage": "No Image.jpg",
    "updatedTimestamp": "Jan 23, 2021 8:02:30 PM",
    "createdTimestamp": "Jan 23, 2021 8:02:30 PM",
    "isNewlyAdded": false,
    "isActive": true,
    "isDealsEnabled": false,
    "quantity": 0
  },
  {
    "id": 13848,
    "code": "Snack Pack Juicy Gels Strawberry And Orange",
    "desc": "Snack Pack Juicy Gels Strawberry And Orange",
    "shortDesc": "Snack Pack Juicy Gels Strawberry And Orange",
    "tags": [
      "Refrigerated Pudding & Desserts"
    ],
    "categories": [
      {
        "code": "Breakfast & Dairy",
        "desc": "Breakfast & Dairy"
      }
    ],
    "subCategories": [
      {
        "code": "Dairy & Eggs",
        "desc": "Dairy & Eggs"
      }
    ],
    "brands": [
      {
        "code": "Snack Pack",
        "desc": "Snack Pack"
      }
    ],
    "price": {
      "basePrice": 1.49,
      "discountPrice": 1.49
    },
    "type": {
      "code": "Refrigerated Pudding & Desserts",
      "desc": "Refrigerated Pudding & Desserts"
    },
    "weight": "4 x 3.25 oz",
    "UpcCode": "",
    "tax": 0.0,
    "spiceLevel": "",
    "aiselNo": "19",
    "store": "Market Basket",
    "weightType": "4 x 3.25 oz",
    "imageName": "806.jpg",
    "defaultImage": "806.jpg",
    "updatedTimestamp": "Jan 23, 2021 8:02:30 PM",
    "createdTimestamp": "Jan 23, 2021 8:02:30 PM",
    "isNewlyAdded": false,
    "isActive": true,
    "isDealsEnabled": false,
    "quantity": 0
  },
  {
    "id": 8668,
    "code": "Aunt Nellie's Whole Pickled Beets",
    "desc": "Aunt Nellie's Whole Pickled Beets",
    "shortDesc": "Aunt Nellie's Whole Pickled Beets",
    "tags": [
      "Pickled Goods & Olives"
    ],
    "categories": [
      {
        "code": "Condiments & Dressings",
        "desc": "Condiments & Dressings"
      }
    ],
    "subCategories": [
      {
        "code": "Pickled Goods & Olives",
        "desc": "Pickled Goods & Olives"
      }
    ],
    "brands": [
      {
        "code": "Nellie's",
        "desc": "Nellie's"
      }
    ],
    "price": {
      "basePrice": 1.59,
      "discountPrice": 1.59
    },
    "type": {
      "code": "Pickled Goods & Olives",
      "desc": "Pickled Goods & Olives"
    },
    "weight": "16 oz",
    "UpcCode": "",
    "tax": 0.0,
    "spiceLevel": "",
    "aiselNo": "2",
    "store": "Market Basket",
    "weightType": "16 oz",
    "imageName": "15539.jpg",
    "defaultImage": "15539.jpg",
    "updatedTimestamp": "Jan 23, 2021 8:02:30 PM",
    "createdTimestamp": "Jan 23, 2021 8:02:30 PM",
    "isNewlyAdded": false,
    "isActive": true,
    "isDealsEnabled": false,
    "quantity": 0
  },
  {
    "id": 8990,
    "code": "Jif Peanut Butter, Whipped, Creamy",
    "desc": "Jif Peanut Butter, Whipped, Creamy",
    "shortDesc": "Jif Peanut Butter, Whipped, Creamy",
    "tags": [
      "Spreads"
    ],
    "categories": [
      {
        "code": "Condiments & Dressings",
        "desc": "Condiments & Dressings"
      }
    ],
    "subCategories": [
      {
        "code": "Preserved Dips & Spreads",
        "desc": "Preserved Dips & Spreads"
      }
    ],
    "brands": [
      {
        "code": "Jif",
        "desc": "Jif"
      }
    ],
    "price": {
      "basePrice": 4.09,
      "discountPrice": 4.09
    },
    "type": {
      "code": "Spreads",
      "desc": "Spreads"
    },
    "weight": "15 oz",
    "UpcCode": "",
    "tax": 0.0,
    "spiceLevel": "",
    "aiselNo": "3",
    "store": "Market Basket",
    "weightType": "15 oz",
    "imageName": "1650.jpg",
    "defaultImage": "1650.jpg",
    "updatedTimestamp": "Jan 23, 2021 8:02:30 PM",
    "createdTimestamp": "Jan 23, 2021 8:02:30 PM",
    "isNewlyAdded": false,
    "isActive": true,
    "isDealsEnabled": false,
    "quantity": 0
  },
  {
    "id": 5016,
    "code": "Utz Pork Rinds Chicharrones Hot n Spicy",
    "desc": "Utz Pork Rinds Chicharrones Hot n Spicy",
    "shortDesc": "Utz Pork Rinds Chicharrones Hot n Spicy",
    "tags": [
      "Chips & Pretzels"
    ],
    "categories": [
      {
        "code": "Chips, Cookies & Snacks",
        "desc": "Chips, Cookies & Snacks"
      }
    ],
    "subCategories": [
      {
        "code": "Chips & Fruit Snacks",
        "desc": "Chips & Fruit Snacks"
      }
    ],
    "brands": [
      {
        "code": "Utz",
        "desc": "Utz"
      }
    ],
    "price": {
      "basePrice": 2.8,
      "discountPrice": 2.8
    },
    "type": {
      "code": "Chips & Pretzels",
      "desc": "Chips & Pretzels"
    },
    "weight": "3 oz",
    "UpcCode": "",
    "tax": 0.0,
    "spiceLevel": "",
    "aiselNo": "0",
    "store": "Market Basket",
    "weightType": "3 oz",
    "imageName": "No Image.jpg",
    "defaultImage": "No Image.jpg",
    "updatedTimestamp": "Jan 23, 2021 8:02:30 PM",
    "createdTimestamp": "Jan 23, 2021 8:02:30 PM",
    "isNewlyAdded": false,
    "isActive": true,
    "isDealsEnabled": false,
    "quantity": 0
  },
  {
    "id": 9793,
    "code": "Cascadian Farm Organic Broccoli Florets",
    "desc": "Cascadian Farm Organic Broccoli Florets",
    "shortDesc": "Cascadian Farm Organic Broccoli Florets",
    "tags": [
      "Frozen Produce"
    ],
    "categories": [
      {
        "code": "Frozen Food",
        "desc": "Frozen Food"
      }
    ],
    "subCategories": [
      {
        "code": "Frozen Produce",
        "desc": "Frozen Produce"
      }
    ],
    "brands": [
      {
        "code": "Cascadian Farm",
        "desc": "Cascadian Farm"
      }
    ],
    "price": {
      "basePrice": 3.09,
      "discountPrice": 3.09
    },
    "type": {
      "code": "Frozen Produce",
      "desc": "Frozen Produce"
    },
    "weight": "10 oz",
    "UpcCode": "",
    "tax": 0.0,
    "spiceLevel": "",
    "aiselNo": "19",
    "store": "Market Basket",
    "weightType": "10 oz",
    "imageName": "2483.jpg",
    "defaultImage": "2483.jpg",
    "updatedTimestamp": "Jan 23, 2021 8:02:30 PM",
    "createdTimestamp": "Jan 23, 2021 8:02:30 PM",
    "isNewlyAdded": false,
    "isActive": true,
    "isDealsEnabled": false,
    "quantity": 0
  },
  {
    "id": 280,
    "code": "Seventh Generation Dishwasher Detergent Powder Fragrance Free",
    "desc": "Seventh Generation Dishwasher Detergent Powder Fragrance Free",
    "shortDesc": "Seventh Generation Dishwasher Detergent Powder Fragrance Free",
    "tags": [
      "Dishwasher Detergent"
    ],
    "categories": [
      {
        "code": "Kitchen & Cleaning",
        "desc": "Kitchen & Cleaning"
      }
    ],
    "subCategories": [
      {
        "code": "Dish Detergents",
        "desc": "Dish Detergents"
      }
    ],
    "brands": [
      {
        "code": "Seventh Generation",
        "desc": "Seventh Generation"
      }
    ],
    "price": {
      "basePrice": 4.59,
      "discountPrice": 4.59
    },
    "type": {
      "code": "Dishwasher Detergent",
      "desc": "Dishwasher Detergent"
    },
    "weight": "45 oz",
    "UpcCode": "",
    "tax": 1.0,
    "spiceLevel": "",
    "aiselNo": "15",
    "store": "Market Basket",
    "weightType": "45 oz",
    "imageName": "18062.jpg",
    "defaultImage": "18062.jpg",
    "updatedTimestamp": "Jan 23, 2021 8:02:30 PM",
    "createdTimestamp": "Jan 23, 2021 8:02:30 PM",
    "isNewlyAdded": false,
    "isActive": true,
    "isDealsEnabled": false,
    "quantity": 0
  },
  {
    "id": 7372,
    "code": "Olde Thompson Adjustable Grinder Black Peppercorn",
    "desc": "Olde Thompson Adjustable Grinder Black Peppercorn",
    "shortDesc": "Olde Thompson Adjustable Grinder Black Peppercorn",
    "tags": [
      "Spices & Seasonings"
    ],
    "categories": [
      {
        "code": "Cooking Needs",
        "desc": "Cooking Needs"
      }
    ],
    "subCategories": [
      {
        "code": "Spices & Seasonings",
        "desc": "Spices & Seasonings"
      }
    ],
    "brands": [
      {
        "code": "Olde Thompson",
        "desc": "Olde Thompson"
      }
    ],
    "price": {
      "basePrice": 7.39,
      "discountPrice": 7.39
    },
    "type": {
      "code": "Spices & Seasonings",
      "desc": "Spices & Seasonings"
    },
    "weight": "5.4 oz",
    "UpcCode": "",
    "tax": 0.0,
    "spiceLevel": "",
    "aiselNo": "9",
    "store": "Market Basket",
    "weightType": "5.4 oz",
    "imageName": "No Image.jpg",
    "defaultImage": "No Image.jpg",
    "updatedTimestamp": "Jan 23, 2021 8:02:30 PM",
    "createdTimestamp": "Jan 23, 2021 8:02:30 PM",
    "isNewlyAdded": false,
    "isActive": true,
    "isDealsEnabled": false,
    "quantity": 0
  },
  {
    "id": 8151,
    "code": "Ba Tampte Prepared Horseradish & Beets",
    "desc": "Ba Tampte Prepared Horseradish & Beets",
    "shortDesc": "Ba Tampte Prepared Horseradish & Beets",
    "tags": [
      "Horseradish"
    ],
    "categories": [
      {
        "code": "Condiments & Dressings",
        "desc": "Condiments & Dressings"
      }
    ],
    "subCategories": [
      {
        "code": "Pickled Goods & Olives",
        "desc": "Pickled Goods & Olives"
      }
    ],
    "brands": [
      {
        "code": "Ba-Tampte",
        "desc": "Ba-Tampte"
      }
    ],
    "price": {
      "basePrice": 2.49,
      "discountPrice": 2.49
    },
    "type": {
      "code": "Horseradish",
      "desc": "Horseradish"
    },
    "weight": "8 oz",
    "UpcCode": "",
    "tax": 0.0,
    "spiceLevel": "",
    "aiselNo": "2",
    "store": "Market Basket",
    "weightType": "8 oz",
    "imageName": "15367.jpg",
    "defaultImage": "15367.jpg",
    "updatedTimestamp": "Jan 23, 2021 8:02:30 PM",
    "createdTimestamp": "Jan 23, 2021 8:02:30 PM",
    "isNewlyAdded": false,
    "isActive": true,
    "isDealsEnabled": false,
    "quantity": 0
  },
  {
    "id": 553,
    "code": "Cheer colorguard Detergent 64 Loads",
    "desc": "Cheer colorguard Detergent 64 Loads",
    "shortDesc": "Cheer colorguard Detergent 64 Loads",
    "tags": [
      "Laundry Detergent"
    ],
    "categories": [
      {
        "code": "Laundry & Paper Goods",
        "desc": "Laundry & Paper Goods"
      }
    ],
    "subCategories": [
      {
        "code": "Laundry",
        "desc": "Laundry"
      }
    ],
    "brands": [
      {
        "code": "cheer",
        "desc": "cheer"
      }
    ],
    "price": {
      "basePrice": 13.74,
      "discountPrice": 13.74
    },
    "type": {
      "code": "Laundry Detergent",
      "desc": "Laundry Detergent"
    },
    "weight": "100 fl oz",
    "UpcCode": "",
    "tax": 1.0,
    "spiceLevel": "",
    "aiselNo": "15",
    "store": "Market Basket",
    "weightType": "100 fl oz",
    "imageName": "No Image.jpg",
    "defaultImage": "No Image.jpg",
    "updatedTimestamp": "Jan 23, 2021 8:02:30 PM",
    "createdTimestamp": "Jan 23, 2021 8:02:30 PM",
    "isNewlyAdded": false,
    "isActive": true,
    "isDealsEnabled": false,
    "quantity": 0
  },
  {
    "id": 4033,
    "code": "Tomatoes Campari",
    "desc": "Tomatoes Campari",
    "shortDesc": "Tomatoes Campari",
    "tags": [
      "Tomato"
    ],
    "categories": [
      {
        "code": "Fresh Produce",
        "desc": "Fresh Produce"
      }
    ],
    "subCategories": [
      {
        "code": "Fresh Vegetables",
        "desc": "Fresh Vegetables"
      }
    ],
    "brands": [
      {
        "code": "Market Basket",
        "desc": "Market Basket"
      }
    ],
    "price": {
      "basePrice": 6.99,
      "discountPrice": 6.99
    },
    "type": {
      "code": "Tomato",
      "desc": "Tomato"
    },
    "weight": "2 lb",
    "UpcCode": "",
    "tax": 0.0,
    "spiceLevel": "",
    "aiselNo": "20",
    "store": "Market Basket",
    "weightType": "2 lb",
    "imageName": "14379.jpg",
    "defaultImage": "14379.jpg",
    "updatedTimestamp": "Jan 23, 2021 8:02:30 PM",
    "createdTimestamp": "Jan 23, 2021 8:02:30 PM",
    "isNewlyAdded": false,
    "isActive": true,
    "isDealsEnabled": false,
    "quantity": 0
  },
  {
    "id": 6437,
    "code": "Market Basket Diet Cola",
    "desc": "Market Basket Diet Cola",
    "shortDesc": "Market Basket Diet Cola",
    "tags": [
      "Soft Drinks"
    ],
    "categories": [
      {
        "code": "Beverages & Juices",
        "desc": "Beverages & Juices"
      }
    ],
    "subCategories": [
      {
        "code": "Soft Drinks & Seltzers",
        "desc": "Soft Drinks & Seltzers"
      }
    ],
    "brands": [
      {
        "code": "Market Basket",
        "desc": "Market Basket"
      }
    ],
    "price": {
      "basePrice": 2.24,
      "discountPrice": 2.24
    },
    "type": {
      "code": "Soft Drinks",
      "desc": "Soft Drinks"
    },
    "weight": "6 x 8 fl oz",
    "UpcCode": "",
    "tax": 0.0,
    "spiceLevel": "",
    "aiselNo": "17",
    "store": "Market Basket",
    "weightType": "6 x 8 fl oz",
    "imageName": "Market Basket.jpg",
    "defaultImage": "Market Basket.jpg",
    "updatedTimestamp": "Jan 23, 2021 8:02:30 PM",
    "createdTimestamp": "Jan 23, 2021 8:02:30 PM",
    "isNewlyAdded": false,
    "isActive": true,
    "isDealsEnabled": false,
    "quantity": 0
  },
  {
    "id": 9850,
    "code": "Market Basket Cut Corn",
    "desc": "Market Basket Cut Corn",
    "shortDesc": "Market Basket Cut Corn",
    "tags": [
      "Frozen Produce"
    ],
    "categories": [
      {
        "code": "Frozen Food",
        "desc": "Frozen Food"
      }
    ],
    "subCategories": [
      {
        "code": "Frozen Produce",
        "desc": "Frozen Produce"
      }
    ],
    "brands": [
      {
        "code": "Market Basket",
        "desc": "Market Basket"
      }
    ],
    "price": {
      "basePrice": 1.89,
      "discountPrice": 1.89
    },
    "type": {
      "code": "Frozen Produce",
      "desc": "Frozen Produce"
    },
    "weight": "24 oz",
    "UpcCode": "",
    "tax": 0.0,
    "spiceLevel": "",
    "aiselNo": "19",
    "store": "Market Basket",
    "weightType": "24 oz",
    "imageName": "Market Basket.jpg",
    "defaultImage": "Market Basket.jpg",
    "updatedTimestamp": "Jan 23, 2021 8:02:30 PM",
    "createdTimestamp": "Jan 23, 2021 8:02:30 PM",
    "isNewlyAdded": false,
    "isActive": true,
    "isDealsEnabled": false,
    "quantity": 0
  },
  {
    "id": 4725,
    "code": "Market Basket Prime Frozen Turkey",
    "desc": "Market Basket Prime Frozen Turkey",
    "shortDesc": "Market Basket Prime Frozen Turkey",
    "tags": [
      "Turkey Products"
    ],
    "categories": [
      {
        "code": "Meat & Seafood",
        "desc": "Meat & Seafood"
      }
    ],
    "subCategories": [
      {
        "code": "Frozen Meat & Seafood",
        "desc": "Frozen Meat & Seafood"
      }
    ],
    "brands": [
      {
        "code": "Market Basket",
        "desc": "Market Basket"
      }
    ],
    "price": {
      "basePrice": 0.89,
      "discountPrice": 0.89
    },
    "type": {
      "code": "Turkey Products",
      "desc": "Turkey Products"
    },
    "weight": "1 lb",
    "UpcCode": "",
    "tax": 0.0,
    "spiceLevel": "",
    "aiselNo": "18",
    "store": "Market Basket",
    "weightType": "1 lb",
    "imageName": "Market Basket.jpg",
    "defaultImage": "Market Basket.jpg",
    "updatedTimestamp": "Jan 23, 2021 8:02:30 PM",
    "createdTimestamp": "Jan 23, 2021 8:02:30 PM",
    "isNewlyAdded": false,
    "isActive": true,
    "isDealsEnabled": false,
    "quantity": 0
  },
  {
    "id": 14576,
    "code": "Lipton Tea Bags Green Tea",
    "desc": "Lipton Tea Bags Green Tea",
    "shortDesc": "Lipton Tea Bags Green Tea",
    "tags": [
      "Tea"
    ],
    "categories": [
      {
        "code": "Breakfast & Dairy",
        "desc": "Breakfast & Dairy"
      }
    ],
    "subCategories": [
      {
        "code": "Tea & Coffee",
        "desc": "Tea & Coffee"
      }
    ],
    "brands": [
      {
        "code": "Lipton",
        "desc": "Lipton"
      }
    ],
    "price": {
      "basePrice": 3.69,
      "discountPrice": 3.69
    },
    "type": {
      "code": "Tea",
      "desc": "Tea"
    },
    "weight": "40 count",
    "UpcCode": "",
    "tax": 0.0,
    "spiceLevel": "",
    "aiselNo": "8",
    "store": "Market Basket",
    "weightType": "40 count",
    "imageName": "3486.jpg",
    "defaultImage": "3486.jpg",
    "updatedTimestamp": "Jan 23, 2021 8:02:30 PM",
    "createdTimestamp": "Jan 23, 2021 8:02:30 PM",
    "isNewlyAdded": false,
    "isActive": true,
    "isDealsEnabled": false,
    "quantity": 0
  },
  {
    "id": 10081,
    "code": "Haagen Dazs Vanilla Ice Cream",
    "desc": "Haagen Dazs Vanilla Ice Cream",
    "shortDesc": "Haagen Dazs Vanilla Ice Cream",
    "tags": [
      "Ice Cream & Ice"
    ],
    "categories": [
      {
        "code": "Frozen Food",
        "desc": "Frozen Food"
      }
    ],
    "subCategories": [
      {
        "code": "Ice Cream & Ice",
        "desc": "Ice Cream & Ice"
      }
    ],
    "brands": [
      {
        "code": "Haagen-dazs",
        "desc": "Haagen-dazs"
      }
    ],
    "price": {
      "basePrice": 4.79,
      "discountPrice": 4.79
    },
    "type": {
      "code": "Ice Cream & Ice",
      "desc": "Ice Cream & Ice"
    },
    "weight": "14 fl oz",
    "UpcCode": "",
    "tax": 0.0,
    "spiceLevel": "",
    "aiselNo": "21",
    "store": "Market Basket",
    "weightType": "14 fl oz",
    "imageName": "3073.jpg",
    "defaultImage": "3073.jpg",
    "updatedTimestamp": "Jan 23, 2021 8:02:30 PM",
    "createdTimestamp": "Jan 23, 2021 8:02:30 PM",
    "isNewlyAdded": false,
    "isActive": true,
    "isDealsEnabled": false,
    "quantity": 0
  },
  {
    "id": 8280,
    "code": "Cedar Hommus Artichoke Kalamata",
    "desc": "Cedar Hommus Artichoke Kalamata",
    "shortDesc": "Cedar Hommus Artichoke Kalamata",
    "tags": [
      "Hommus"
    ],
    "categories": [
      {
        "code": "Condiments & Dressings",
        "desc": "Condiments & Dressings"
      }
    ],
    "subCategories": [
      {
        "code": "Fresh Dips & Tapenades",
        "desc": "Fresh Dips & Tapenades"
      }
    ],
    "brands": [
      {
        "code": "Cedar",
        "desc": "Cedar"
      }
    ],
    "price": {
      "basePrice": 2.49,
      "discountPrice": 2.49
    },
    "type": {
      "code": "Hommus",
      "desc": "Hommus"
    },
    "weight": "8 oz",
    "UpcCode": "",
    "tax": 0.0,
    "spiceLevel": "",
    "aiselNo": "1",
    "store": "Market Basket",
    "weightType": "8 oz",
    "imageName": "5503.jpg",
    "defaultImage": "5503.jpg",
    "updatedTimestamp": "Jan 23, 2021 8:02:30 PM",
    "createdTimestamp": "Jan 23, 2021 8:02:30 PM",
    "isNewlyAdded": false,
    "isActive": true,
    "isDealsEnabled": false,
    "quantity": 0
  },
  {
    "id": 4021,
    "code": "Compari Tomatoes",
    "desc": "Compari Tomatoes",
    "shortDesc": "Compari Tomatoes",
    "tags": [
      "Tomato"
    ],
    "categories": [
      {
        "code": "Fresh Produce",
        "desc": "Fresh Produce"
      }
    ],
    "subCategories": [
      {
        "code": "Fresh Vegetables",
        "desc": "Fresh Vegetables"
      }
    ],
    "brands": [
      {
        "code": "Market Basket",
        "desc": "Market Basket"
      }
    ],
    "price": {
      "basePrice": 4.89,
      "discountPrice": 4.89
    },
    "type": {
      "code": "Tomato",
      "desc": "Tomato"
    },
    "weight": "1 lb",
    "UpcCode": "",
    "tax": 0.0,
    "spiceLevel": "",
    "aiselNo": "20",
    "store": "Market Basket",
    "weightType": "1 lb",
    "imageName": "f293.jpg",
    "defaultImage": "f293.jpg",
    "updatedTimestamp": "Jan 23, 2021 8:02:30 PM",
    "createdTimestamp": "Jan 23, 2021 8:02:30 PM",
    "isNewlyAdded": false,
    "isActive": true,
    "isDealsEnabled": false,
    "quantity": 0
  },
  {
    "id": 5398,
    "code": "Back to Nature Classic Creme Cookies",
    "desc": "Back to Nature Classic Creme Cookies",
    "shortDesc": "Back to Nature Classic Creme Cookies",
    "tags": [
      "Crackers"
    ],
    "categories": [
      {
        "code": "Chips, Cookies & Snacks",
        "desc": "Chips, Cookies & Snacks"
      }
    ],
    "subCategories": [
      {
        "code": "Cookies & Crackers",
        "desc": "Cookies & Crackers"
      }
    ],
    "brands": [
      {
        "code": "Back to Nature",
        "desc": "Back to Nature"
      }
    ],
    "price": {
      "basePrice": 6.23,
      "discountPrice": 6.23
    },
    "type": {
      "code": "Crackers",
      "desc": "Crackers"
    },
    "weight": "12 oz",
    "UpcCode": "",
    "tax": 0.0,
    "spiceLevel": "",
    "aiselNo": "6",
    "store": "Market Basket",
    "weightType": "12 oz",
    "imageName": "No Image.jpg",
    "defaultImage": "No Image.jpg",
    "updatedTimestamp": "Jan 23, 2021 8:02:30 PM",
    "createdTimestamp": "Jan 23, 2021 8:02:30 PM",
    "isNewlyAdded": false,
    "isActive": true,
    "isDealsEnabled": false,
    "quantity": 0
  },
  {
    "id": 4427,
    "code": "Jordan's Chicken, Pork & Beef Franks",
    "desc": "Jordan's Chicken, Pork & Beef Franks",
    "shortDesc": "Jordan's Chicken, Pork & Beef Franks",
    "tags": [
      "Hot Dogs"
    ],
    "categories": [
      {
        "code": "Meat & Seafood",
        "desc": "Meat & Seafood"
      }
    ],
    "subCategories": [
      {
        "code": "Hot Dogs, Bacon & Sausage",
        "desc": "Hot Dogs, Bacon & Sausage"
      }
    ],
    "brands": [
      {
        "code": "Jodran's",
        "desc": "Jodran's"
      }
    ],
    "price": {
      "basePrice": 7.39,
      "discountPrice": 7.39
    },
    "type": {
      "code": "Hot Dogs",
      "desc": "Hot Dogs"
    },
    "weight": "48 oz",
    "UpcCode": "",
    "tax": 0.0,
    "spiceLevel": "",
    "aiselNo": "1",
    "store": "Market Basket",
    "weightType": "48 oz",
    "imageName": "No Image.jpg",
    "defaultImage": "No Image.jpg",
    "updatedTimestamp": "Jan 23, 2021 8:02:30 PM",
    "createdTimestamp": "Jan 23, 2021 8:02:30 PM",
    "isNewlyAdded": false,
    "isActive": true,
    "isDealsEnabled": false,
    "quantity": 0
  },
  {
    "id": 13947,
    "code": "Jalsberg Cheese",
    "desc": "Jalsberg Cheese",
    "shortDesc": "Jalsberg Cheese",
    "tags": [
      "Specialty Cheeses"
    ],
    "categories": [
      {
        "code": "Breakfast & Dairy",
        "desc": "Breakfast & Dairy"
      }
    ],
    "subCategories": [
      {
        "code": "Dairy & Eggs",
        "desc": "Dairy & Eggs"
      }
    ],
    "brands": [
      {
        "code": "Market Basket",
        "desc": "Market Basket"
      }
    ],
    "price": {
      "basePrice": 8.59,
      "discountPrice": 8.59
    },
    "type": {
      "code": "Specialty Cheeses",
      "desc": "Specialty Cheeses"
    },
    "weight": "1 lb",
    "UpcCode": "",
    "tax": 0.0,
    "spiceLevel": "",
    "aiselNo": "1",
    "store": "Market Basket",
    "weightType": "1 lb",
    "imageName": "Market Basket.jpg",
    "defaultImage": "Market Basket.jpg",
    "updatedTimestamp": "Jan 23, 2021 8:02:30 PM",
    "createdTimestamp": "Jan 23, 2021 8:02:30 PM",
    "isNewlyAdded": false,
    "isActive": true,
    "isDealsEnabled": false,
    "quantity": 0
  },
  {
    "id": 9777,
    "code": "Birds Eye Steamfresh Chef's Favorites Lightly Seasoned Southwestern Corn",
    "desc": "Birds Eye Steamfresh Chef's Favorites Lightly Seasoned Southwestern Corn",
    "shortDesc": "Birds Eye Steamfresh Chef's Favorites Lightly Seasoned Southwestern Corn",
    "tags": [
      "Frozen Produce"
    ],
    "categories": [
      {
        "code": "Frozen Food",
        "desc": "Frozen Food"
      }
    ],
    "subCategories": [
      {
        "code": "Frozen Produce",
        "desc": "Frozen Produce"
      }
    ],
    "brands": [
      {
        "code": "Birds Eye",
        "desc": "Birds Eye"
      }
    ],
    "price": {
      "basePrice": 2.09,
      "discountPrice": 2.09
    },
    "type": {
      "code": "Frozen Produce",
      "desc": "Frozen Produce"
    },
    "weight": "12 oz",
    "UpcCode": "",
    "tax": 0.0,
    "spiceLevel": "",
    "aiselNo": "19",
    "store": "Market Basket",
    "weightType": "12 oz",
    "imageName": "2463.jpg",
    "defaultImage": "2463.jpg",
    "updatedTimestamp": "Jan 23, 2021 8:02:30 PM",
    "createdTimestamp": "Jan 23, 2021 8:02:30 PM",
    "isNewlyAdded": false,
    "isActive": true,
    "isDealsEnabled": false,
    "quantity": 0
  },
  {
    "id": 4371,
    "code": "Spicy Tuna Roll",
    "desc": "Spicy Tuna Roll",
    "shortDesc": "Spicy Tuna Roll",
    "tags": [
      "Tuna"
    ],
    "categories": [
      {
        "code": "Meat & Seafood",
        "desc": "Meat & Seafood"
      }
    ],
    "subCategories": [
      {
        "code": "Meat & Seafood Counter",
        "desc": "Meat & Seafood Counter"
      }
    ],
    "brands": [
      {
        "code": "Market Basket",
        "desc": "Market Basket"
      }
    ],
    "price": {
      "basePrice": 7.79,
      "discountPrice": 7.79
    },
    "type": {
      "code": "Tuna",
      "desc": "Tuna"
    },
    "weight": "1 lb",
    "UpcCode": "",
    "tax": 0.0,
    "spiceLevel": "",
    "aiselNo": "22",
    "store": "Market Basket",
    "weightType": "1 lb",
    "imageName": "Market Basket.jpg",
    "defaultImage": "Market Basket.jpg",
    "updatedTimestamp": "Jan 23, 2021 8:02:30 PM",
    "createdTimestamp": "Jan 23, 2021 8:02:30 PM",
    "isNewlyAdded": false,
    "isActive": true,
    "isDealsEnabled": false,
    "quantity": 0
  },
  {
    "id": 12856,
    "code": "Ruby Bay Quality Nova Bagel Cuts",
    "desc": "Ruby Bay Quality Nova Bagel Cuts",
    "shortDesc": "Ruby Bay Quality Nova Bagel Cuts",
    "tags": [
      "Bagels"
    ],
    "categories": [
      {
        "code": "Breakfast & Dairy",
        "desc": "Breakfast & Dairy"
      }
    ],
    "subCategories": [
      {
        "code": "Breads & Rolls",
        "desc": "Breads & Rolls"
      }
    ],
    "brands": [
      {
        "code": "Ruby Bay",
        "desc": "Ruby Bay"
      }
    ],
    "price": {
      "basePrice": 12.19,
      "discountPrice": 12.19
    },
    "type": {
      "code": "Bagels",
      "desc": "Bagels"
    },
    "weight": "12 oz",
    "UpcCode": "",
    "tax": 0.0,
    "spiceLevel": "",
    "aiselNo": "18",
    "store": "Market Basket",
    "weightType": "12 oz",
    "imageName": "No Image.jpg",
    "defaultImage": "No Image.jpg",
    "updatedTimestamp": "Jan 23, 2021 8:02:30 PM",
    "createdTimestamp": "Jan 23, 2021 8:02:30 PM",
    "isNewlyAdded": false,
    "isActive": true,
    "isDealsEnabled": false,
    "quantity": 0
  },
  {
    "id": 3999,
    "code": "Long Squash (Approx: 2 - 2.5 lb)",
    "desc": "Long Squash (Approx: 2 - 2.5 lb)",
    "shortDesc": "Long Squash (Approx: 2 - 2.5 lb)",
    "tags": [
      "Squash"
    ],
    "categories": [
      {
        "code": "Fresh Produce",
        "desc": "Fresh Produce"
      }
    ],
    "subCategories": [
      {
        "code": "Fresh Vegetables",
        "desc": "Fresh Vegetables"
      }
    ],
    "brands": [
      {
        "code": "Market Basket",
        "desc": "Market Basket"
      }
    ],
    "price": {
      "basePrice": 5.86,
      "discountPrice": 5.86
    },
    "type": {
      "code": "Squash",
      "desc": "Squash"
    },
    "weight": "1 count",
    "UpcCode": "",
    "tax": 0.0,
    "spiceLevel": "",
    "aiselNo": "20",
    "store": "Market Basket",
    "weightType": "1 count",
    "imageName": "f282.jpg",
    "defaultImage": "f282.jpg",
    "updatedTimestamp": "Jan 23, 2021 8:02:30 PM",
    "createdTimestamp": "Jan 23, 2021 8:02:30 PM",
    "isNewlyAdded": false,
    "isActive": true,
    "isDealsEnabled": false,
    "quantity": 0
  },
  {
    "id": 9952,
    "code": "Ben & Jerry's Ice Cream Peanut Butter Cup",
    "desc": "Ben & Jerry's Ice Cream Peanut Butter Cup",
    "shortDesc": "Ben & Jerry's Ice Cream Peanut Butter Cup",
    "tags": [
      "Ice Cream & Ice"
    ],
    "categories": [
      {
        "code": "Frozen Food",
        "desc": "Frozen Food"
      }
    ],
    "subCategories": [
      {
        "code": "Ice Cream & Ice",
        "desc": "Ice Cream & Ice"
      }
    ],
    "brands": [
      {
        "code": "Ben & Jerry's",
        "desc": "Ben & Jerry's"
      }
    ],
    "price": {
      "basePrice": 4.29,
      "discountPrice": 4.29
    },
    "type": {
      "code": "Ice Cream & Ice",
      "desc": "Ice Cream & Ice"
    },
    "weight": "1 pint",
    "UpcCode": "",
    "tax": 0.0,
    "spiceLevel": "",
    "aiselNo": "21",
    "store": "Market Basket",
    "weightType": "1 pint",
    "imageName": "17996.jpg",
    "defaultImage": "17996.jpg",
    "updatedTimestamp": "Jan 23, 2021 8:02:30 PM",
    "createdTimestamp": "Jan 23, 2021 8:02:30 PM",
    "isNewlyAdded": false,
    "isActive": true,
    "isDealsEnabled": false,
    "quantity": 0
  },
  {
    "id": 5068,
    "code": "Market Basket Chocolate Chip Cookies",
    "desc": "Market Basket Chocolate Chip Cookies",
    "shortDesc": "Market Basket Chocolate Chip Cookies",
    "tags": [
      "Cookies & Cakes"
    ],
    "categories": [
      {
        "code": "Chips, Cookies & Snacks",
        "desc": "Chips, Cookies & Snacks"
      }
    ],
    "subCategories": [
      {
        "code": "Cookies & Crackers",
        "desc": "Cookies & Crackers"
      }
    ],
    "brands": [
      {
        "code": "Market Basket",
        "desc": "Market Basket"
      }
    ],
    "price": {
      "basePrice": 3.13,
      "discountPrice": 3.13
    },
    "type": {
      "code": "Cookies & Cakes",
      "desc": "Cookies & Cakes"
    },
    "weight": "11.75 oz",
    "UpcCode": "",
    "tax": 0.0,
    "spiceLevel": "",
    "aiselNo": "6",
    "store": "Market Basket",
    "weightType": "11.75 oz",
    "imageName": "Market Basket.jpg",
    "defaultImage": "Market Basket.jpg",
    "updatedTimestamp": "Jan 23, 2021 8:02:30 PM",
    "createdTimestamp": "Jan 23, 2021 8:02:30 PM",
    "isNewlyAdded": false,
    "isActive": true,
    "isDealsEnabled": false,
    "quantity": 0
  },
  {
    "id": 14444,
    "code": "New England Coffee Eyeopener Blend Ground Coffee",
    "desc": "New England Coffee Eyeopener Blend Ground Coffee",
    "shortDesc": "New England Coffee Eyeopener Blend Ground Coffee",
    "tags": [
      "Coffee"
    ],
    "categories": [
      {
        "code": "Breakfast & Dairy",
        "desc": "Breakfast & Dairy"
      }
    ],
    "subCategories": [
      {
        "code": "Tea & Coffee",
        "desc": "Tea & Coffee"
      }
    ],
    "brands": [
      {
        "code": "New England Coffee",
        "desc": "New England Coffee"
      }
    ],
    "price": {
      "basePrice": 7.39,
      "discountPrice": 7.39
    },
    "type": {
      "code": "Coffee",
      "desc": "Coffee"
    },
    "weight": "9 oz",
    "UpcCode": "",
    "tax": 0.0,
    "spiceLevel": "",
    "aiselNo": "8",
    "store": "Market Basket",
    "weightType": "9 oz",
    "imageName": "3371.jpg",
    "defaultImage": "3371.jpg",
    "updatedTimestamp": "Jan 23, 2021 8:02:30 PM",
    "createdTimestamp": "Jan 23, 2021 8:02:30 PM",
    "isNewlyAdded": false,
    "isActive": true,
    "isDealsEnabled": false,
    "quantity": 0
  },
  {
    "id": 7515,
    "code": "Market Basket No Salt Added Crushed Tomatoes In Heavy Puree",
    "desc": "Market Basket No Salt Added Crushed Tomatoes In Heavy Puree",
    "shortDesc": "Market Basket No Salt Added Crushed Tomatoes In Heavy Puree",
    "tags": [
      "Canned & Jarred Vegetables"
    ],
    "categories": [
      {
        "code": "Cooking Needs",
        "desc": "Cooking Needs"
      }
    ],
    "subCategories": [
      {
        "code": "Canned Food",
        "desc": "Canned Food"
      }
    ],
    "brands": [
      {
        "code": "Market Basket",
        "desc": "Market Basket"
      }
    ],
    "price": {
      "basePrice": 1.29,
      "discountPrice": 1.29
    },
    "type": {
      "code": "Canned & Jarred Vegetables",
      "desc": "Canned & Jarred Vegetables"
    },
    "weight": "28 oz",
    "UpcCode": "",
    "tax": 0.0,
    "spiceLevel": "",
    "aiselNo": "9",
    "store": "Market Basket",
    "weightType": "28 oz",
    "imageName": "Market Basket.jpg",
    "defaultImage": "Market Basket.jpg",
    "updatedTimestamp": "Jan 23, 2021 8:02:30 PM",
    "createdTimestamp": "Jan 23, 2021 8:02:30 PM",
    "isNewlyAdded": false,
    "isActive": true,
    "isDealsEnabled": false,
    "quantity": 0
  },
  {
    "id": 10211,
    "code": "Popsicle Ice Pops Sugar Free Red Classics",
    "desc": "Popsicle Ice Pops Sugar Free Red Classics",
    "shortDesc": "Popsicle Ice Pops Sugar Free Red Classics",
    "tags": [
      "Ice Cream & Ice"
    ],
    "categories": [
      {
        "code": "Frozen Food",
        "desc": "Frozen Food"
      }
    ],
    "subCategories": [
      {
        "code": "Ice Cream & Ice",
        "desc": "Ice Cream & Ice"
      }
    ],
    "brands": [
      {
        "code": "Popsicle",
        "desc": "Popsicle"
      }
    ],
    "price": {
      "basePrice": 3.69,
      "discountPrice": 3.69
    },
    "type": {
      "code": "Ice Cream & Ice",
      "desc": "Ice Cream & Ice"
    },
    "weight": "18 count",
    "UpcCode": "",
    "tax": 0.0,
    "spiceLevel": "",
    "aiselNo": "21",
    "store": "Market Basket",
    "weightType": "18 count",
    "imageName": "18014.jpg",
    "defaultImage": "18014.jpg",
    "updatedTimestamp": "Jan 23, 2021 8:02:30 PM",
    "createdTimestamp": "Jan 23, 2021 8:02:30 PM",
    "isNewlyAdded": false,
    "isActive": true,
    "isDealsEnabled": false,
    "quantity": 0
  },
  {
    "id": 5905,
    "code": "Starbucks Frappuccino Toasted White Chocolate",
    "desc": "Starbucks Frappuccino Toasted White Chocolate",
    "shortDesc": "Starbucks Frappuccino Toasted White Chocolate",
    "tags": [
      "Single To-Go Coffee"
    ],
    "categories": [
      {
        "code": "Beverages & Juices",
        "desc": "Beverages & Juices"
      }
    ],
    "subCategories": [
      {
        "code": "Tea, Coffee, Milk & Coconut Water",
        "desc": "Tea, Coffee, Milk & Coconut Water"
      }
    ],
    "brands": [
      {
        "code": "StarBucks",
        "desc": "StarBucks"
      }
    ],
    "price": {
      "basePrice": 3.36,
      "discountPrice": 3.36
    },
    "type": {
      "code": "Single To-Go Coffee",
      "desc": "Single To-Go Coffee"
    },
    "weight": "13.7 fl oz",
    "UpcCode": "",
    "tax": 0.0,
    "spiceLevel": "",
    "aiselNo": "17",
    "store": "Market Basket",
    "weightType": "13.7 fl oz",
    "imageName": "No Image.jpg",
    "defaultImage": "No Image.jpg",
    "updatedTimestamp": "Jan 23, 2021 8:02:30 PM",
    "createdTimestamp": "Jan 23, 2021 8:02:30 PM",
    "isNewlyAdded": false,
    "isActive": true,
    "isDealsEnabled": false,
    "quantity": 0
  },
  {
    "id": 8279,
    "code": "Cedar Greek Style Yogurt Dip, Buffalo Bleu Cheese",
    "desc": "Cedar Greek Style Yogurt Dip, Buffalo Bleu Cheese",
    "shortDesc": "Cedar Greek Style Yogurt Dip, Buffalo Bleu Cheese",
    "tags": [
      "Fresh Dips & Tapenades"
    ],
    "categories": [
      {
        "code": "Condiments & Dressings",
        "desc": "Condiments & Dressings"
      }
    ],
    "subCategories": [
      {
        "code": "Fresh Dips & Tapenades",
        "desc": "Fresh Dips & Tapenades"
      }
    ],
    "brands": [
      {
        "code": "Cedar",
        "desc": "Cedar"
      }
    ],
    "price": {
      "basePrice": 2.49,
      "discountPrice": 2.49
    },
    "type": {
      "code": "Fresh Dips & Tapenades",
      "desc": "Fresh Dips & Tapenades"
    },
    "weight": "11 oz",
    "UpcCode": "",
    "tax": 0.0,
    "spiceLevel": "",
    "aiselNo": "1",
    "store": "Market Basket",
    "weightType": "11 oz",
    "imageName": "No Image.jpg",
    "defaultImage": "No Image.jpg",
    "updatedTimestamp": "Jan 23, 2021 8:02:30 PM",
    "createdTimestamp": "Jan 23, 2021 8:02:30 PM",
    "isNewlyAdded": false,
    "isActive": true,
    "isDealsEnabled": false,
    "quantity": 0
  },
  {
    "id": 373,
    "code": "Good Cook Skewers, 11-3/4 in",
    "desc": "Good Cook Skewers, 11-3/4 in",
    "shortDesc": "Good Cook Skewers, 11-3/4 in",
    "tags": [
      "Utensils & Kitchen Supplies"
    ],
    "categories": [
      {
        "code": "Kitchen & Cleaning",
        "desc": "Kitchen & Cleaning"
      }
    ],
    "subCategories": [
      {
        "code": "Food Storage & Kitchen Supplies",
        "desc": "Food Storage & Kitchen Supplies"
      }
    ],
    "brands": [
      {
        "code": "Good Cook",
        "desc": "Good Cook"
      }
    ],
    "price": {
      "basePrice": 3.69,
      "discountPrice": 3.69
    },
    "type": {
      "code": "Utensils & Kitchen Supplies",
      "desc": "Utensils & Kitchen Supplies"
    },
    "weight": "100 count",
    "UpcCode": "",
    "tax": 1.0,
    "spiceLevel": "",
    "aiselNo": "12",
    "store": "Market Basket",
    "weightType": "100 count",
    "imageName": "4474.jpg",
    "defaultImage": "4474.jpg",
    "updatedTimestamp": "Jan 23, 2021 8:02:30 PM",
    "createdTimestamp": "Jan 23, 2021 8:02:30 PM",
    "isNewlyAdded": false,
    "isActive": true,
    "isDealsEnabled": false,
    "quantity": 0
  },
  {
    "id": 4313,
    "code": "Market Basket Center Cut Pork Chops Family Pack",
    "desc": "Market Basket Center Cut Pork Chops Family Pack",
    "shortDesc": "Market Basket Center Cut Pork Chops Family Pack",
    "tags": [
      "Pork"
    ],
    "categories": [
      {
        "code": "Meat & Seafood",
        "desc": "Meat & Seafood"
      }
    ],
    "subCategories": [
      {
        "code": "Meat & Seafood Counter",
        "desc": "Meat & Seafood Counter"
      }
    ],
    "brands": [
      {
        "code": "Market Basket",
        "desc": "Market Basket"
      }
    ],
    "price": {
      "basePrice": 3.49,
      "discountPrice": 3.49
    },
    "type": {
      "code": "Pork",
      "desc": "Pork"
    },
    "weight": "1 lb",
    "UpcCode": "",
    "tax": 0.0,
    "spiceLevel": "",
    "aiselNo": "22",
    "store": "Market Basket",
    "weightType": "1 lb",
    "imageName": "Market Basket.jpg",
    "defaultImage": "Market Basket.jpg",
    "updatedTimestamp": "Jan 23, 2021 8:02:30 PM",
    "createdTimestamp": "Jan 23, 2021 8:02:30 PM",
    "isNewlyAdded": false,
    "isActive": true,
    "isDealsEnabled": false,
    "quantity": 0
  },
  {
    "id": 6572,
    "code": "Bolthouse Farms Green Goodness",
    "desc": "Bolthouse Farms Green Goodness",
    "shortDesc": "Bolthouse Farms Green Goodness",
    "tags": [
      "Refrigerated Drinks"
    ],
    "categories": [
      {
        "code": "Beverages & Juices",
        "desc": "Beverages & Juices"
      }
    ],
    "subCategories": [
      {
        "code": "Juices & Refrigerated Drinks",
        "desc": "Juices & Refrigerated Drinks"
      }
    ],
    "brands": [
      {
        "code": "Bolthouse Farms",
        "desc": "Bolthouse Farms"
      }
    ],
    "price": {
      "basePrice": 4.59,
      "discountPrice": 4.59
    },
    "type": {
      "code": "Refrigerated Drinks",
      "desc": "Refrigerated Drinks"
    },
    "weight": "32 fl oz",
    "UpcCode": "",
    "tax": 0.0,
    "spiceLevel": "",
    "aiselNo": "20",
    "store": "Market Basket",
    "weightType": "32 fl oz",
    "imageName": "3828.jpg",
    "defaultImage": "3828.jpg",
    "updatedTimestamp": "Jan 23, 2021 8:02:30 PM",
    "createdTimestamp": "Jan 23, 2021 8:02:30 PM",
    "isNewlyAdded": false,
    "isActive": true,
    "isDealsEnabled": false,
    "quantity": 0
  },
  {
    "id": 10215,
    "code": "Richie's Italian Coconut Ice Cream",
    "desc": "Richie's Italian Coconut Ice Cream",
    "shortDesc": "Richie's Italian Coconut Ice Cream",
    "tags": [
      "Ice Cream & Ice"
    ],
    "categories": [
      {
        "code": "Frozen Food",
        "desc": "Frozen Food"
      }
    ],
    "subCategories": [
      {
        "code": "Ice Cream & Ice",
        "desc": "Ice Cream & Ice"
      }
    ],
    "brands": [
      {
        "code": "Richie's",
        "desc": "Richie's"
      }
    ],
    "price": {
      "basePrice": 1.29,
      "discountPrice": 1.29
    },
    "type": {
      "code": "Ice Cream & Ice",
      "desc": "Ice Cream & Ice"
    },
    "weight": "10 fl oz",
    "UpcCode": "",
    "tax": 0.0,
    "spiceLevel": "",
    "aiselNo": "21",
    "store": "Market Basket",
    "weightType": "10 fl oz",
    "imageName": "Market Basket.jpg",
    "defaultImage": "Market Basket.jpg",
    "updatedTimestamp": "Jan 23, 2021 8:02:30 PM",
    "createdTimestamp": "Jan 23, 2021 8:02:30 PM",
    "isNewlyAdded": false,
    "isActive": true,
    "isDealsEnabled": false,
    "quantity": 0
  },
  {
    "id": 5233,
    "code": "Bachman Butter Twists Pretzels",
    "desc": "Bachman Butter Twists Pretzels",
    "shortDesc": "Bachman Butter Twists Pretzels",
    "tags": [
      "Chips & Pretzels"
    ],
    "categories": [
      {
        "code": "Chips, Cookies & Snacks",
        "desc": "Chips, Cookies & Snacks"
      }
    ],
    "subCategories": [
      {
        "code": "Chips & Fruit Snacks",
        "desc": "Chips & Fruit Snacks"
      }
    ],
    "brands": [
      {
        "code": "Bachman",
        "desc": "Bachman"
      }
    ],
    "price": {
      "basePrice": 3.91,
      "discountPrice": 3.91
    },
    "type": {
      "code": "Chips & Pretzels",
      "desc": "Chips & Pretzels"
    },
    "weight": "10 oz",
    "UpcCode": "",
    "tax": 0.0,
    "spiceLevel": "",
    "aiselNo": "0",
    "store": "Market Basket",
    "weightType": "10 oz",
    "imageName": "No Image.jpg",
    "defaultImage": "No Image.jpg",
    "updatedTimestamp": "Jan 23, 2021 8:02:30 PM",
    "createdTimestamp": "Jan 23, 2021 8:02:30 PM",
    "isNewlyAdded": false,
    "isActive": true,
    "isDealsEnabled": false,
    "quantity": 0
  },
  {
    "id": 5088,
    "code": "Mi Del Vanilla Snaps",
    "desc": "Mi Del Vanilla Snaps",
    "shortDesc": "Mi Del Vanilla Snaps",
    "tags": [
      "Cookies & Cakes"
    ],
    "categories": [
      {
        "code": "Chips, Cookies & Snacks",
        "desc": "Chips, Cookies & Snacks"
      }
    ],
    "subCategories": [
      {
        "code": "Cookies & Crackers",
        "desc": "Cookies & Crackers"
      }
    ],
    "brands": [
      {
        "code": "Mi-Del",
        "desc": "Mi-Del"
      }
    ],
    "price": {
      "basePrice": 5.47,
      "discountPrice": 5.47
    },
    "type": {
      "code": "Cookies & Cakes",
      "desc": "Cookies & Cakes"
    },
    "weight": "10 oz",
    "UpcCode": "",
    "tax": 0.0,
    "spiceLevel": "",
    "aiselNo": "6",
    "store": "Market Basket",
    "weightType": "10 oz",
    "imageName": "No Image.jpg",
    "defaultImage": "No Image.jpg",
    "updatedTimestamp": "Jan 23, 2021 8:02:30 PM",
    "createdTimestamp": "Jan 23, 2021 8:02:30 PM",
    "isNewlyAdded": false,
    "isActive": true,
    "isDealsEnabled": false,
    "quantity": 0
  },
  {
    "id": 241,
    "code": "Market Basket Green Apple Liquid Detergent",
    "desc": "Market Basket Green Apple Liquid Detergent",
    "shortDesc": "Market Basket Green Apple Liquid Detergent",
    "tags": [
      "Dish Liquid"
    ],
    "categories": [
      {
        "code": "Kitchen & Cleaning",
        "desc": "Kitchen & Cleaning"
      }
    ],
    "subCategories": [
      {
        "code": "Dish Detergents",
        "desc": "Dish Detergents"
      }
    ],
    "brands": [
      {
        "code": "Market Basket",
        "desc": "Market Basket"
      }
    ],
    "price": {
      "basePrice": 2.49,
      "discountPrice": 2.49
    },
    "type": {
      "code": "Dish Liquid",
      "desc": "Dish Liquid"
    },
    "weight": "20 fl oz",
    "UpcCode": "",
    "tax": 1.0,
    "spiceLevel": "",
    "aiselNo": "15",
    "store": "Market Basket",
    "weightType": "20 fl oz",
    "imageName": "Market Basket.jpg",
    "defaultImage": "Market Basket.jpg",
    "updatedTimestamp": "Jan 23, 2021 8:02:30 PM",
    "createdTimestamp": "Jan 23, 2021 8:02:30 PM",
    "isNewlyAdded": false,
    "isActive": true,
    "isDealsEnabled": false,
    "quantity": 0
  },
  {
    "id": 14150,
    "code": "Lifeway Blueberry Organic Kefir Natural Cultured Lowfat Milk",
    "desc": "Lifeway Blueberry Organic Kefir Natural Cultured Lowfat Milk",
    "shortDesc": "Lifeway Blueberry Organic Kefir Natural Cultured Lowfat Milk",
    "tags": [
      "Yogurt"
    ],
    "categories": [
      {
        "code": "Breakfast & Dairy",
        "desc": "Breakfast & Dairy"
      }
    ],
    "subCategories": [
      {
        "code": "Dairy & Eggs",
        "desc": "Dairy & Eggs"
      }
    ],
    "brands": [
      {
        "code": "Lifeway",
        "desc": "Lifeway"
      }
    ],
    "price": {
      "basePrice": 3.69,
      "discountPrice": 3.69
    },
    "type": {
      "code": "Yogurt",
      "desc": "Yogurt"
    },
    "weight": "32 fl oz",
    "UpcCode": "",
    "tax": 0.0,
    "spiceLevel": "",
    "aiselNo": "1",
    "store": "Market Basket",
    "weightType": "32 fl oz",
    "imageName": "14642.jpg",
    "defaultImage": "14642.jpg",
    "updatedTimestamp": "Jan 23, 2021 8:02:30 PM",
    "createdTimestamp": "Jan 23, 2021 8:02:30 PM",
    "isNewlyAdded": false,
    "isActive": true,
    "isDealsEnabled": false,
    "quantity": 0
  },
  {
    "id": 10409,
    "code": "Goya Golden Canilla Extra Long Grain Parboiled Rice",
    "desc": "Goya Golden Canilla Extra Long Grain Parboiled Rice",
    "shortDesc": "Goya Golden Canilla Extra Long Grain Parboiled Rice",
    "tags": [
      "Canned Food"
    ],
    "categories": [
      {
        "code": "Cooking Needs",
        "desc": "Cooking Needs"
      }
    ],
    "subCategories": [
      {
        "code": "Canned Food",
        "desc": "Canned Food"
      }
    ],
    "brands": [
      {
        "code": "Goya",
        "desc": "Goya"
      }
    ],
    "price": {
      "basePrice": 6.49,
      "discountPrice": 6.49
    },
    "type": {
      "code": "Canned Food",
      "desc": "Canned Food"
    },
    "weight": "60 oz",
    "UpcCode": "",
    "tax": 0.0,
    "spiceLevel": "",
    "aiselNo": "4",
    "store": "Market Basket",
    "weightType": "60 oz",
    "imageName": "5802.jpg",
    "defaultImage": "5802.jpg",
    "updatedTimestamp": "Jan 23, 2021 8:02:30 PM",
    "createdTimestamp": "Jan 23, 2021 8:02:30 PM",
    "isNewlyAdded": false,
    "isActive": true,
    "isDealsEnabled": false,
    "quantity": 0
  },
  {
    "id": 4787,
    "code": "Market Basket Bay Scallops",
    "desc": "Market Basket Bay Scallops",
    "shortDesc": "Market Basket Bay Scallops",
    "tags": [
      "Frozen Fish (All)"
    ],
    "categories": [
      {
        "code": "Meat & Seafood",
        "desc": "Meat & Seafood"
      }
    ],
    "subCategories": [
      {
        "code": "Frozen Meat & Seafood",
        "desc": "Frozen Meat & Seafood"
      }
    ],
    "brands": [
      {
        "code": "Market Basket",
        "desc": "Market Basket"
      }
    ],
    "price": {
      "basePrice": 8.59,
      "discountPrice": 8.59
    },
    "type": {
      "code": "Frozen Fish (All)",
      "desc": "Frozen Fish (All)"
    },
    "weight": "12 oz",
    "UpcCode": "",
    "tax": 0.0,
    "spiceLevel": "",
    "aiselNo": "18",
    "store": "Market Basket",
    "weightType": "12 oz",
    "imageName": "Market Basket.jpg",
    "defaultImage": "Market Basket.jpg",
    "updatedTimestamp": "Jan 23, 2021 8:02:30 PM",
    "createdTimestamp": "Jan 23, 2021 8:02:30 PM",
    "isNewlyAdded": false,
    "isActive": true,
    "isDealsEnabled": false,
    "quantity": 0
  },
  {
    "id": 10662,
    "code": "Market Basket Tomato Puree",
    "desc": "Market Basket Tomato Puree",
    "shortDesc": "Market Basket Tomato Puree",
    "tags": [
      "Canned & Jarred Vegetables"
    ],
    "categories": [
      {
        "code": "Cooking Needs",
        "desc": "Cooking Needs"
      }
    ],
    "subCategories": [
      {
        "code": "Canned Food",
        "desc": "Canned Food"
      }
    ],
    "brands": [
      {
        "code": "Market Basket",
        "desc": "Market Basket"
      }
    ],
    "price": {
      "basePrice": 1.89,
      "discountPrice": 1.89
    },
    "type": {
      "code": "Canned & Jarred Vegetables",
      "desc": "Canned & Jarred Vegetables"
    },
    "weight": "29 oz",
    "UpcCode": "",
    "tax": 0.0,
    "spiceLevel": "",
    "aiselNo": "4",
    "store": "Market Basket",
    "weightType": "29 oz",
    "imageName": "Market Basket.jpg",
    "defaultImage": "Market Basket.jpg",
    "updatedTimestamp": "Jan 23, 2021 8:02:30 PM",
    "createdTimestamp": "Jan 23, 2021 8:02:30 PM",
    "isNewlyAdded": false,
    "isActive": true,
    "isDealsEnabled": false,
    "quantity": 0
  },
  {
    "id": 15158,
    "code": "Biotene Mouthwash",
    "desc": "Biotene Mouthwash",
    "shortDesc": "Biotene Mouthwash",
    "tags": [
      "Oral Hygiene"
    ],
    "categories": [
      {
        "code": "Personal Care",
        "desc": "Personal Care"
      }
    ],
    "subCategories": [
      {
        "code": "Personal Needs",
        "desc": "Personal Needs"
      }
    ],
    "brands": [
      {
        "code": "Biotene",
        "desc": "Biotene"
      }
    ],
    "price": {
      "basePrice": 14.02,
      "discountPrice": 14.02
    },
    "type": {
      "code": "Oral Hygiene",
      "desc": "Oral Hygiene"
    },
    "weight": "33 oz",
    "UpcCode": "",
    "tax": 1.0,
    "spiceLevel": "",
    "aiselNo": "13",
    "store": "Market Basket",
    "weightType": "33 oz",
    "imageName": "17769.jpg",
    "defaultImage": "17769.jpg",
    "updatedTimestamp": "Jan 23, 2021 8:02:30 PM",
    "createdTimestamp": "Jan 23, 2021 8:02:30 PM",
    "isNewlyAdded": false,
    "isActive": true,
    "isDealsEnabled": false,
    "quantity": 0
  },
  {
    "id": 3839,
    "code": "Organic Spaghetti Squash",
    "desc": "Organic Spaghetti Squash",
    "shortDesc": "Organic Spaghetti Squash",
    "tags": [
      "Squash"
    ],
    "categories": [
      {
        "code": "Fresh Produce",
        "desc": "Fresh Produce"
      }
    ],
    "subCategories": [
      {
        "code": "Fresh Organic Vegetables",
        "desc": "Fresh Organic Vegetables"
      }
    ],
    "brands": [
      {
        "code": "Market Basket",
        "desc": "Market Basket"
      }
    ],
    "price": {
      "basePrice": 8.59,
      "discountPrice": 8.59
    },
    "type": {
      "code": "Squash",
      "desc": "Squash"
    },
    "weight": "1 count",
    "UpcCode": "",
    "tax": 0.0,
    "spiceLevel": "",
    "aiselNo": "20",
    "store": "Market Basket",
    "weightType": "1 count",
    "imageName": "14392.jpg",
    "defaultImage": "14392.jpg",
    "updatedTimestamp": "Jan 23, 2021 8:02:30 PM",
    "createdTimestamp": "Jan 23, 2021 8:02:30 PM",
    "isNewlyAdded": false,
    "isActive": true,
    "isDealsEnabled": false,
    "quantity": 0
  },
  {
    "id": 14699,
    "code": "Ivory Simply Ivory Body Wash",
    "desc": "Ivory Simply Ivory Body Wash",
    "shortDesc": "Ivory Simply Ivory Body Wash",
    "tags": [
      "Body Wash"
    ],
    "categories": [
      {
        "code": "Personal Care",
        "desc": "Personal Care"
      }
    ],
    "subCategories": [
      {
        "code": "Body Wash, Soap & Hair Care",
        "desc": "Body Wash, Soap & Hair Care"
      }
    ],
    "brands": [
      {
        "code": "Ivory",
        "desc": "Ivory"
      }
    ],
    "price": {
      "basePrice": 3.21,
      "discountPrice": 3.21
    },
    "type": {
      "code": "Body Wash",
      "desc": "Body Wash"
    },
    "weight": "12 oz",
    "UpcCode": "",
    "tax": 1.0,
    "spiceLevel": "",
    "aiselNo": "13",
    "store": "Market Basket",
    "weightType": "12 oz",
    "imageName": "No Image.jpg",
    "defaultImage": "No Image.jpg",
    "updatedTimestamp": "Jan 23, 2021 8:02:30 PM",
    "createdTimestamp": "Jan 23, 2021 8:02:30 PM",
    "isNewlyAdded": false,
    "isActive": true,
    "isDealsEnabled": false,
    "quantity": 0
  },
  {
    "id": 5676,
    "code": "Trident Sugar Free Gum Perfect Peppermint Flavored",
    "desc": "Trident Sugar Free Gum Perfect Peppermint Flavored",
    "shortDesc": "Trident Sugar Free Gum Perfect Peppermint Flavored",
    "tags": [
      "Mint & Gum"
    ],
    "categories": [
      {
        "code": "Chips, Cookies & Snacks",
        "desc": "Chips, Cookies & Snacks"
      }
    ],
    "subCategories": [
      {
        "code": "Candy & Chocolates",
        "desc": "Candy & Chocolates"
      }
    ],
    "brands": [
      {
        "code": "Trident",
        "desc": "Trident"
      }
    ],
    "price": {
      "basePrice": 3.09,
      "discountPrice": 3.09
    },
    "type": {
      "code": "Mint & Gum",
      "desc": "Mint & Gum"
    },
    "weight": "3 x ct",
    "UpcCode": "",
    "tax": 0.0,
    "spiceLevel": "",
    "aiselNo": "3",
    "store": "Market Basket",
    "weightType": "3 x ct",
    "imageName": "1482.jpg",
    "defaultImage": "1482.jpg",
    "updatedTimestamp": "Jan 23, 2021 8:02:30 PM",
    "createdTimestamp": "Jan 23, 2021 8:02:30 PM",
    "isNewlyAdded": false,
    "isActive": true,
    "isDealsEnabled": false,
    "quantity": 0
  },
  {
    "id": 4962,
    "code": "Sun Chips 100% Whole Grain Original Sweet Potato & Brown Sugar",
    "desc": "Sun Chips 100% Whole Grain Original Sweet Potato & Brown Sugar",
    "shortDesc": "Sun Chips 100% Whole Grain Original Sweet Potato & Brown Sugar",
    "tags": [
      "Chips & Pretzels"
    ],
    "categories": [
      {
        "code": "Chips, Cookies & Snacks",
        "desc": "Chips, Cookies & Snacks"
      }
    ],
    "subCategories": [
      {
        "code": "Chips & Fruit Snacks",
        "desc": "Chips & Fruit Snacks"
      }
    ],
    "brands": [
      {
        "code": "Sun Chips",
        "desc": "Sun Chips"
      }
    ],
    "price": {
      "basePrice": 5.14,
      "discountPrice": 5.14
    },
    "type": {
      "code": "Chips & Pretzels",
      "desc": "Chips & Pretzels"
    },
    "weight": "7 oz",
    "UpcCode": "",
    "tax": 0.0,
    "spiceLevel": "",
    "aiselNo": "0",
    "store": "Market Basket",
    "weightType": "7 oz",
    "imageName": "No Image.jpg",
    "defaultImage": "No Image.jpg",
    "updatedTimestamp": "Jan 23, 2021 8:02:30 PM",
    "createdTimestamp": "Jan 23, 2021 8:02:30 PM",
    "isNewlyAdded": false,
    "isActive": true,
    "isDealsEnabled": false,
    "quantity": 0
  },
  {
    "id": 9339,
    "code": "Edwards Limited Edition Creme Pie Pumpkin",
    "desc": "Edwards Limited Edition Creme Pie Pumpkin",
    "shortDesc": "Edwards Limited Edition Creme Pie Pumpkin",
    "tags": [
      "Frozen Dessert"
    ],
    "categories": [
      {
        "code": "Frozen Food",
        "desc": "Frozen Food"
      }
    ],
    "subCategories": [
      {
        "code": "Frozen Dessert",
        "desc": "Frozen Dessert"
      }
    ],
    "brands": [
      {
        "code": "Edwards",
        "desc": "Edwards"
      }
    ],
    "price": {
      "basePrice": 7.39,
      "discountPrice": 7.39
    },
    "type": {
      "code": "Frozen Dessert",
      "desc": "Frozen Dessert"
    },
    "weight": "25.9 oz",
    "UpcCode": "",
    "tax": 0.0,
    "spiceLevel": "",
    "aiselNo": "19",
    "store": "Market Basket",
    "weightType": "25.9 oz",
    "imageName": "16064.jpg",
    "defaultImage": "16064.jpg",
    "updatedTimestamp": "Jan 23, 2021 8:02:30 PM",
    "createdTimestamp": "Jan 23, 2021 8:02:30 PM",
    "isNewlyAdded": false,
    "isActive": true,
    "isDealsEnabled": false,
    "quantity": 0
  },
  {
    "id": 10052,
    "code": "Friendly's Strawberry Cake Krunch Ice Cream Bar",
    "desc": "Friendly's Strawberry Cake Krunch Ice Cream Bar",
    "shortDesc": "Friendly's Strawberry Cake Krunch Ice Cream Bar",
    "tags": [
      "Ice Cream & Ice"
    ],
    "categories": [
      {
        "code": "Frozen Food",
        "desc": "Frozen Food"
      }
    ],
    "subCategories": [
      {
        "code": "Ice Cream & Ice",
        "desc": "Ice Cream & Ice"
      }
    ],
    "brands": [
      {
        "code": "Friendly's",
        "desc": "Friendly's"
      }
    ],
    "price": {
      "basePrice": 3.69,
      "discountPrice": 3.69
    },
    "type": {
      "code": "Ice Cream & Ice",
      "desc": "Ice Cream & Ice"
    },
    "weight": "6 x 2.75 fl oz",
    "UpcCode": "",
    "tax": 0.0,
    "spiceLevel": "",
    "aiselNo": "21",
    "store": "Market Basket",
    "weightType": "6 x 2.75 fl oz",
    "imageName": "3062.jpg",
    "defaultImage": "3062.jpg",
    "updatedTimestamp": "Jan 23, 2021 8:02:30 PM",
    "createdTimestamp": "Jan 23, 2021 8:02:30 PM",
    "isNewlyAdded": false,
    "isActive": true,
    "isDealsEnabled": false,
    "quantity": 0
  },
  {
    "id": 4310,
    "code": "Market Basket Boneless Center Cut Pork Roast",
    "desc": "Market Basket Boneless Center Cut Pork Roast",
    "shortDesc": "Market Basket Boneless Center Cut Pork Roast",
    "tags": [
      "Pork"
    ],
    "categories": [
      {
        "code": "Meat & Seafood",
        "desc": "Meat & Seafood"
      }
    ],
    "subCategories": [
      {
        "code": "Meat & Seafood Counter",
        "desc": "Meat & Seafood Counter"
      }
    ],
    "brands": [
      {
        "code": "Market Basket",
        "desc": "Market Basket"
      }
    ],
    "price": {
      "basePrice": 9.2,
      "discountPrice": 9.2
    },
    "type": {
      "code": "Pork",
      "desc": "Pork"
    },
    "weight": "Approx: 2.25 lb at $4.09/lb",
    "UpcCode": "",
    "tax": 0.0,
    "spiceLevel": "",
    "aiselNo": "22",
    "store": "Market Basket",
    "weightType": "Approx: 2.25 lb at $4.09/lb",
    "imageName": "Market Basket.jpg",
    "defaultImage": "Market Basket.jpg",
    "updatedTimestamp": "Jan 23, 2021 8:02:30 PM",
    "createdTimestamp": "Jan 23, 2021 8:02:30 PM",
    "isNewlyAdded": false,
    "isActive": true,
    "isDealsEnabled": false,
    "quantity": 0
  },
  {
    "id": 6493,
    "code": "Bob's Red Mill Premium Shelled Sunflower Seeds",
    "desc": "Bob's Red Mill Premium Shelled Sunflower Seeds",
    "shortDesc": "Bob's Red Mill Premium Shelled Sunflower Seeds",
    "tags": [
      "Nuts, Seeds & Dried Fruit"
    ],
    "categories": [
      {
        "code": "Chips, Cookies & Snacks",
        "desc": "Chips, Cookies & Snacks"
      }
    ],
    "subCategories": [
      {
        "code": "Nuts, Seeds & Dried Fruit",
        "desc": "Nuts, Seeds & Dried Fruit"
      }
    ],
    "brands": [
      {
        "code": "Bob's Red Mill",
        "desc": "Bob's Red Mill"
      }
    ],
    "price": {
      "basePrice": 2.5,
      "discountPrice": 2.5
    },
    "type": {
      "code": "Nuts, Seeds & Dried Fruit",
      "desc": "Nuts, Seeds & Dried Fruit"
    },
    "weight": "10 oz",
    "UpcCode": "",
    "tax": 0.0,
    "spiceLevel": "",
    "aiselNo": "6",
    "store": "Market Basket",
    "weightType": "10 oz",
    "imageName": "No Image.jpg",
    "defaultImage": "No Image.jpg",
    "updatedTimestamp": "Jan 23, 2021 8:02:30 PM",
    "createdTimestamp": "Jan 23, 2021 8:02:30 PM",
    "isNewlyAdded": false,
    "isActive": true,
    "isDealsEnabled": false,
    "quantity": 0
  },
  {
    "id": 394,
    "code": "Planet Laundry Detergent, 2x Ultra, Free & Clear",
    "desc": "Planet Laundry Detergent, 2x Ultra, Free & Clear",
    "shortDesc": "Planet Laundry Detergent, 2x Ultra, Free & Clear",
    "tags": [
      "Laundry Detergent"
    ],
    "categories": [
      {
        "code": "Laundry & Paper Goods",
        "desc": "Laundry & Paper Goods"
      }
    ],
    "subCategories": [
      {
        "code": "Laundry",
        "desc": "Laundry"
      }
    ],
    "brands": [
      {
        "code": "Planet",
        "desc": "Planet"
      }
    ],
    "price": {
      "basePrice": 12.49,
      "discountPrice": 12.49
    },
    "type": {
      "code": "Laundry Detergent",
      "desc": "Laundry Detergent"
    },
    "weight": "50 oz",
    "UpcCode": "",
    "tax": 1.0,
    "spiceLevel": "",
    "aiselNo": "15",
    "store": "Market Basket",
    "weightType": "50 oz",
    "imageName": "16875.jpg",
    "defaultImage": "16875.jpg",
    "updatedTimestamp": "Jan 23, 2021 8:02:30 PM",
    "createdTimestamp": "Jan 23, 2021 8:02:30 PM",
    "isNewlyAdded": false,
    "isActive": true,
    "isDealsEnabled": false,
    "quantity": 0
  },
  {
    "id": 14716,
    "code": "NeutrogenaÂ® Norwegian Formula Hand Cream Fragrance Free",
    "desc": "NeutrogenaÂ® Norwegian Formula Hand Cream Fragrance Free",
    "shortDesc": "NeutrogenaÂ® Norwegian Formula Hand Cream Fragrance Free",
    "tags": [
      "Cream"
    ],
    "categories": [
      {
        "code": "Personal Care",
        "desc": "Personal Care"
      }
    ],
    "subCategories": [
      {
        "code": "Body Wash, Soap & Hair Care",
        "desc": "Body Wash, Soap & Hair Care"
      }
    ],
    "brands": [
      {
        "code": "Neutrogena",
        "desc": "Neutrogena"
      }
    ],
    "price": {
      "basePrice": 6.77,
      "discountPrice": 6.77
    },
    "type": {
      "code": "Cream",
      "desc": "Cream"
    },
    "weight": "2 oz",
    "UpcCode": "",
    "tax": 1.0,
    "spiceLevel": "",
    "aiselNo": "13",
    "store": "Market Basket",
    "weightType": "2 oz",
    "imageName": "17712.jpg",
    "defaultImage": "17712.jpg",
    "updatedTimestamp": "Jan 23, 2021 8:02:30 PM",
    "createdTimestamp": "Jan 23, 2021 8:02:30 PM",
    "isNewlyAdded": false,
    "isActive": true,
    "isDealsEnabled": false,
    "quantity": 0
  },
  {
    "id": 5258,
    "code": "Kettle Brand Potato Chips Honey Dijon",
    "desc": "Kettle Brand Potato Chips Honey Dijon",
    "shortDesc": "Kettle Brand Potato Chips Honey Dijon",
    "tags": [
      "Chips & Pretzels"
    ],
    "categories": [
      {
        "code": "Chips, Cookies & Snacks",
        "desc": "Chips, Cookies & Snacks"
      }
    ],
    "subCategories": [
      {
        "code": "Chips & Fruit Snacks",
        "desc": "Chips & Fruit Snacks"
      }
    ],
    "brands": [
      {
        "code": "Kettle",
        "desc": "Kettle"
      }
    ],
    "price": {
      "basePrice": 4.69,
      "discountPrice": 4.69
    },
    "type": {
      "code": "Chips & Pretzels",
      "desc": "Chips & Pretzels"
    },
    "weight": "8.5 oz",
    "UpcCode": "",
    "tax": 0.0,
    "spiceLevel": "",
    "aiselNo": "0",
    "store": "Market Basket",
    "weightType": "8.5 oz",
    "imageName": "No Image.jpg",
    "defaultImage": "No Image.jpg",
    "updatedTimestamp": "Jan 23, 2021 8:02:30 PM",
    "createdTimestamp": "Jan 23, 2021 8:02:30 PM",
    "isNewlyAdded": false,
    "isActive": true,
    "isDealsEnabled": false,
    "quantity": 0
  },
  {
    "id": 5860,
    "code": "Mrs. Richardson's Toppings Butterscotch Caramel",
    "desc": "Mrs. Richardson's Toppings Butterscotch Caramel",
    "shortDesc": "Mrs. Richardson's Toppings Butterscotch Caramel",
    "tags": [
      "Ice Cream Toppings"
    ],
    "categories": [
      {
        "code": "Richardson's Farm Ice Cream",
        "desc": "Richardson's Farm Ice Cream"
      }
    ],
    "subCategories": [
      {
        "code": "Ice Cream Toppings",
        "desc": "Ice Cream Toppings"
      }
    ],
    "brands": [
      {
        "code": "Mrs. Richardson's",
        "desc": "Mrs. Richardson's"
      }
    ],
    "price": {
      "basePrice": 3.09,
      "discountPrice": 3.09
    },
    "type": {
      "code": "Ice Cream Toppings",
      "desc": "Ice Cream Toppings"
    },
    "weight": "17 oz",
    "UpcCode": "",
    "tax": 0.0,
    "spiceLevel": "",
    "aiselNo": "20",
    "store": "Market Basket",
    "weightType": "17 oz",
    "imageName": "1345.jpg",
    "defaultImage": "1345.jpg",
    "updatedTimestamp": "Jan 23, 2021 8:02:30 PM",
    "createdTimestamp": "Jan 23, 2021 8:02:30 PM",
    "isNewlyAdded": false,
    "isActive": true,
    "isDealsEnabled": false,
    "quantity": 0
  },
  {
    "id": 8611,
    "code": "Goya Alcaparrado, Pimientos & Capers Manzanilla Olives",
    "desc": "Goya Alcaparrado, Pimientos & Capers Manzanilla Olives",
    "shortDesc": "Goya Alcaparrado, Pimientos & Capers Manzanilla Olives",
    "tags": [
      "Pickled Goods & Olives"
    ],
    "categories": [
      {
        "code": "Condiments & Dressings",
        "desc": "Condiments & Dressings"
      }
    ],
    "subCategories": [
      {
        "code": "Pickled Goods & Olives",
        "desc": "Pickled Goods & Olives"
      }
    ],
    "brands": [
      {
        "code": "Goya",
        "desc": "Goya"
      }
    ],
    "price": {
      "basePrice": 4.89,
      "discountPrice": 4.89
    },
    "type": {
      "code": "Pickled Goods & Olives",
      "desc": "Pickled Goods & Olives"
    },
    "weight": "20 oz",
    "UpcCode": "",
    "tax": 0.0,
    "spiceLevel": "",
    "aiselNo": "7",
    "store": "Market Basket",
    "weightType": "20 oz",
    "imageName": "1869.jpg",
    "defaultImage": "1869.jpg",
    "updatedTimestamp": "Jan 23, 2021 8:02:30 PM",
    "createdTimestamp": "Jan 23, 2021 8:02:30 PM",
    "isNewlyAdded": false,
    "isActive": true,
    "isDealsEnabled": false,
    "quantity": 0
  },
  {
    "id": 9872,
    "code": "Market Basket Peking Stir Fry",
    "desc": "Market Basket Peking Stir Fry",
    "shortDesc": "Market Basket Peking Stir Fry",
    "tags": [
      "Frozen Produce"
    ],
    "categories": [
      {
        "code": "Frozen Food",
        "desc": "Frozen Food"
      }
    ],
    "subCategories": [
      {
        "code": "Frozen Produce",
        "desc": "Frozen Produce"
      }
    ],
    "brands": [
      {
        "code": "Market Basket",
        "desc": "Market Basket"
      }
    ],
    "price": {
      "basePrice": 1.69,
      "discountPrice": 1.69
    },
    "type": {
      "code": "Frozen Produce",
      "desc": "Frozen Produce"
    },
    "weight": "16 oz",
    "UpcCode": "",
    "tax": 0.0,
    "spiceLevel": "",
    "aiselNo": "19",
    "store": "Market Basket",
    "weightType": "16 oz",
    "imageName": "Market Basket.jpg",
    "defaultImage": "Market Basket.jpg",
    "updatedTimestamp": "Jan 23, 2021 8:02:30 PM",
    "createdTimestamp": "Jan 23, 2021 8:02:30 PM",
    "isNewlyAdded": false,
    "isActive": true,
    "isDealsEnabled": false,
    "quantity": 0
  },
  {
    "id": 5073,
    "code": "Market Basket Duplex Creme Cookies",
    "desc": "Market Basket Duplex Creme Cookies",
    "shortDesc": "Market Basket Duplex Creme Cookies",
    "tags": [
      "Cookies & Cakes"
    ],
    "categories": [
      {
        "code": "Chips, Cookies & Snacks",
        "desc": "Chips, Cookies & Snacks"
      }
    ],
    "subCategories": [
      {
        "code": "Cookies & Crackers",
        "desc": "Cookies & Crackers"
      }
    ],
    "brands": [
      {
        "code": "Market Basket",
        "desc": "Market Basket"
      }
    ],
    "price": {
      "basePrice": 2.34,
      "discountPrice": 2.34
    },
    "type": {
      "code": "Cookies & Cakes",
      "desc": "Cookies & Cakes"
    },
    "weight": "25 oz",
    "UpcCode": "",
    "tax": 0.0,
    "spiceLevel": "",
    "aiselNo": "6",
    "store": "Market Basket",
    "weightType": "25 oz",
    "imageName": "Market Basket.jpg",
    "defaultImage": "Market Basket.jpg",
    "updatedTimestamp": "Jan 23, 2021 8:02:30 PM",
    "createdTimestamp": "Jan 23, 2021 8:02:30 PM",
    "isNewlyAdded": false,
    "isActive": true,
    "isDealsEnabled": false,
    "quantity": 0
  },
  {
    "id": 15157,
    "code": "Arm & Hammer Truly Radiant Rejuvenating Crisp Mint Twist Fluoride Anticavity",
    "desc": "Arm & Hammer Truly Radiant Rejuvenating Crisp Mint Twist Fluoride Anticavity",
    "shortDesc": "Arm & Hammer Truly Radiant Rejuvenating Crisp Mint Twist Fluoride Anticavity",
    "tags": [
      "Oral Hygiene"
    ],
    "categories": [
      {
        "code": "Personal Care",
        "desc": "Personal Care"
      }
    ],
    "subCategories": [
      {
        "code": "Personal Needs",
        "desc": "Personal Needs"
      }
    ],
    "brands": [
      {
        "code": "Arm & Hammer",
        "desc": "Arm & Hammer"
      }
    ],
    "price": {
      "basePrice": 5.62,
      "discountPrice": 5.62
    },
    "type": {
      "code": "Oral Hygiene",
      "desc": "Oral Hygiene"
    },
    "weight": "4.3 oz",
    "UpcCode": "",
    "tax": 1.0,
    "spiceLevel": "",
    "aiselNo": "13",
    "store": "Market Basket",
    "weightType": "4.3 oz",
    "imageName": "6440.jpg",
    "defaultImage": "6440.jpg",
    "updatedTimestamp": "Jan 23, 2021 8:02:30 PM",
    "createdTimestamp": "Jan 23, 2021 8:02:30 PM",
    "isNewlyAdded": false,
    "isActive": true,
    "isDealsEnabled": false,
    "quantity": 0
  },
  {
    "id": 3797,
    "code": "Infinite Herbs Organic Lemongrass Herb",
    "desc": "Infinite Herbs Organic Lemongrass Herb",
    "shortDesc": "Infinite Herbs Organic Lemongrass Herb",
    "tags": [
      "Lemongrass"
    ],
    "categories": [
      {
        "code": "Fresh Produce",
        "desc": "Fresh Produce"
      }
    ],
    "subCategories": [
      {
        "code": "Fresh Organic Herbs",
        "desc": "Fresh Organic Herbs"
      }
    ],
    "brands": [
      {
        "code": "Infinite Herbs",
        "desc": "Infinite Herbs"
      }
    ],
    "price": {
      "basePrice": 2.4,
      "discountPrice": 2.4
    },
    "type": {
      "code": "Lemongrass",
      "desc": "Lemongrass"
    },
    "weight": "1 oz",
    "UpcCode": "",
    "tax": 0.0,
    "spiceLevel": "",
    "aiselNo": "20",
    "store": "Market Basket",
    "weightType": "1 oz",
    "imageName": "No Image.jpg",
    "defaultImage": "No Image.jpg",
    "updatedTimestamp": "Jan 23, 2021 8:02:30 PM",
    "createdTimestamp": "Jan 23, 2021 8:02:30 PM",
    "isNewlyAdded": false,
    "isActive": true,
    "isDealsEnabled": false,
    "quantity": 0
  },
  {
    "id": 7922,
    "code": "Campbell's Chicken Gravy",
    "desc": "Campbell's Chicken Gravy",
    "shortDesc": "Campbell's Chicken Gravy",
    "tags": [
      "Soup, Broth & Bouillon"
    ],
    "categories": [
      {
        "code": "Cooking Needs",
        "desc": "Cooking Needs"
      }
    ],
    "subCategories": [
      {
        "code": "Canned Food",
        "desc": "Canned Food"
      }
    ],
    "brands": [
      {
        "code": "Campbell's",
        "desc": "Campbell's"
      }
    ],
    "price": {
      "basePrice": 1.89,
      "discountPrice": 1.89
    },
    "type": {
      "code": "Soup, Broth & Bouillon",
      "desc": "Soup, Broth & Bouillon"
    },
    "weight": "10.5 oz",
    "UpcCode": "",
    "tax": 0.0,
    "spiceLevel": "",
    "aiselNo": "2",
    "store": "Market Basket",
    "weightType": "10.5 oz",
    "imageName": "5376.jpg",
    "defaultImage": "5376.jpg",
    "updatedTimestamp": "Jan 23, 2021 8:02:30 PM",
    "createdTimestamp": "Jan 23, 2021 8:02:30 PM",
    "isNewlyAdded": false,
    "isActive": true,
    "isDealsEnabled": false,
    "quantity": 0
  },
  {
    "id": 13277,
    "code": "Country Crock Vegetable Oil Spread Tub Original",
    "desc": "Country Crock Vegetable Oil Spread Tub Original",
    "shortDesc": "Country Crock Vegetable Oil Spread Tub Original",
    "tags": [
      "Butter"
    ],
    "categories": [
      {
        "code": "Breakfast & Dairy",
        "desc": "Breakfast & Dairy"
      }
    ],
    "subCategories": [
      {
        "code": "Dairy & Eggs",
        "desc": "Dairy & Eggs"
      }
    ],
    "brands": [
      {
        "code": "Country Crock",
        "desc": "Country Crock"
      }
    ],
    "price": {
      "basePrice": 4.29,
      "discountPrice": 4.29
    },
    "type": {
      "code": "Butter",
      "desc": "Butter"
    },
    "weight": "45 oz",
    "UpcCode": "",
    "tax": 0.0,
    "spiceLevel": "",
    "aiselNo": "1",
    "store": "Market Basket",
    "weightType": "45 oz",
    "imageName": "650.jpg",
    "defaultImage": "650.jpg",
    "updatedTimestamp": "Jan 23, 2021 8:02:30 PM",
    "createdTimestamp": "Jan 23, 2021 8:02:30 PM",
    "isNewlyAdded": false,
    "isActive": true,
    "isDealsEnabled": false,
    "quantity": 0
  },
  {
    "id": 10192,
    "code": "Outshine Pineapple Fruit Bars",
    "desc": "Outshine Pineapple Fruit Bars",
    "shortDesc": "Outshine Pineapple Fruit Bars",
    "tags": [
      "Ice Cream & Ice"
    ],
    "categories": [
      {
        "code": "Frozen Food",
        "desc": "Frozen Food"
      }
    ],
    "subCategories": [
      {
        "code": "Ice Cream & Ice",
        "desc": "Ice Cream & Ice"
      }
    ],
    "brands": [
      {
        "code": "Outshine",
        "desc": "Outshine"
      }
    ],
    "price": {
      "basePrice": 4.29,
      "discountPrice": 4.29
    },
    "type": {
      "code": "Ice Cream & Ice",
      "desc": "Ice Cream & Ice"
    },
    "weight": "6 x 14.7 fl oz",
    "UpcCode": "",
    "tax": 0.0,
    "spiceLevel": "",
    "aiselNo": "21",
    "store": "Market Basket",
    "weightType": "6 x 14.7 fl oz",
    "imageName": "3156.jpg",
    "defaultImage": "3156.jpg",
    "updatedTimestamp": "Jan 23, 2021 8:02:30 PM",
    "createdTimestamp": "Jan 23, 2021 8:02:30 PM",
    "isNewlyAdded": false,
    "isActive": true,
    "isDealsEnabled": false,
    "quantity": 0
  },
  {
    "id": 10135,
    "code": "Lindy's Homemade Italian Ice Tropical Combo (Mango/Pineapple)",
    "desc": "Lindy's Homemade Italian Ice Tropical Combo (Mango/Pineapple)",
    "shortDesc": "Lindy's Homemade Italian Ice Tropical Combo (Mango/Pineapple)",
    "tags": [
      "Ice Cream & Ice"
    ],
    "categories": [
      {
        "code": "Frozen Food",
        "desc": "Frozen Food"
      }
    ],
    "subCategories": [
      {
        "code": "Ice Cream & Ice",
        "desc": "Ice Cream & Ice"
      }
    ],
    "brands": [
      {
        "code": "Lindy's",
        "desc": "Lindy's"
      }
    ],
    "price": {
      "basePrice": 2.49,
      "discountPrice": 2.49
    },
    "type": {
      "code": "Ice Cream & Ice",
      "desc": "Ice Cream & Ice"
    },
    "weight": "6 fl oz",
    "UpcCode": "",
    "tax": 0.0,
    "spiceLevel": "",
    "aiselNo": "21",
    "store": "Market Basket",
    "weightType": "6 fl oz",
    "imageName": "16083.jpg",
    "defaultImage": "16083.jpg",
    "updatedTimestamp": "Jan 23, 2021 8:02:30 PM",
    "createdTimestamp": "Jan 23, 2021 8:02:30 PM",
    "isNewlyAdded": false,
    "isActive": true,
    "isDealsEnabled": false,
    "quantity": 0
  },
  {
    "id": 413,
    "code": "Market Basket Bathroom tissue",
    "desc": "Market Basket Bathroom tissue",
    "shortDesc": "Market Basket Bathroom tissue",
    "tags": [
      "Bathroom Tissues / Toilet Paper"
    ],
    "categories": [
      {
        "code": "Laundry & Paper Goods",
        "desc": "Laundry & Paper Goods"
      }
    ],
    "subCategories": [
      {
        "code": "Paper Goods",
        "desc": "Paper Goods"
      }
    ],
    "brands": [
      {
        "code": "Market Basket",
        "desc": "Market Basket"
      }
    ],
    "price": {
      "basePrice": 1.24,
      "discountPrice": 1.24
    },
    "type": {
      "code": "Bathroom Tissues / Toilet Paper",
      "desc": "Bathroom Tissues / Toilet Paper"
    },
    "weight": "1 unit",
    "UpcCode": "",
    "tax": 1.0,
    "spiceLevel": "",
    "aiselNo": "14",
    "store": "Market Basket",
    "weightType": "1 unit",
    "imageName": "Market Basket.jpg",
    "defaultImage": "Market Basket.jpg",
    "updatedTimestamp": "Jan 23, 2021 8:02:30 PM",
    "createdTimestamp": "Jan 23, 2021 8:02:30 PM",
    "isNewlyAdded": false,
    "isActive": true,
    "isDealsEnabled": false,
    "quantity": 0
  },
  {
    "id": 3914,
    "code": "Auerpak White Pearl Onions",
    "desc": "Auerpak White Pearl Onions",
    "shortDesc": "Auerpak White Pearl Onions",
    "tags": [
      "Pearl Onion"
    ],
    "categories": [
      {
        "code": "Fresh Produce",
        "desc": "Fresh Produce"
      }
    ],
    "subCategories": [
      {
        "code": "Fresh Vegetables",
        "desc": "Fresh Vegetables"
      }
    ],
    "brands": [
      {
        "code": "Auerpak",
        "desc": "Auerpak"
      }
    ],
    "price": {
      "basePrice": 3.21,
      "discountPrice": 3.21
    },
    "type": {
      "code": "Pearl Onion",
      "desc": "Pearl Onion"
    },
    "weight": "1 bag",
    "UpcCode": "",
    "tax": 0.0,
    "spiceLevel": "",
    "aiselNo": "20",
    "store": "Market Basket",
    "weightType": "1 bag",
    "imageName": "33.jpg",
    "defaultImage": "33.jpg",
    "updatedTimestamp": "Jan 23, 2021 8:02:30 PM",
    "createdTimestamp": "Jan 23, 2021 8:02:30 PM",
    "isNewlyAdded": false,
    "isActive": true,
    "isDealsEnabled": false,
    "quantity": 0
  },
  {
    "id": 14347,
    "code": "Cafe Bustelo Espresso Ground Coffee",
    "desc": "Cafe Bustelo Espresso Ground Coffee",
    "shortDesc": "Cafe Bustelo Espresso Ground Coffee",
    "tags": [
      "Coffee"
    ],
    "categories": [
      {
        "code": "Breakfast & Dairy",
        "desc": "Breakfast & Dairy"
      }
    ],
    "subCategories": [
      {
        "code": "Tea & Coffee",
        "desc": "Tea & Coffee"
      }
    ],
    "brands": [
      {
        "code": "Cafe Bustelo",
        "desc": "Cafe Bustelo"
      }
    ],
    "price": {
      "basePrice": 4.29,
      "discountPrice": 4.29
    },
    "type": {
      "code": "Coffee",
      "desc": "Coffee"
    },
    "weight": "6 oz",
    "UpcCode": "",
    "tax": 0.0,
    "spiceLevel": "",
    "aiselNo": "8",
    "store": "Market Basket",
    "weightType": "6 oz",
    "imageName": "16292.jpg",
    "defaultImage": "16292.jpg",
    "updatedTimestamp": "Jan 23, 2021 8:02:30 PM",
    "createdTimestamp": "Jan 23, 2021 8:02:30 PM",
    "isNewlyAdded": false,
    "isActive": true,
    "isDealsEnabled": false,
    "quantity": 0
  },
  {
    "id": 9829,
    "code": "Greens Kale",
    "desc": "Greens Kale",
    "shortDesc": "Greens Kale",
    "tags": [
      "Frozen Produce"
    ],
    "categories": [
      {
        "code": "Frozen Food",
        "desc": "Frozen Food"
      }
    ],
    "subCategories": [
      {
        "code": "Frozen Produce",
        "desc": "Frozen Produce"
      }
    ],
    "brands": [
      {
        "code": "Market Basket",
        "desc": "Market Basket"
      }
    ],
    "price": {
      "basePrice": 2.49,
      "discountPrice": 2.49
    },
    "type": {
      "code": "Frozen Produce",
      "desc": "Frozen Produce"
    },
    "weight": "1 lb",
    "UpcCode": "",
    "tax": 0.0,
    "spiceLevel": "",
    "aiselNo": "19",
    "store": "Market Basket",
    "weightType": "1 lb",
    "imageName": "Market Basket.jpg",
    "defaultImage": "Market Basket.jpg",
    "updatedTimestamp": "Jan 23, 2021 8:02:30 PM",
    "createdTimestamp": "Jan 23, 2021 8:02:30 PM",
    "isNewlyAdded": false,
    "isActive": true,
    "isDealsEnabled": false,
    "quantity": 0
  },
  {
    "id": 13669,
    "code": "Chevrine Fresh Goat Cheese Garlic & Herbs",
    "desc": "Chevrine Fresh Goat Cheese Garlic & Herbs",
    "shortDesc": "Chevrine Fresh Goat Cheese Garlic & Herbs",
    "tags": [
      "Packaged Cheese"
    ],
    "categories": [
      {
        "code": "Breakfast & Dairy",
        "desc": "Breakfast & Dairy"
      }
    ],
    "subCategories": [
      {
        "code": "Dairy & Eggs",
        "desc": "Dairy & Eggs"
      }
    ],
    "brands": [
      {
        "code": "Chevrine",
        "desc": "Chevrine"
      }
    ],
    "price": {
      "basePrice": 3.09,
      "discountPrice": 3.09
    },
    "type": {
      "code": "Packaged Cheese",
      "desc": "Packaged Cheese"
    },
    "weight": "4 oz",
    "UpcCode": "",
    "tax": 0.0,
    "spiceLevel": "",
    "aiselNo": "1",
    "store": "Market Basket",
    "weightType": "4 oz",
    "imageName": "Market Basket.jpg",
    "defaultImage": "Market Basket.jpg",
    "updatedTimestamp": "Jan 23, 2021 8:02:30 PM",
    "createdTimestamp": "Jan 23, 2021 8:02:30 PM",
    "isNewlyAdded": false,
    "isActive": true,
    "isDealsEnabled": false,
    "quantity": 0
  },
  {
    "id": 6474,
    "code": "Superior Nut Company Natural Almonds",
    "desc": "Superior Nut Company Natural Almonds",
    "shortDesc": "Superior Nut Company Natural Almonds",
    "tags": [
      "Nuts, Seeds & Dried Fruit"
    ],
    "categories": [
      {
        "code": "Chips, Cookies & Snacks",
        "desc": "Chips, Cookies & Snacks"
      }
    ],
    "subCategories": [
      {
        "code": "Nuts, Seeds & Dried Fruit",
        "desc": "Nuts, Seeds & Dried Fruit"
      }
    ],
    "brands": [
      {
        "code": "Superior Nut Company",
        "desc": "Superior Nut Company"
      }
    ],
    "price": {
      "basePrice": 7.49,
      "discountPrice": 7.49
    },
    "type": {
      "code": "Nuts, Seeds & Dried Fruit",
      "desc": "Nuts, Seeds & Dried Fruit"
    },
    "weight": "15 oz",
    "UpcCode": "",
    "tax": 0.0,
    "spiceLevel": "",
    "aiselNo": "6",
    "store": "Market Basket",
    "weightType": "15 oz",
    "imageName": "No Image.jpg",
    "defaultImage": "No Image.jpg",
    "updatedTimestamp": "Jan 23, 2021 8:02:30 PM",
    "createdTimestamp": "Jan 23, 2021 8:02:30 PM",
    "isNewlyAdded": false,
    "isActive": true,
    "isDealsEnabled": false,
    "quantity": 0
  },
  {
    "id": 10120,
    "code": "Klondike Ice Cream & Frozen Dessert Bars Vanilla",
    "desc": "Klondike Ice Cream & Frozen Dessert Bars Vanilla",
    "shortDesc": "Klondike Ice Cream & Frozen Dessert Bars Vanilla",
    "tags": [
      "Ice Cream & Ice"
    ],
    "categories": [
      {
        "code": "Frozen Food",
        "desc": "Frozen Food"
      }
    ],
    "subCategories": [
      {
        "code": "Ice Cream & Ice",
        "desc": "Ice Cream & Ice"
      }
    ],
    "brands": [
      {
        "code": "Klondike",
        "desc": "Klondike"
      }
    ],
    "price": {
      "basePrice": 4.09,
      "discountPrice": 4.09
    },
    "type": {
      "code": "Ice Cream & Ice",
      "desc": "Ice Cream & Ice"
    },
    "weight": "6 x 4.5 fl oz",
    "UpcCode": "",
    "tax": 0.0,
    "spiceLevel": "",
    "aiselNo": "21",
    "store": "Market Basket",
    "weightType": "6 x 4.5 fl oz",
    "imageName": "17987.jpg",
    "defaultImage": "17987.jpg",
    "updatedTimestamp": "Jan 23, 2021 8:02:30 PM",
    "createdTimestamp": "Jan 23, 2021 8:02:30 PM",
    "isNewlyAdded": false,
    "isActive": true,
    "isDealsEnabled": false,
    "quantity": 0
  },
  {
    "id": 7860,
    "code": "King Oscar Sardines Olive Oil Skinless & Boneless",
    "desc": "King Oscar Sardines Olive Oil Skinless & Boneless",
    "shortDesc": "King Oscar Sardines Olive Oil Skinless & Boneless",
    "tags": [
      "Canned Meat & Seafood"
    ],
    "categories": [
      {
        "code": "Cooking Needs",
        "desc": "Cooking Needs"
      }
    ],
    "subCategories": [
      {
        "code": "Canned Food",
        "desc": "Canned Food"
      }
    ],
    "brands": [
      {
        "code": "King Oscar",
        "desc": "King Oscar"
      }
    ],
    "price": {
      "basePrice": 2.69,
      "discountPrice": 2.69
    },
    "type": {
      "code": "Canned Meat & Seafood",
      "desc": "Canned Meat & Seafood"
    },
    "weight": "4.38 oz",
    "UpcCode": "",
    "tax": 0.0,
    "spiceLevel": "",
    "aiselNo": "2",
    "store": "Market Basket",
    "weightType": "4.38 oz",
    "imageName": "5230.jpg",
    "defaultImage": "5230.jpg",
    "updatedTimestamp": "Jan 23, 2021 8:02:30 PM",
    "createdTimestamp": "Jan 23, 2021 8:02:30 PM",
    "isNewlyAdded": false,
    "isActive": true,
    "isDealsEnabled": false,
    "quantity": 0
  },
  {
    "id": 10187,
    "code": "Outshine Grape Fruit Bars",
    "desc": "Outshine Grape Fruit Bars",
    "shortDesc": "Outshine Grape Fruit Bars",
    "tags": [
      "Ice Cream & Ice"
    ],
    "categories": [
      {
        "code": "Frozen Food",
        "desc": "Frozen Food"
      }
    ],
    "subCategories": [
      {
        "code": "Ice Cream & Ice",
        "desc": "Ice Cream & Ice"
      }
    ],
    "brands": [
      {
        "code": "Outshine",
        "desc": "Outshine"
      }
    ],
    "price": {
      "basePrice": 4.29,
      "discountPrice": 4.29
    },
    "type": {
      "code": "Ice Cream & Ice",
      "desc": "Ice Cream & Ice"
    },
    "weight": "6 count",
    "UpcCode": "",
    "tax": 0.0,
    "spiceLevel": "",
    "aiselNo": "21",
    "store": "Market Basket",
    "weightType": "6 count",
    "imageName": "3167.jpg",
    "defaultImage": "3167.jpg",
    "updatedTimestamp": "Jan 23, 2021 8:02:30 PM",
    "createdTimestamp": "Jan 23, 2021 8:02:30 PM",
    "isNewlyAdded": false,
    "isActive": true,
    "isDealsEnabled": false,
    "quantity": 0
  },
  {
    "id": 76,
    "code": "Air Wick Magnolia & Cherry Blossom Scented Oil Refill",
    "desc": "Air Wick Magnolia & Cherry Blossom Scented Oil Refill",
    "shortDesc": "Air Wick Magnolia & Cherry Blossom Scented Oil Refill",
    "tags": [
      "Scented Oil Refill"
    ],
    "categories": [
      {
        "code": "Kitchen & Cleaning",
        "desc": "Kitchen & Cleaning"
      }
    ],
    "subCategories": [
      {
        "code": "Air Fresheners & Candles",
        "desc": "Air Fresheners & Candles"
      }
    ],
    "brands": [
      {
        "code": "Air Wick",
        "desc": "Air Wick"
      }
    ],
    "price": {
      "basePrice": 3.69,
      "discountPrice": 3.69
    },
    "type": {
      "code": "Scented Oil Refill",
      "desc": "Scented Oil Refill"
    },
    "weight": "0.67 fl oz",
    "UpcCode": "",
    "tax": 1.0,
    "spiceLevel": "",
    "aiselNo": "15",
    "store": "Market Basket",
    "weightType": "0.67 fl oz",
    "imageName": "4204.jpg",
    "defaultImage": "4204.jpg",
    "updatedTimestamp": "Jan 23, 2021 8:02:30 PM",
    "createdTimestamp": "Jan 23, 2021 8:02:30 PM",
    "isNewlyAdded": false,
    "isActive": true,
    "isDealsEnabled": false,
    "quantity": 0
  },
  {
    "id": 13900,
    "code": "Parmalat 2% Reduced Fat Milk Vitamin A&D",
    "desc": "Parmalat 2% Reduced Fat Milk Vitamin A&D",
    "shortDesc": "Parmalat 2% Reduced Fat Milk Vitamin A&D",
    "tags": [
      "Soy & Lactose-Free"
    ],
    "categories": [
      {
        "code": "Breakfast & Dairy",
        "desc": "Breakfast & Dairy"
      }
    ],
    "subCategories": [
      {
        "code": "Dairy & Eggs",
        "desc": "Dairy & Eggs"
      }
    ],
    "brands": [
      {
        "code": "Parmalat",
        "desc": "Parmalat"
      }
    ],
    "price": {
      "basePrice": 2.49,
      "discountPrice": 2.49
    },
    "type": {
      "code": "Soy & Lactose-Free",
      "desc": "Soy & Lactose-Free"
    },
    "weight": "32 fl oz",
    "UpcCode": "",
    "tax": 0.0,
    "spiceLevel": "",
    "aiselNo": "1",
    "store": "Market Basket",
    "weightType": "32 fl oz",
    "imageName": "14808.jpg",
    "defaultImage": "14808.jpg",
    "updatedTimestamp": "Jan 23, 2021 8:02:30 PM",
    "createdTimestamp": "Jan 23, 2021 8:02:30 PM",
    "isNewlyAdded": false,
    "isActive": true,
    "isDealsEnabled": false,
    "quantity": 0
  },
  {
    "id": 3958,
    "code": "Horseradish Root",
    "desc": "Horseradish Root",
    "shortDesc": "Horseradish Root",
    "tags": [
      "Radish"
    ],
    "categories": [
      {
        "code": "Fresh Produce",
        "desc": "Fresh Produce"
      }
    ],
    "subCategories": [
      {
        "code": "Fresh Vegetables",
        "desc": "Fresh Vegetables"
      }
    ],
    "brands": [
      {
        "code": "Market Basket",
        "desc": "Market Basket"
      }
    ],
    "price": {
      "basePrice": 5.62,
      "discountPrice": 5.62
    },
    "type": {
      "code": "Radish",
      "desc": "Radish"
    },
    "weight": "1 count",
    "UpcCode": "",
    "tax": 0.0,
    "spiceLevel": "",
    "aiselNo": "20",
    "store": "Market Basket",
    "weightType": "1 count",
    "imageName": "FP73.jpg",
    "defaultImage": "FP73.jpg",
    "updatedTimestamp": "Jan 23, 2021 8:02:30 PM",
    "createdTimestamp": "Jan 23, 2021 8:02:30 PM",
    "isNewlyAdded": false,
    "isActive": true,
    "isDealsEnabled": false,
    "quantity": 0
  },
  {
    "id": 243,
    "code": "Palmolive OXY Dish Liquid Power Degreaser",
    "desc": "Palmolive OXY Dish Liquid Power Degreaser",
    "shortDesc": "Palmolive OXY Dish Liquid Power Degreaser",
    "tags": [
      "Dish Liquid"
    ],
    "categories": [
      {
        "code": "Kitchen & Cleaning",
        "desc": "Kitchen & Cleaning"
      }
    ],
    "subCategories": [
      {
        "code": "Dish Detergents",
        "desc": "Dish Detergents"
      }
    ],
    "brands": [
      {
        "code": "Palmolive",
        "desc": "Palmolive"
      }
    ],
    "price": {
      "basePrice": 3.49,
      "discountPrice": 3.49
    },
    "type": {
      "code": "Dish Liquid",
      "desc": "Dish Liquid"
    },
    "weight": "25 fl oz",
    "UpcCode": "",
    "tax": 1.0,
    "spiceLevel": "",
    "aiselNo": "15",
    "store": "Market Basket",
    "weightType": "25 fl oz",
    "imageName": "18063.jpg",
    "defaultImage": "18063.jpg",
    "updatedTimestamp": "Jan 23, 2021 8:02:30 PM",
    "createdTimestamp": "Jan 23, 2021 8:02:30 PM",
    "isNewlyAdded": false,
    "isActive": true,
    "isDealsEnabled": false,
    "quantity": 0
  },
  {
    "id": 4128,
    "code": "Springer Farms Skinless Chicken Breast",
    "desc": "Springer Farms Skinless Chicken Breast",
    "shortDesc": "Springer Farms Skinless Chicken Breast",
    "tags": [
      "Chicken Breast"
    ],
    "categories": [
      {
        "code": "Meat & Seafood",
        "desc": "Meat & Seafood"
      }
    ],
    "subCategories": [
      {
        "code": "Meat & Seafood Counter",
        "desc": "Meat & Seafood Counter"
      }
    ],
    "brands": [
      {
        "code": "Springer",
        "desc": "Springer"
      }
    ],
    "price": {
      "basePrice": 6.09,
      "discountPrice": 6.09
    },
    "type": {
      "code": "Chicken Breast",
      "desc": "Chicken Breast"
    },
    "weight": "1 lb",
    "UpcCode": "",
    "tax": 0.0,
    "spiceLevel": "",
    "aiselNo": "22",
    "store": "Market Basket",
    "weightType": "1 lb",
    "imageName": "No Image.jpg",
    "defaultImage": "No Image.jpg",
    "updatedTimestamp": "Jan 23, 2021 8:02:30 PM",
    "createdTimestamp": "Jan 23, 2021 8:02:30 PM",
    "isNewlyAdded": false,
    "isActive": true,
    "isDealsEnabled": false,
    "quantity": 0
  },
  {
    "id": 14439,
    "code": "New England Coffee Chocolate Cappuccino Ground Coffee",
    "desc": "New England Coffee Chocolate Cappuccino Ground Coffee",
    "shortDesc": "New England Coffee Chocolate Cappuccino Ground Coffee",
    "tags": [
      "Coffee"
    ],
    "categories": [
      {
        "code": "Breakfast & Dairy",
        "desc": "Breakfast & Dairy"
      }
    ],
    "subCategories": [
      {
        "code": "Tea & Coffee",
        "desc": "Tea & Coffee"
      }
    ],
    "brands": [
      {
        "code": "New England Coffee",
        "desc": "New England Coffee"
      }
    ],
    "price": {
      "basePrice": 7.39,
      "discountPrice": 7.39
    },
    "type": {
      "code": "Coffee",
      "desc": "Coffee"
    },
    "weight": "11 oz",
    "UpcCode": "",
    "tax": 0.0,
    "spiceLevel": "",
    "aiselNo": "8",
    "store": "Market Basket",
    "weightType": "11 oz",
    "imageName": "3364.jpg",
    "defaultImage": "3364.jpg",
    "updatedTimestamp": "Jan 23, 2021 8:02:30 PM",
    "createdTimestamp": "Jan 23, 2021 8:02:30 PM",
    "isNewlyAdded": false,
    "isActive": true,
    "isDealsEnabled": false,
    "quantity": 0
  },
  {
    "id": 14628,
    "code": "Traditional Medicinals Seasonal Teas Gypsy Cold Care Tea Bags",
    "desc": "Traditional Medicinals Seasonal Teas Gypsy Cold Care Tea Bags",
    "shortDesc": "Traditional Medicinals Seasonal Teas Gypsy Cold Care Tea Bags",
    "tags": [
      "Tea"
    ],
    "categories": [
      {
        "code": "Breakfast & Dairy",
        "desc": "Breakfast & Dairy"
      }
    ],
    "subCategories": [
      {
        "code": "Tea & Coffee",
        "desc": "Tea & Coffee"
      }
    ],
    "brands": [
      {
        "code": "Traditional Medicinals",
        "desc": "Traditional Medicinals"
      }
    ],
    "price": {
      "basePrice": 4.89,
      "discountPrice": 4.89
    },
    "type": {
      "code": "Tea",
      "desc": "Tea"
    },
    "weight": "16 count",
    "UpcCode": "",
    "tax": 0.0,
    "spiceLevel": "",
    "aiselNo": "8",
    "store": "Market Basket",
    "weightType": "16 count",
    "imageName": "3498.jpg",
    "defaultImage": "3498.jpg",
    "updatedTimestamp": "Jan 23, 2021 8:02:30 PM",
    "createdTimestamp": "Jan 23, 2021 8:02:30 PM",
    "isNewlyAdded": false,
    "isActive": true,
    "isDealsEnabled": false,
    "quantity": 0
  },
  {
    "id": 4093,
    "code": "Market Basket Bottom Round Roast Sliced",
    "desc": "Market Basket Bottom Round Roast Sliced",
    "shortDesc": "Market Basket Bottom Round Roast Sliced",
    "tags": [
      "Beef"
    ],
    "categories": [
      {
        "code": "Meat & Seafood",
        "desc": "Meat & Seafood"
      }
    ],
    "subCategories": [
      {
        "code": "Meat & Seafood Counter",
        "desc": "Meat & Seafood Counter"
      }
    ],
    "brands": [
      {
        "code": "Market Basket",
        "desc": "Market Basket"
      }
    ],
    "price": {
      "basePrice": 4.89,
      "discountPrice": 4.89
    },
    "type": {
      "code": "Beef",
      "desc": "Beef"
    },
    "weight": "Approx: 1.00 lb at $4.89/lb",
    "UpcCode": "",
    "tax": 0.0,
    "spiceLevel": "",
    "aiselNo": "22",
    "store": "Market Basket",
    "weightType": "Approx: 1.00 lb at $4.89/lb",
    "imageName": "Market Basket.jpg",
    "defaultImage": "Market Basket.jpg",
    "updatedTimestamp": "Jan 23, 2021 8:02:30 PM",
    "createdTimestamp": "Jan 23, 2021 8:02:30 PM",
    "isNewlyAdded": false,
    "isActive": true,
    "isDealsEnabled": false,
    "quantity": 0
  },
  {
    "id": 15084,
    "code": "Topcare Health Sterile Multi-purpose Solution For Soft Contact Lenses",
    "desc": "Topcare Health Sterile Multi-purpose Solution For Soft Contact Lenses",
    "shortDesc": "Topcare Health Sterile Multi-purpose Solution For Soft Contact Lenses",
    "tags": [
      "Eye & Ear Care"
    ],
    "categories": [
      {
        "code": "Personal Care",
        "desc": "Personal Care"
      }
    ],
    "subCategories": [
      {
        "code": "Personal Needs",
        "desc": "Personal Needs"
      }
    ],
    "brands": [
      {
        "code": "Topcare",
        "desc": "Topcare"
      }
    ],
    "price": {
      "basePrice": 3.44,
      "discountPrice": 3.44
    },
    "type": {
      "code": "Eye & Ear Care",
      "desc": "Eye & Ear Care"
    },
    "weight": "4 oz",
    "UpcCode": "",
    "tax": 1.0,
    "spiceLevel": "",
    "aiselNo": "13",
    "store": "Market Basket",
    "weightType": "4 oz",
    "imageName": "6485.jpg",
    "defaultImage": "6485.jpg",
    "updatedTimestamp": "Jan 23, 2021 8:02:30 PM",
    "createdTimestamp": "Jan 23, 2021 8:02:30 PM",
    "isNewlyAdded": false,
    "isActive": true,
    "isDealsEnabled": false,
    "quantity": 0
  },
  {
    "id": 6351,
    "code": "Polar Diet Pink Grapefruit Dry",
    "desc": "Polar Diet Pink Grapefruit Dry",
    "shortDesc": "Polar Diet Pink Grapefruit Dry",
    "tags": [
      "Soft Drinks"
    ],
    "categories": [
      {
        "code": "Beverages & Juices",
        "desc": "Beverages & Juices"
      }
    ],
    "subCategories": [
      {
        "code": "Soft Drinks & Seltzers",
        "desc": "Soft Drinks & Seltzers"
      }
    ],
    "brands": [
      {
        "code": "Polar",
        "desc": "Polar"
      }
    ],
    "price": {
      "basePrice": 1.49,
      "discountPrice": 1.49
    },
    "type": {
      "code": "Soft Drinks",
      "desc": "Soft Drinks"
    },
    "weight": "1 L",
    "UpcCode": "",
    "tax": 0.0,
    "spiceLevel": "",
    "aiselNo": "11",
    "store": "Market Basket",
    "weightType": "1 L",
    "imageName": "No Image.jpg",
    "defaultImage": "No Image.jpg",
    "updatedTimestamp": "Jan 23, 2021 8:02:30 PM",
    "createdTimestamp": "Jan 23, 2021 8:02:30 PM",
    "isNewlyAdded": false,
    "isActive": true,
    "isDealsEnabled": false,
    "quantity": 0
  },
  {
    "id": 6077,
    "code": "Green Cola No Sugar Box of Cans",
    "desc": "Green Cola No Sugar Box of Cans",
    "shortDesc": "Green Cola No Sugar Box of Cans",
    "tags": [
      "Soft Drinks"
    ],
    "categories": [
      {
        "code": "Beverages & Juices",
        "desc": "Beverages & Juices"
      }
    ],
    "subCategories": [
      {
        "code": "Soft Drinks & Seltzers",
        "desc": "Soft Drinks & Seltzers"
      }
    ],
    "brands": [
      {
        "code": "Green Cola",
        "desc": "Green Cola"
      }
    ],
    "price": {
      "basePrice": 6.24,
      "discountPrice": 6.24
    },
    "type": {
      "code": "Soft Drinks",
      "desc": "Soft Drinks"
    },
    "weight": "8 x 12 fl oz",
    "UpcCode": "",
    "tax": 0.0,
    "spiceLevel": "",
    "aiselNo": "17",
    "store": "Market Basket",
    "weightType": "8 x 12 fl oz",
    "imageName": "No Image.jpg",
    "defaultImage": "No Image.jpg",
    "updatedTimestamp": "Jan 23, 2021 8:02:30 PM",
    "createdTimestamp": "Jan 23, 2021 8:02:30 PM",
    "isNewlyAdded": false,
    "isActive": true,
    "isDealsEnabled": false,
    "quantity": 0
  },
  {
    "id": 6569,
    "code": "Bolthouse Farms Amazing Mango",
    "desc": "Bolthouse Farms Amazing Mango",
    "shortDesc": "Bolthouse Farms Amazing Mango",
    "tags": [
      "Refrigerated Drinks"
    ],
    "categories": [
      {
        "code": "Beverages & Juices",
        "desc": "Beverages & Juices"
      }
    ],
    "subCategories": [
      {
        "code": "Juices & Refrigerated Drinks",
        "desc": "Juices & Refrigerated Drinks"
      }
    ],
    "brands": [
      {
        "code": "Bolthouse Farms",
        "desc": "Bolthouse Farms"
      }
    ],
    "price": {
      "basePrice": 3.09,
      "discountPrice": 3.09
    },
    "type": {
      "code": "Refrigerated Drinks",
      "desc": "Refrigerated Drinks"
    },
    "weight": "15.2 fl oz",
    "UpcCode": "",
    "tax": 0.0,
    "spiceLevel": "",
    "aiselNo": "20",
    "store": "Market Basket",
    "weightType": "15.2 fl oz",
    "imageName": "3824.jpg",
    "defaultImage": "3824.jpg",
    "updatedTimestamp": "Jan 23, 2021 8:02:30 PM",
    "createdTimestamp": "Jan 23, 2021 8:02:30 PM",
    "isNewlyAdded": false,
    "isActive": true,
    "isDealsEnabled": false,
    "quantity": 0
  },
  {
    "id": 6072,
    "code": "Canada Dry Ginger Ale",
    "desc": "Canada Dry Ginger Ale",
    "shortDesc": "Canada Dry Ginger Ale",
    "tags": [
      "Ginger Ale"
    ],
    "categories": [
      {
        "code": "Beverages & Juices",
        "desc": "Beverages & Juices"
      }
    ],
    "subCategories": [
      {
        "code": "Ginger Ale & Ginger Beer",
        "desc": "Ginger Ale & Ginger Beer"
      }
    ],
    "brands": [
      {
        "code": "Canada Dry",
        "desc": "Canada Dry"
      }
    ],
    "price": {
      "basePrice": 5.0,
      "discountPrice": 5.0
    },
    "type": {
      "code": "Ginger Ale",
      "desc": "Ginger Ale"
    },
    "weight": "6 x 16.9 fl oz",
    "UpcCode": "",
    "tax": 0.0,
    "spiceLevel": "",
    "aiselNo": "17",
    "store": "Market Basket",
    "weightType": "6 x 16.9 fl oz",
    "imageName": "16607.jpg",
    "defaultImage": "16607.jpg",
    "updatedTimestamp": "Jan 23, 2021 8:02:29 PM",
    "createdTimestamp": "Jan 23, 2021 8:02:29 PM",
    "isNewlyAdded": false,
    "isActive": true,
    "isDealsEnabled": false,
    "quantity": 0
  },
  {
    "id": 197,
    "code": "Libman Poly Mesh Scrub Bob",
    "desc": "Libman Poly Mesh Scrub Bob",
    "shortDesc": "Libman Poly Mesh Scrub Bob",
    "tags": [
      "Scrub Bob"
    ],
    "categories": [
      {
        "code": "Kitchen & Cleaning",
        "desc": "Kitchen & Cleaning"
      }
    ],
    "subCategories": [
      {
        "code": "Cleaning Products",
        "desc": "Cleaning Products"
      }
    ],
    "brands": [
      {
        "code": "Libman",
        "desc": "Libman"
      }
    ],
    "price": {
      "basePrice": 2.49,
      "discountPrice": 2.49
    },
    "type": {
      "code": "Scrub Bob",
      "desc": "Scrub Bob"
    },
    "weight": "2 count",
    "UpcCode": "",
    "tax": 1.0,
    "spiceLevel": "",
    "aiselNo": "15",
    "store": "Market Basket",
    "weightType": "2 count",
    "imageName": "No Image.jpg",
    "defaultImage": "No Image.jpg",
    "updatedTimestamp": "Jan 23, 2021 8:02:30 PM",
    "createdTimestamp": "Jan 23, 2021 8:02:30 PM",
    "isNewlyAdded": false,
    "isActive": true,
    "isDealsEnabled": false,
    "quantity": 0
  },
  {
    "id": 3617,
    "code": "Thai Eggplant Pack (Approx: 1 lb)",
    "desc": "Thai Eggplant Pack (Approx: 1 lb)",
    "shortDesc": "Thai Eggplant Pack (Approx: 1 lb)",
    "tags": [
      "Eggplant"
    ],
    "categories": [
      {
        "code": "Fresh Produce",
        "desc": "Fresh Produce"
      }
    ],
    "subCategories": [
      {
        "code": "Fresh Vegetables",
        "desc": "Fresh Vegetables"
      }
    ],
    "brands": [
      {
        "code": "Market Basket",
        "desc": "Market Basket"
      }
    ],
    "price": {
      "basePrice": 4.7,
      "discountPrice": 4.7
    },
    "type": {
      "code": "Eggplant",
      "desc": "Eggplant"
    },
    "weight": "1 pack",
    "UpcCode": "",
    "tax": 0.0,
    "spiceLevel": "",
    "aiselNo": "20",
    "store": "Market Basket",
    "weightType": "1 pack",
    "imageName": "FP87.jpg",
    "defaultImage": "FP87.jpg",
    "updatedTimestamp": "Jan 23, 2021 8:02:30 PM",
    "createdTimestamp": "Jan 23, 2021 8:02:30 PM",
    "isNewlyAdded": false,
    "isActive": true,
    "isDealsEnabled": false,
    "quantity": 0
  },
  {
    "id": 8116,
    "code": "Progresso Soup, Vegetable Classics, Creamy Mushroom Soup, Gluten Free",
    "desc": "Progresso Soup, Vegetable Classics, Creamy Mushroom Soup, Gluten Free",
    "shortDesc": "Progresso Soup, Vegetable Classics, Creamy Mushroom Soup, Gluten Free",
    "tags": [
      "Soup, Broth & Bouillon"
    ],
    "categories": [
      {
        "code": "Cooking Needs",
        "desc": "Cooking Needs"
      }
    ],
    "subCategories": [
      {
        "code": "Canned Food",
        "desc": "Canned Food"
      }
    ],
    "brands": [
      {
        "code": "Progresso",
        "desc": "Progresso"
      }
    ],
    "price": {
      "basePrice": 2.49,
      "discountPrice": 2.49
    },
    "type": {
      "code": "Soup, Broth & Bouillon",
      "desc": "Soup, Broth & Bouillon"
    },
    "weight": "18 oz",
    "UpcCode": "",
    "tax": 0.0,
    "spiceLevel": "",
    "aiselNo": "2",
    "store": "Market Basket",
    "weightType": "18 oz",
    "imageName": "5294.jpg",
    "defaultImage": "5294.jpg",
    "updatedTimestamp": "Jan 23, 2021 8:02:30 PM",
    "createdTimestamp": "Jan 23, 2021 8:02:30 PM",
    "isNewlyAdded": false,
    "isActive": true,
    "isDealsEnabled": false,
    "quantity": 0
  },
  {
    "id": 7491,
    "code": "La Fe Tomato Paste Dominican Style",
    "desc": "La Fe Tomato Paste Dominican Style",
    "shortDesc": "La Fe Tomato Paste Dominican Style",
    "tags": [
      "Canned & Jarred Vegetables"
    ],
    "categories": [
      {
        "code": "Cooking Needs",
        "desc": "Cooking Needs"
      }
    ],
    "subCategories": [
      {
        "code": "Canned Food",
        "desc": "Canned Food"
      }
    ],
    "brands": [
      {
        "code": "La Fe",
        "desc": "La Fe"
      }
    ],
    "price": {
      "basePrice": 2.49,
      "discountPrice": 2.49
    },
    "type": {
      "code": "Canned & Jarred Vegetables",
      "desc": "Canned & Jarred Vegetables"
    },
    "weight": "29 oz",
    "UpcCode": "",
    "tax": 0.0,
    "spiceLevel": "",
    "aiselNo": "9",
    "store": "Market Basket",
    "weightType": "29 oz",
    "imageName": "17118.jpg",
    "defaultImage": "17118.jpg",
    "updatedTimestamp": "Jan 23, 2021 8:02:30 PM",
    "createdTimestamp": "Jan 23, 2021 8:02:30 PM",
    "isNewlyAdded": false,
    "isActive": true,
    "isDealsEnabled": false,
    "quantity": 0
  },
  {
    "id": 3554,
    "code": "Nayo Bok Choy",
    "desc": "Nayo Bok Choy",
    "shortDesc": "Nayo Bok Choy",
    "tags": [
      "Bok Choy"
    ],
    "categories": [
      {
        "code": "Fresh Produce",
        "desc": "Fresh Produce"
      }
    ],
    "subCategories": [
      {
        "code": "Fresh Vegetables",
        "desc": "Fresh Vegetables"
      }
    ],
    "brands": [
      {
        "code": "Market Basket",
        "desc": "Market Basket"
      }
    ],
    "price": {
      "basePrice": 2.17,
      "discountPrice": 2.17
    },
    "type": {
      "code": "Bok Choy",
      "desc": "Bok Choy"
    },
    "weight": "1 lb",
    "UpcCode": "",
    "tax": 0.0,
    "spiceLevel": "",
    "aiselNo": "20",
    "store": "Market Basket",
    "weightType": "1 lb",
    "imageName": "FP116.jpg",
    "defaultImage": "FP116.jpg",
    "updatedTimestamp": "Jan 23, 2021 8:02:30 PM",
    "createdTimestamp": "Jan 23, 2021 8:02:30 PM",
    "isNewlyAdded": false,
    "isActive": true,
    "isDealsEnabled": false,
    "quantity": 0
  },
  {
    "id": 15147,
    "code": "Aquafresh Toothpaste",
    "desc": "Aquafresh Toothpaste",
    "shortDesc": "Aquafresh Toothpaste",
    "tags": [
      "Oral Hygiene"
    ],
    "categories": [
      {
        "code": "Personal Care",
        "desc": "Personal Care"
      }
    ],
    "subCategories": [
      {
        "code": "Personal Needs",
        "desc": "Personal Needs"
      }
    ],
    "brands": [
      {
        "code": "Aquafresh",
        "desc": "Aquafresh"
      }
    ],
    "price": {
      "basePrice": 3.21,
      "discountPrice": 3.21
    },
    "type": {
      "code": "Oral Hygiene",
      "desc": "Oral Hygiene"
    },
    "weight": "5.6 oz",
    "UpcCode": "",
    "tax": 1.0,
    "spiceLevel": "",
    "aiselNo": "13",
    "store": "Market Basket",
    "weightType": "5.6 oz",
    "imageName": "6451.jpg",
    "defaultImage": "6451.jpg",
    "updatedTimestamp": "Jan 23, 2021 8:02:30 PM",
    "createdTimestamp": "Jan 23, 2021 8:02:30 PM",
    "isNewlyAdded": false,
    "isActive": true,
    "isDealsEnabled": false,
    "quantity": 0
  },
  {
    "id": 4983,
    "code": "Utz Kettle Classic Maui-Bbq Flavored Potato Chips",
    "desc": "Utz Kettle Classic Maui-Bbq Flavored Potato Chips",
    "shortDesc": "Utz Kettle Classic Maui-Bbq Flavored Potato Chips",
    "tags": [
      "Chips & Pretzels"
    ],
    "categories": [
      {
        "code": "Chips, Cookies & Snacks",
        "desc": "Chips, Cookies & Snacks"
      }
    ],
    "subCategories": [
      {
        "code": "Chips & Fruit Snacks",
        "desc": "Chips & Fruit Snacks"
      }
    ],
    "brands": [
      {
        "code": "Utz",
        "desc": "Utz"
      }
    ],
    "price": {
      "basePrice": 4.69,
      "discountPrice": 4.69
    },
    "type": {
      "code": "Chips & Pretzels",
      "desc": "Chips & Pretzels"
    },
    "weight": "8 oz",
    "UpcCode": "",
    "tax": 0.0,
    "spiceLevel": "",
    "aiselNo": "0",
    "store": "Market Basket",
    "weightType": "8 oz",
    "imageName": "No Image.jpg",
    "defaultImage": "No Image.jpg",
    "updatedTimestamp": "Jan 23, 2021 8:02:30 PM",
    "createdTimestamp": "Jan 23, 2021 8:02:30 PM",
    "isNewlyAdded": false,
    "isActive": true,
    "isDealsEnabled": false,
    "quantity": 0
  },
  {
    "id": 384,
    "code": "Straws",
    "desc": "Straws",
    "shortDesc": "Straws",
    "tags": [
      "Utensils & Kitchen Supplies"
    ],
    "categories": [
      {
        "code": "Kitchen & Cleaning",
        "desc": "Kitchen & Cleaning"
      }
    ],
    "subCategories": [
      {
        "code": "Food Storage & Kitchen Supplies",
        "desc": "Food Storage & Kitchen Supplies"
      }
    ],
    "brands": [
      {
        "code": "Store Brand",
        "desc": "Store Brand"
      }
    ],
    "price": {
      "basePrice": 1.49,
      "discountPrice": 1.49
    },
    "type": {
      "code": "Utensils & Kitchen Supplies",
      "desc": "Utensils & Kitchen Supplies"
    },
    "weight": "100 count",
    "UpcCode": "",
    "tax": 1.0,
    "spiceLevel": "",
    "aiselNo": "12",
    "store": "Market Basket",
    "weightType": "100 count",
    "imageName": "Market Basket.jpg",
    "defaultImage": "Market Basket.jpg",
    "updatedTimestamp": "Jan 23, 2021 8:02:30 PM",
    "createdTimestamp": "Jan 23, 2021 8:02:30 PM",
    "isNewlyAdded": false,
    "isActive": true,
    "isDealsEnabled": false,
    "quantity": 0
  },
  {
    "id": 9988,
    "code": "Brigham's Ice Cream Chocolate Chip",
    "desc": "Brigham's Ice Cream Chocolate Chip",
    "shortDesc": "Brigham's Ice Cream Chocolate Chip",
    "tags": [
      "Ice Cream & Ice"
    ],
    "categories": [
      {
        "code": "Frozen Food",
        "desc": "Frozen Food"
      }
    ],
    "subCategories": [
      {
        "code": "Ice Cream & Ice",
        "desc": "Ice Cream & Ice"
      }
    ],
    "brands": [
      {
        "code": "Brigham's Ice Cream",
        "desc": "Brigham's Ice Cream"
      }
    ],
    "price": {
      "basePrice": 4.79,
      "discountPrice": 4.79
    },
    "type": {
      "code": "Ice Cream & Ice",
      "desc": "Ice Cream & Ice"
    },
    "weight": "1 quart",
    "UpcCode": "",
    "tax": 0.0,
    "spiceLevel": "",
    "aiselNo": "21",
    "store": "Market Basket",
    "weightType": "1 quart",
    "imageName": "16143.jpg",
    "defaultImage": "16143.jpg",
    "updatedTimestamp": "Jan 23, 2021 8:02:30 PM",
    "createdTimestamp": "Jan 23, 2021 8:02:30 PM",
    "isNewlyAdded": false,
    "isActive": true,
    "isDealsEnabled": false,
    "quantity": 0
  },
  {
    "id": 6855,
    "code": "Goya White Corn Meal Masarepa",
    "desc": "Goya White Corn Meal Masarepa",
    "shortDesc": "Goya White Corn Meal Masarepa",
    "tags": [
      "Baking Ingredients"
    ],
    "categories": [
      {
        "code": "Cooking Needs",
        "desc": "Cooking Needs"
      }
    ],
    "subCategories": [
      {
        "code": "Baking & Cooking",
        "desc": "Baking & Cooking"
      }
    ],
    "brands": [
      {
        "code": "Goya",
        "desc": "Goya"
      }
    ],
    "price": {
      "basePrice": 3.09,
      "discountPrice": 3.09
    },
    "type": {
      "code": "Baking Ingredients",
      "desc": "Baking Ingredients"
    },
    "weight": "24 oz",
    "UpcCode": "",
    "tax": 0.0,
    "spiceLevel": "",
    "aiselNo": "8",
    "store": "Market Basket",
    "weightType": "24 oz",
    "imageName": "2349.jpg",
    "defaultImage": "2349.jpg",
    "updatedTimestamp": "Jan 23, 2021 8:02:30 PM",
    "createdTimestamp": "Jan 23, 2021 8:02:30 PM",
    "isNewlyAdded": false,
    "isActive": true,
    "isDealsEnabled": false,
    "quantity": 0
  },
  {
    "id": 5967,
    "code": "Master of Mixes Sour Apple Martini Mixer",
    "desc": "Master of Mixes Sour Apple Martini Mixer",
    "shortDesc": "Master of Mixes Sour Apple Martini Mixer",
    "tags": [
      "Cocoa & Drink Mixes"
    ],
    "categories": [
      {
        "code": "Beverages & Juices",
        "desc": "Beverages & Juices"
      }
    ],
    "subCategories": [
      {
        "code": "Cocoa & Drink Mixes",
        "desc": "Cocoa & Drink Mixes"
      }
    ],
    "brands": [
      {
        "code": "Master of Mixes",
        "desc": "Master of Mixes"
      }
    ],
    "price": {
      "basePrice": 4.99,
      "discountPrice": 4.99
    },
    "type": {
      "code": "Cocoa & Drink Mixes",
      "desc": "Cocoa & Drink Mixes"
    },
    "weight": "33.8 fl oz",
    "UpcCode": "",
    "tax": 0.0,
    "spiceLevel": "",
    "aiselNo": "17",
    "store": "Market Basket",
    "weightType": "33.8 fl oz",
    "imageName": "16654.jpg",
    "defaultImage": "16654.jpg",
    "updatedTimestamp": "Jan 23, 2021 8:02:29 PM",
    "createdTimestamp": "Jan 23, 2021 8:02:29 PM",
    "isNewlyAdded": false,
    "isActive": true,
    "isDealsEnabled": false,
    "quantity": 0
  },
  {
    "id": 3552,
    "code": "Bok Choy",
    "desc": "Bok Choy",
    "shortDesc": "Bok Choy",
    "tags": [
      "Bok Choy"
    ],
    "categories": [
      {
        "code": "Fresh Produce",
        "desc": "Fresh Produce"
      }
    ],
    "subCategories": [
      {
        "code": "Fresh Vegetables",
        "desc": "Fresh Vegetables"
      }
    ],
    "brands": [
      {
        "code": "Market Basket",
        "desc": "Market Basket"
      }
    ],
    "price": {
      "basePrice": 4.35,
      "discountPrice": 4.35
    },
    "type": {
      "code": "Bok Choy",
      "desc": "Bok Choy"
    },
    "weight": "1 count",
    "UpcCode": "",
    "tax": 0.0,
    "spiceLevel": "",
    "aiselNo": "20",
    "store": "Market Basket",
    "weightType": "1 count",
    "imageName": "14373.jpg",
    "defaultImage": "14373.jpg",
    "updatedTimestamp": "Jan 23, 2021 8:02:30 PM",
    "createdTimestamp": "Jan 23, 2021 8:02:30 PM",
    "isNewlyAdded": false,
    "isActive": true,
    "isDealsEnabled": false,
    "quantity": 0
  },
  {
    "id": 7211,
    "code": "Diamond Crystal Real Salt Salt Sense",
    "desc": "Diamond Crystal Real Salt Salt Sense",
    "shortDesc": "Diamond Crystal Real Salt Salt Sense",
    "tags": [
      "Spices & Seasonings"
    ],
    "categories": [
      {
        "code": "Cooking Needs",
        "desc": "Cooking Needs"
      }
    ],
    "subCategories": [
      {
        "code": "Spices & Seasonings",
        "desc": "Spices & Seasonings"
      }
    ],
    "brands": [
      {
        "code": "Diamond Crystal",
        "desc": "Diamond Crystal"
      }
    ],
    "price": {
      "basePrice": 1.29,
      "discountPrice": 1.29
    },
    "type": {
      "code": "Spices & Seasonings",
      "desc": "Spices & Seasonings"
    },
    "weight": "13 oz",
    "UpcCode": "",
    "tax": 0.0,
    "spiceLevel": "",
    "aiselNo": "9",
    "store": "Market Basket",
    "weightType": "13 oz",
    "imageName": "2286.jpg",
    "defaultImage": "2286.jpg",
    "updatedTimestamp": "Jan 23, 2021 8:02:30 PM",
    "createdTimestamp": "Jan 23, 2021 8:02:30 PM",
    "isNewlyAdded": false,
    "isActive": true,
    "isDealsEnabled": false,
    "quantity": 0
  },
  {
    "id": 10410,
    "code": "Goya Green Split Peas",
    "desc": "Goya Green Split Peas",
    "shortDesc": "Goya Green Split Peas",
    "tags": [
      "Canned Food"
    ],
    "categories": [
      {
        "code": "Cooking Needs",
        "desc": "Cooking Needs"
      }
    ],
    "subCategories": [
      {
        "code": "Canned Food",
        "desc": "Canned Food"
      }
    ],
    "brands": [
      {
        "code": "Goya",
        "desc": "Goya"
      }
    ],
    "price": {
      "basePrice": 1.29,
      "discountPrice": 1.29
    },
    "type": {
      "code": "Canned Food",
      "desc": "Canned Food"
    },
    "weight": "16 oz",
    "UpcCode": "",
    "tax": 0.0,
    "spiceLevel": "",
    "aiselNo": "7",
    "store": "Market Basket",
    "weightType": "16 oz",
    "imageName": "5823.jpg",
    "defaultImage": "5823.jpg",
    "updatedTimestamp": "Jan 23, 2021 8:02:30 PM",
    "createdTimestamp": "Jan 23, 2021 8:02:30 PM",
    "isNewlyAdded": false,
    "isActive": true,
    "isDealsEnabled": false,
    "quantity": 0
  },
  {
    "id": 15186,
    "code": "Crest Disney Cars Toothpaste Fruit Burst",
    "desc": "Crest Disney Cars Toothpaste Fruit Burst",
    "shortDesc": "Crest Disney Cars Toothpaste Fruit Burst",
    "tags": [
      "Oral Hygiene"
    ],
    "categories": [
      {
        "code": "Personal Care",
        "desc": "Personal Care"
      }
    ],
    "subCategories": [
      {
        "code": "Personal Needs",
        "desc": "Personal Needs"
      }
    ],
    "brands": [
      {
        "code": "Crest",
        "desc": "Crest"
      }
    ],
    "price": {
      "basePrice": 3.78,
      "discountPrice": 3.78
    },
    "type": {
      "code": "Oral Hygiene",
      "desc": "Oral Hygiene"
    },
    "weight": "4.2 oz",
    "UpcCode": "",
    "tax": 1.0,
    "spiceLevel": "",
    "aiselNo": "13",
    "store": "Market Basket",
    "weightType": "4.2 oz",
    "imageName": "6406.jpg",
    "defaultImage": "6406.jpg",
    "updatedTimestamp": "Jan 23, 2021 8:02:30 PM",
    "createdTimestamp": "Jan 23, 2021 8:02:30 PM",
    "isNewlyAdded": false,
    "isActive": true,
    "isDealsEnabled": false,
    "quantity": 0
  },
  {
    "id": 7888,
    "code": "Chunk Light Tuna In Sunflower Oil",
    "desc": "Chunk Light Tuna In Sunflower Oil",
    "shortDesc": "Chunk Light Tuna In Sunflower Oil",
    "tags": [
      "Canned Meat & Seafood"
    ],
    "categories": [
      {
        "code": "Cooking Needs",
        "desc": "Cooking Needs"
      }
    ],
    "subCategories": [
      {
        "code": "Canned Food",
        "desc": "Canned Food"
      }
    ],
    "brands": [
      {
        "code": "StarKist",
        "desc": "StarKist"
      }
    ],
    "price": {
      "basePrice": 3.09,
      "discountPrice": 3.09
    },
    "type": {
      "code": "Canned Meat & Seafood",
      "desc": "Canned Meat & Seafood"
    },
    "weight": "6.4 oz",
    "UpcCode": "",
    "tax": 0.0,
    "spiceLevel": "",
    "aiselNo": "2",
    "store": "Market Basket",
    "weightType": "6.4 oz",
    "imageName": "5210.jpg",
    "defaultImage": "5210.jpg",
    "updatedTimestamp": "Jan 23, 2021 8:02:30 PM",
    "createdTimestamp": "Jan 23, 2021 8:02:30 PM",
    "isNewlyAdded": false,
    "isActive": true,
    "isDealsEnabled": false,
    "quantity": 0
  },
  {
    "id": 4945,
    "code": "Snyder's of Hanover Pretzels, Olde Tyme Pretzels",
    "desc": "Snyder's of Hanover Pretzels, Olde Tyme Pretzels",
    "shortDesc": "Snyder's of Hanover Pretzels, Olde Tyme Pretzels",
    "tags": [
      "Chips & Pretzels"
    ],
    "categories": [
      {
        "code": "Chips, Cookies & Snacks",
        "desc": "Chips, Cookies & Snacks"
      }
    ],
    "subCategories": [
      {
        "code": "Chips & Fruit Snacks",
        "desc": "Chips & Fruit Snacks"
      }
    ],
    "brands": [
      {
        "code": "Snyder's of Hanover",
        "desc": "Snyder's of Hanover"
      }
    ],
    "price": {
      "basePrice": 3.91,
      "discountPrice": 3.91
    },
    "type": {
      "code": "Chips & Pretzels",
      "desc": "Chips & Pretzels"
    },
    "weight": "16 oz",
    "UpcCode": "",
    "tax": 0.0,
    "spiceLevel": "",
    "aiselNo": "0",
    "store": "Market Basket",
    "weightType": "16 oz",
    "imageName": "896.jpg",
    "defaultImage": "896.jpg",
    "updatedTimestamp": "Jan 23, 2021 8:02:30 PM",
    "createdTimestamp": "Jan 23, 2021 8:02:30 PM",
    "isNewlyAdded": false,
    "isActive": true,
    "isDealsEnabled": false,
    "quantity": 0
  },
  {
    "id": 446,
    "code": "Hefty Ultra Strong Tall Drawstring Crisp Orchard Apple Kitchen Bags",
    "desc": "Hefty Ultra Strong Tall Drawstring Crisp Orchard Apple Kitchen Bags",
    "shortDesc": "Hefty Ultra Strong Tall Drawstring Crisp Orchard Apple Kitchen Bags",
    "tags": [
      "Tall Trash Bags"
    ],
    "categories": [
      {
        "code": "Kitchen & Cleaning",
        "desc": "Kitchen & Cleaning"
      }
    ],
    "subCategories": [
      {
        "code": "Trash Bags & Liners",
        "desc": "Trash Bags & Liners"
      }
    ],
    "brands": [
      {
        "code": "Hefty",
        "desc": "Hefty"
      }
    ],
    "price": {
      "basePrice": 8.59,
      "discountPrice": 8.59
    },
    "type": {
      "code": "Tall Trash Bags",
      "desc": "Tall Trash Bags"
    },
    "weight": "40 x 1 gal",
    "UpcCode": "",
    "tax": 1.0,
    "spiceLevel": "",
    "aiselNo": "12",
    "store": "Market Basket",
    "weightType": "40 x 1 gal",
    "imageName": "4689.jpg",
    "defaultImage": "4689.jpg",
    "updatedTimestamp": "Jan 23, 2021 8:02:30 PM",
    "createdTimestamp": "Jan 23, 2021 8:02:30 PM",
    "isNewlyAdded": false,
    "isActive": true,
    "isDealsEnabled": false,
    "quantity": 0
  },
  {
    "id": 7194,
    "code": "Badia Garlic Powder",
    "desc": "Badia Garlic Powder",
    "shortDesc": "Badia Garlic Powder",
    "tags": [
      "Spices & Seasonings"
    ],
    "categories": [
      {
        "code": "Cooking Needs",
        "desc": "Cooking Needs"
      }
    ],
    "subCategories": [
      {
        "code": "Spices & Seasonings",
        "desc": "Spices & Seasonings"
      }
    ],
    "brands": [
      {
        "code": "Badia",
        "desc": "Badia"
      }
    ],
    "price": {
      "basePrice": 4.29,
      "discountPrice": 4.29
    },
    "type": {
      "code": "Spices & Seasonings",
      "desc": "Spices & Seasonings"
    },
    "weight": "10.5 oz",
    "UpcCode": "",
    "tax": 0.0,
    "spiceLevel": "",
    "aiselNo": "9",
    "store": "Market Basket",
    "weightType": "10.5 oz",
    "imageName": "2228.jpg",
    "defaultImage": "2228.jpg",
    "updatedTimestamp": "Jan 23, 2021 8:02:30 PM",
    "createdTimestamp": "Jan 23, 2021 8:02:30 PM",
    "isNewlyAdded": false,
    "isActive": true,
    "isDealsEnabled": false,
    "quantity": 0
  },
  {
    "id": 7870,
    "code": "Salmon Sashimi",
    "desc": "Salmon Sashimi",
    "shortDesc": "Salmon Sashimi",
    "tags": [
      "Canned Meat & Seafood"
    ],
    "categories": [
      {
        "code": "Cooking Needs",
        "desc": "Cooking Needs"
      }
    ],
    "subCategories": [
      {
        "code": "Canned Food",
        "desc": "Canned Food"
      }
    ],
    "brands": [
      {
        "code": "Market Basket",
        "desc": "Market Basket"
      }
    ],
    "price": {
      "basePrice": 18.29,
      "discountPrice": 18.29
    },
    "type": {
      "code": "Canned Meat & Seafood",
      "desc": "Canned Meat & Seafood"
    },
    "weight": "1 ct",
    "UpcCode": "",
    "tax": 0.0,
    "spiceLevel": "",
    "aiselNo": "2",
    "store": "Market Basket",
    "weightType": "1 ct",
    "imageName": "Market Basket.jpg",
    "defaultImage": "Market Basket.jpg",
    "updatedTimestamp": "Jan 23, 2021 8:02:30 PM",
    "createdTimestamp": "Jan 23, 2021 8:02:30 PM",
    "isNewlyAdded": false,
    "isActive": true,
    "isDealsEnabled": false,
    "quantity": 0
  },
  {
    "id": 10065,
    "code": "Haagen dazs Chocolate Ice Cream",
    "desc": "Haagen dazs Chocolate Ice Cream",
    "shortDesc": "Haagen dazs Chocolate Ice Cream",
    "tags": [
      "Ice Cream & Ice"
    ],
    "categories": [
      {
        "code": "Frozen Food",
        "desc": "Frozen Food"
      }
    ],
    "subCategories": [
      {
        "code": "Ice Cream & Ice",
        "desc": "Ice Cream & Ice"
      }
    ],
    "brands": [
      {
        "code": "Haagen-dazs",
        "desc": "Haagen-dazs"
      }
    ],
    "price": {
      "basePrice": 4.29,
      "discountPrice": 4.29
    },
    "type": {
      "code": "Ice Cream & Ice",
      "desc": "Ice Cream & Ice"
    },
    "weight": "14 fl oz",
    "UpcCode": "",
    "tax": 0.0,
    "spiceLevel": "",
    "aiselNo": "21",
    "store": "Market Basket",
    "weightType": "14 fl oz",
    "imageName": "3081.jpg",
    "defaultImage": "3081.jpg",
    "updatedTimestamp": "Jan 23, 2021 8:02:30 PM",
    "createdTimestamp": "Jan 23, 2021 8:02:30 PM",
    "isNewlyAdded": false,
    "isActive": true,
    "isDealsEnabled": false,
    "quantity": 0
  },
  {
    "id": 3815,
    "code": "Organic Celery",
    "desc": "Organic Celery",
    "shortDesc": "Organic Celery",
    "tags": [
      "Celery"
    ],
    "categories": [
      {
        "code": "Fresh Produce",
        "desc": "Fresh Produce"
      }
    ],
    "subCategories": [
      {
        "code": "Fresh Organic Vegetables",
        "desc": "Fresh Organic Vegetables"
      }
    ],
    "brands": [
      {
        "code": "Market Basket",
        "desc": "Market Basket"
      }
    ],
    "price": {
      "basePrice": 4.93,
      "discountPrice": 4.93
    },
    "type": {
      "code": "Celery",
      "desc": "Celery"
    },
    "weight": "1 count",
    "UpcCode": "",
    "tax": 0.0,
    "spiceLevel": "",
    "aiselNo": "20",
    "store": "Market Basket",
    "weightType": "1 count",
    "imageName": "14417.jpg",
    "defaultImage": "14417.jpg",
    "updatedTimestamp": "Jan 23, 2021 8:02:30 PM",
    "createdTimestamp": "Jan 23, 2021 8:02:30 PM",
    "isNewlyAdded": false,
    "isActive": true,
    "isDealsEnabled": false,
    "quantity": 0
  },
  {
    "id": 3981,
    "code": "Purple Top Turnips pack",
    "desc": "Purple Top Turnips pack",
    "shortDesc": "Purple Top Turnips pack",
    "tags": [
      "Speciality Produce"
    ],
    "categories": [
      {
        "code": "Fresh Produce",
        "desc": "Fresh Produce"
      }
    ],
    "subCategories": [
      {
        "code": "Fresh Vegetables",
        "desc": "Fresh Vegetables"
      }
    ],
    "brands": [
      {
        "code": "Market Basket",
        "desc": "Market Basket"
      }
    ],
    "price": {
      "basePrice": 2.06,
      "discountPrice": 2.06
    },
    "type": {
      "code": "Speciality Produce",
      "desc": "Speciality Produce"
    },
    "weight": "1 lb",
    "UpcCode": "",
    "tax": 0.0,
    "spiceLevel": "",
    "aiselNo": "20",
    "store": "Market Basket",
    "weightType": "1 lb",
    "imageName": "FP82.jpg",
    "defaultImage": "FP82.jpg",
    "updatedTimestamp": "Jan 23, 2021 8:02:30 PM",
    "createdTimestamp": "Jan 23, 2021 8:02:30 PM",
    "isNewlyAdded": false,
    "isActive": true,
    "isDealsEnabled": false,
    "quantity": 0
  },
  {
    "id": 8756,
    "code": "Market Basket Salsa, Mild",
    "desc": "Market Basket Salsa, Mild",
    "shortDesc": "Market Basket Salsa, Mild",
    "tags": [
      "Preserved Dips & Salsa"
    ],
    "categories": [
      {
        "code": "Condiments & Dressings",
        "desc": "Condiments & Dressings"
      }
    ],
    "subCategories": [
      {
        "code": "Preserved Dips & Spreads",
        "desc": "Preserved Dips & Spreads"
      }
    ],
    "brands": [
      {
        "code": "Market Basket",
        "desc": "Market Basket"
      }
    ],
    "price": {
      "basePrice": 2.49,
      "discountPrice": 2.49
    },
    "type": {
      "code": "Preserved Dips & Salsa",
      "desc": "Preserved Dips & Salsa"
    },
    "weight": "24 oz",
    "UpcCode": "",
    "tax": 0.0,
    "spiceLevel": "",
    "aiselNo": "1",
    "store": "Market Basket",
    "weightType": "24 oz",
    "imageName": "Market Basket.jpg",
    "defaultImage": "Market Basket.jpg",
    "updatedTimestamp": "Jan 23, 2021 8:02:30 PM",
    "createdTimestamp": "Jan 23, 2021 8:02:30 PM",
    "isNewlyAdded": false,
    "isActive": true,
    "isDealsEnabled": false,
    "quantity": 0
  },
  {
    "id": 6190,
    "code": "Schweppes Diet Ginger Ale Can",
    "desc": "Schweppes Diet Ginger Ale Can",
    "shortDesc": "Schweppes Diet Ginger Ale Can",
    "tags": [
      "Ginger Ale"
    ],
    "categories": [
      {
        "code": "Beverages & Juices",
        "desc": "Beverages & Juices"
      }
    ],
    "subCategories": [
      {
        "code": "Ginger Ale & Ginger Beer",
        "desc": "Ginger Ale & Ginger Beer"
      }
    ],
    "brands": [
      {
        "code": "Schweppes",
        "desc": "Schweppes"
      }
    ],
    "price": {
      "basePrice": 4.38,
      "discountPrice": 4.38
    },
    "type": {
      "code": "Ginger Ale",
      "desc": "Ginger Ale"
    },
    "weight": "6 x 7.5 fl oz",
    "UpcCode": "",
    "tax": 0.0,
    "spiceLevel": "",
    "aiselNo": "17",
    "store": "Market Basket",
    "weightType": "6 x 7.5 fl oz",
    "imageName": "No Image.jpg",
    "defaultImage": "No Image.jpg",
    "updatedTimestamp": "Jan 23, 2021 8:02:29 PM",
    "createdTimestamp": "Jan 23, 2021 8:02:29 PM",
    "isNewlyAdded": false,
    "isActive": true,
    "isDealsEnabled": false,
    "quantity": 0
  },
  {
    "id": 3459,
    "code": "Honeydew Melons",
    "desc": "Honeydew Melons",
    "shortDesc": "Honeydew Melons",
    "tags": [
      "Melon"
    ],
    "categories": [
      {
        "code": "Fresh Produce",
        "desc": "Fresh Produce"
      }
    ],
    "subCategories": [
      {
        "code": "Fresh Fruits",
        "desc": "Fresh Fruits"
      }
    ],
    "brands": [
      {
        "code": "Market Basket",
        "desc": "Market Basket"
      }
    ],
    "price": {
      "basePrice": 5.49,
      "discountPrice": 5.49
    },
    "type": {
      "code": "Melon",
      "desc": "Melon"
    },
    "weight": "1 each",
    "UpcCode": "",
    "tax": 0.0,
    "spiceLevel": "",
    "aiselNo": "20",
    "store": "Market Basket",
    "weightType": "1 each",
    "imageName": "f38.jpg",
    "defaultImage": "f38.jpg",
    "updatedTimestamp": "Jan 23, 2021 8:02:30 PM",
    "createdTimestamp": "Jan 23, 2021 8:02:30 PM",
    "isNewlyAdded": false,
    "isActive": true,
    "isDealsEnabled": false,
    "quantity": 0
  },
  {
    "id": 5410,
    "code": "Stauffer's Animal Cracker Original 6 Bags",
    "desc": "Stauffer's Animal Cracker Original 6 Bags",
    "shortDesc": "Stauffer's Animal Cracker Original 6 Bags",
    "tags": [
      "Crackers"
    ],
    "categories": [
      {
        "code": "Chips, Cookies & Snacks",
        "desc": "Chips, Cookies & Snacks"
      }
    ],
    "subCategories": [
      {
        "code": "Cookies & Crackers",
        "desc": "Cookies & Crackers"
      }
    ],
    "brands": [
      {
        "code": "Stauffer's",
        "desc": "Stauffer's"
      }
    ],
    "price": {
      "basePrice": 3.13,
      "discountPrice": 3.13
    },
    "type": {
      "code": "Crackers",
      "desc": "Crackers"
    },
    "weight": "9 oz",
    "UpcCode": "",
    "tax": 0.0,
    "spiceLevel": "",
    "aiselNo": "6",
    "store": "Market Basket",
    "weightType": "9 oz",
    "imageName": "No Image.jpg",
    "defaultImage": "No Image.jpg",
    "updatedTimestamp": "Jan 23, 2021 8:02:30 PM",
    "createdTimestamp": "Jan 23, 2021 8:02:30 PM",
    "isNewlyAdded": false,
    "isActive": true,
    "isDealsEnabled": false,
    "quantity": 0
  },
  {
    "id": 128,
    "code": "Butler Gum Squeeze Mop With Scrubber Refill",
    "desc": "Butler Gum Squeeze Mop With Scrubber Refill",
    "shortDesc": "Butler Gum Squeeze Mop With Scrubber Refill",
    "tags": [
      "Mop"
    ],
    "categories": [
      {
        "code": "Kitchen & Cleaning",
        "desc": "Kitchen & Cleaning"
      }
    ],
    "subCategories": [
      {
        "code": "Cleaning Products",
        "desc": "Cleaning Products"
      }
    ],
    "brands": [
      {
        "code": "Butler Gum",
        "desc": "Butler Gum"
      }
    ],
    "price": {
      "basePrice": 4.89,
      "discountPrice": 4.89
    },
    "type": {
      "code": "Mop",
      "desc": "Mop"
    },
    "weight": "1 count",
    "UpcCode": "",
    "tax": 1.0,
    "spiceLevel": "",
    "aiselNo": "15",
    "store": "Market Basket",
    "weightType": "1 count",
    "imageName": "No Image.jpg",
    "defaultImage": "No Image.jpg",
    "updatedTimestamp": "Jan 23, 2021 8:02:30 PM",
    "createdTimestamp": "Jan 23, 2021 8:02:30 PM",
    "isNewlyAdded": false,
    "isActive": true,
    "isDealsEnabled": false,
    "quantity": 0
  },
  {
    "id": 7282,
    "code": "McCormick GourmetÃ¢âÂ¢ Ancho Chile Pepper",
    "desc": "McCormick GourmetÃ¢âÂ¢ Ancho Chile Pepper",
    "shortDesc": "McCormick GourmetÃ¢âÂ¢ Ancho Chile Pepper",
    "tags": [
      "Spices & Seasonings"
    ],
    "categories": [
      {
        "code": "Cooking Needs",
        "desc": "Cooking Needs"
      }
    ],
    "subCategories": [
      {
        "code": "Spices & Seasonings",
        "desc": "Spices & Seasonings"
      }
    ],
    "brands": [
      {
        "code": "McCormick",
        "desc": "McCormick"
      }
    ],
    "price": {
      "basePrice": 4.89,
      "discountPrice": 4.89
    },
    "type": {
      "code": "Spices & Seasonings",
      "desc": "Spices & Seasonings"
    },
    "weight": "1.62 oz",
    "UpcCode": "",
    "tax": 0.0,
    "spiceLevel": "",
    "aiselNo": "9",
    "store": "Market Basket",
    "weightType": "1.62 oz",
    "imageName": "2199.jpg",
    "defaultImage": "2199.jpg",
    "updatedTimestamp": "Jan 23, 2021 8:02:30 PM",
    "createdTimestamp": "Jan 23, 2021 8:02:30 PM",
    "isNewlyAdded": false,
    "isActive": true,
    "isDealsEnabled": false,
    "quantity": 0
  },
  {
    "id": 9142,
    "code": "Market Basket Cooked And Peeled Shrimp Ring",
    "desc": "Market Basket Cooked And Peeled Shrimp Ring",
    "shortDesc": "Market Basket Cooked And Peeled Shrimp Ring",
    "tags": [
      "Frozen Appetizers & Sides"
    ],
    "categories": [
      {
        "code": "Frozen Food",
        "desc": "Frozen Food"
      }
    ],
    "subCategories": [
      {
        "code": "Frozen Dinners & Entrees",
        "desc": "Frozen Dinners & Entrees"
      }
    ],
    "brands": [
      {
        "code": "Market Basket",
        "desc": "Market Basket"
      }
    ],
    "price": {
      "basePrice": 9.79,
      "discountPrice": 9.79
    },
    "type": {
      "code": "Frozen Appetizers & Sides",
      "desc": "Frozen Appetizers & Sides"
    },
    "weight": "16 oz",
    "UpcCode": "",
    "tax": 0.0,
    "spiceLevel": "",
    "aiselNo": "18",
    "store": "Market Basket",
    "weightType": "16 oz",
    "imageName": "Market Basket.jpg",
    "defaultImage": "Market Basket.jpg",
    "updatedTimestamp": "Jan 23, 2021 8:02:30 PM",
    "createdTimestamp": "Jan 23, 2021 8:02:30 PM",
    "isNewlyAdded": false,
    "isActive": true,
    "isDealsEnabled": false,
    "quantity": 0
  },
  {
    "id": 4698,
    "code": "StarKistÃÂ® StarKist Tuna Creations Lemon Pepper",
    "desc": "StarKistÃÂ® StarKist Tuna Creations Lemon Pepper",
    "shortDesc": "StarKistÃÂ® StarKist Tuna Creations Lemon Pepper",
    "tags": [
      "Canned Tuna"
    ],
    "categories": [
      {
        "code": "Meat & Seafood",
        "desc": "Meat & Seafood"
      }
    ],
    "subCategories": [
      {
        "code": "Canned Meat & Seafood",
        "desc": "Canned Meat & Seafood"
      }
    ],
    "brands": [
      {
        "code": "StarKistÃÂ®",
        "desc": "StarKistÃÂ®"
      }
    ],
    "price": {
      "basePrice": 1.69,
      "discountPrice": 1.69
    },
    "type": {
      "code": "Canned Tuna",
      "desc": "Canned Tuna"
    },
    "weight": "2.6 oz",
    "UpcCode": "",
    "tax": 0.0,
    "spiceLevel": "",
    "aiselNo": "2",
    "store": "Market Basket",
    "weightType": "2.6 oz",
    "imageName": "5204.jpg",
    "defaultImage": "5204.jpg",
    "updatedTimestamp": "Jan 23, 2021 8:02:30 PM",
    "createdTimestamp": "Jan 23, 2021 8:02:30 PM",
    "isNewlyAdded": false,
    "isActive": true,
    "isDealsEnabled": false,
    "quantity": 0
  },
  {
    "id": 7827,
    "code": "Bumble Bee Snack On The Run! with Crackers Tuna Salad",
    "desc": "Bumble Bee Snack On The Run! with Crackers Tuna Salad",
    "shortDesc": "Bumble Bee Snack On The Run! with Crackers Tuna Salad",
    "tags": [
      "Canned Meat & Seafood"
    ],
    "categories": [
      {
        "code": "Cooking Needs",
        "desc": "Cooking Needs"
      }
    ],
    "subCategories": [
      {
        "code": "Canned Food",
        "desc": "Canned Food"
      }
    ],
    "brands": [
      {
        "code": "Bumble Bee",
        "desc": "Bumble Bee"
      }
    ],
    "price": {
      "basePrice": 1.59,
      "discountPrice": 1.59
    },
    "type": {
      "code": "Canned Meat & Seafood",
      "desc": "Canned Meat & Seafood"
    },
    "weight": "3.5 oz",
    "UpcCode": "",
    "tax": 0.0,
    "spiceLevel": "",
    "aiselNo": "2",
    "store": "Market Basket",
    "weightType": "3.5 oz",
    "imageName": "5196.jpg",
    "defaultImage": "5196.jpg",
    "updatedTimestamp": "Jan 23, 2021 8:02:30 PM",
    "createdTimestamp": "Jan 23, 2021 8:02:30 PM",
    "isNewlyAdded": false,
    "isActive": true,
    "isDealsEnabled": false,
    "quantity": 0
  },
  {
    "id": 4080,
    "code": "Market Basket Beef Eye Round Sandwich Steaks",
    "desc": "Market Basket Beef Eye Round Sandwich Steaks",
    "shortDesc": "Market Basket Beef Eye Round Sandwich Steaks",
    "tags": [
      "Beef"
    ],
    "categories": [
      {
        "code": "Meat & Seafood",
        "desc": "Meat & Seafood"
      }
    ],
    "subCategories": [
      {
        "code": "Meat & Seafood Counter",
        "desc": "Meat & Seafood Counter"
      }
    ],
    "brands": [
      {
        "code": "Market Basket",
        "desc": "Market Basket"
      }
    ],
    "price": {
      "basePrice": 6.09,
      "discountPrice": 6.09
    },
    "type": {
      "code": "Beef",
      "desc": "Beef"
    },
    "weight": "Approx: 1.00 lb at $6.09/lb",
    "UpcCode": "",
    "tax": 0.0,
    "spiceLevel": "",
    "aiselNo": "22",
    "store": "Market Basket",
    "weightType": "Approx: 1.00 lb at $6.09/lb",
    "imageName": "Market Basket.jpg",
    "defaultImage": "Market Basket.jpg",
    "updatedTimestamp": "Jan 23, 2021 8:02:30 PM",
    "createdTimestamp": "Jan 23, 2021 8:02:30 PM",
    "isNewlyAdded": false,
    "isActive": true,
    "isDealsEnabled": false,
    "quantity": 0
  },
  {
    "id": 7809,
    "code": "Progresso Fava Beans",
    "desc": "Progresso Fava Beans",
    "shortDesc": "Progresso Fava Beans",
    "tags": [
      "Canned Meals & Beans"
    ],
    "categories": [
      {
        "code": "Cooking Needs",
        "desc": "Cooking Needs"
      }
    ],
    "subCategories": [
      {
        "code": "Canned Food",
        "desc": "Canned Food"
      }
    ],
    "brands": [
      {
        "code": "Progresso",
        "desc": "Progresso"
      }
    ],
    "price": {
      "basePrice": 1.49,
      "discountPrice": 1.49
    },
    "type": {
      "code": "Canned Meals & Beans",
      "desc": "Canned Meals & Beans"
    },
    "weight": "19 oz",
    "UpcCode": "",
    "tax": 0.0,
    "spiceLevel": "",
    "aiselNo": "2",
    "store": "Market Basket",
    "weightType": "19 oz",
    "imageName": "5176.jpg",
    "defaultImage": "5176.jpg",
    "updatedTimestamp": "Jan 23, 2021 8:02:30 PM",
    "createdTimestamp": "Jan 23, 2021 8:02:30 PM",
    "isNewlyAdded": false,
    "isActive": true,
    "isDealsEnabled": false,
    "quantity": 0
  },
  {
    "id": 14607,
    "code": "Snapple Diet Raspberry Tea",
    "desc": "Snapple Diet Raspberry Tea",
    "shortDesc": "Snapple Diet Raspberry Tea",
    "tags": [
      "Tea"
    ],
    "categories": [
      {
        "code": "Beverages & Juices",
        "desc": "Beverages & Juices"
      }
    ],
    "subCategories": [
      {
        "code": "Tea, Coffee, Milk & Coconut Water",
        "desc": "Tea, Coffee, Milk & Coconut Water"
      }
    ],
    "brands": [
      {
        "code": "Snapple",
        "desc": "Snapple"
      }
    ],
    "price": {
      "basePrice": 7.49,
      "discountPrice": 7.49
    },
    "type": {
      "code": "Tea",
      "desc": "Tea"
    },
    "weight": "12 x 16 fl oz",
    "UpcCode": "",
    "tax": 0.0,
    "spiceLevel": "",
    "aiselNo": "10",
    "store": "Market Basket",
    "weightType": "12 x 16 fl oz",
    "imageName": "X2993.jpg",
    "defaultImage": "X2993.jpg",
    "updatedTimestamp": "Jan 23, 2021 8:02:29 PM",
    "createdTimestamp": "Jan 23, 2021 8:02:29 PM",
    "isNewlyAdded": false,
    "isActive": true,
    "isDealsEnabled": false,
    "quantity": 0
  },
  {
    "id": 4528,
    "code": "Thin 'n Trim Ham Steak With Natural Juices",
    "desc": "Thin 'n Trim Ham Steak With Natural Juices",
    "shortDesc": "Thin 'n Trim Ham Steak With Natural Juices",
    "tags": [
      "Ham"
    ],
    "categories": [
      {
        "code": "Meat & Seafood",
        "desc": "Meat & Seafood"
      }
    ],
    "subCategories": [
      {
        "code": "Lunch Meat",
        "desc": "Lunch Meat"
      }
    ],
    "brands": [
      {
        "code": "Thin 'n Trim",
        "desc": "Thin 'n Trim"
      }
    ],
    "price": {
      "basePrice": 2.19,
      "discountPrice": 2.19
    },
    "type": {
      "code": "Ham",
      "desc": "Ham"
    },
    "weight": "6 oz",
    "UpcCode": "",
    "tax": 0.0,
    "spiceLevel": "",
    "aiselNo": "22",
    "store": "Market Basket",
    "weightType": "6 oz",
    "imageName": "No Image.jpg",
    "defaultImage": "No Image.jpg",
    "updatedTimestamp": "Jan 23, 2021 8:02:30 PM",
    "createdTimestamp": "Jan 23, 2021 8:02:30 PM",
    "isNewlyAdded": false,
    "isActive": true,
    "isDealsEnabled": false,
    "quantity": 0
  },
  {
    "id": 8054,
    "code": "Market Basket Onion Recipe Dip And Soup Mix",
    "desc": "Market Basket Onion Recipe Dip And Soup Mix",
    "shortDesc": "Market Basket Onion Recipe Dip And Soup Mix",
    "tags": [
      "Soup, Broth & Bouillon"
    ],
    "categories": [
      {
        "code": "Cooking Needs",
        "desc": "Cooking Needs"
      }
    ],
    "subCategories": [
      {
        "code": "Canned Food",
        "desc": "Canned Food"
      }
    ],
    "brands": [
      {
        "code": "Market Basket",
        "desc": "Market Basket"
      }
    ],
    "price": {
      "basePrice": 1.29,
      "discountPrice": 1.29
    },
    "type": {
      "code": "Soup, Broth & Bouillon",
      "desc": "Soup, Broth & Bouillon"
    },
    "weight": "2.75 oz",
    "UpcCode": "",
    "tax": 0.0,
    "spiceLevel": "",
    "aiselNo": "2",
    "store": "Market Basket",
    "weightType": "2.75 oz",
    "imageName": "Market Basket.jpg",
    "defaultImage": "Market Basket.jpg",
    "updatedTimestamp": "Jan 23, 2021 8:02:30 PM",
    "createdTimestamp": "Jan 23, 2021 8:02:30 PM",
    "isNewlyAdded": false,
    "isActive": true,
    "isDealsEnabled": false,
    "quantity": 0
  },
  {
    "id": 631,
    "code": "Market Basket Fragrance Free Cleansing Wipes 36 wipes",
    "desc": "Market Basket Fragrance Free Cleansing Wipes 36 wipes",
    "shortDesc": "Market Basket Fragrance Free Cleansing Wipes 36 wipes",
    "tags": [
      "Wipes"
    ],
    "categories": [
      {
        "code": "Laundry & Paper Goods",
        "desc": "Laundry & Paper Goods"
      }
    ],
    "subCategories": [
      {
        "code": "Paper Goods",
        "desc": "Paper Goods"
      }
    ],
    "brands": [
      {
        "code": "Market Basket",
        "desc": "Market Basket"
      }
    ],
    "price": {
      "basePrice": 1.49,
      "discountPrice": 1.49
    },
    "type": {
      "code": "Wipes",
      "desc": "Wipes"
    },
    "weight": "1 unit",
    "UpcCode": "",
    "tax": 1.0,
    "spiceLevel": "",
    "aiselNo": "14",
    "store": "Market Basket",
    "weightType": "1 unit",
    "imageName": "Market Basket.jpg",
    "defaultImage": "Market Basket.jpg",
    "updatedTimestamp": "Jan 23, 2021 8:02:30 PM",
    "createdTimestamp": "Jan 23, 2021 8:02:30 PM",
    "isNewlyAdded": false,
    "isActive": true,
    "isDealsEnabled": false,
    "quantity": 0
  },
  {
    "id": 14930,
    "code": "Halls Relief Menthol Drops, Honey Lemon",
    "desc": "Halls Relief Menthol Drops, Honey Lemon",
    "shortDesc": "Halls Relief Menthol Drops, Honey Lemon",
    "tags": [
      "Cold, Flu & Allergy"
    ],
    "categories": [
      {
        "code": "Personal Care",
        "desc": "Personal Care"
      }
    ],
    "subCategories": [
      {
        "code": "First Aid & Healthcare",
        "desc": "First Aid & Healthcare"
      }
    ],
    "brands": [
      {
        "code": "Halls",
        "desc": "Halls"
      }
    ],
    "price": {
      "basePrice": 2.29,
      "discountPrice": 2.29
    },
    "type": {
      "code": "Cold, Flu & Allergy",
      "desc": "Cold, Flu & Allergy"
    },
    "weight": "40 count",
    "UpcCode": "",
    "tax": 1.0,
    "spiceLevel": "",
    "aiselNo": "13",
    "store": "Market Basket",
    "weightType": "40 count",
    "imageName": "6658.jpg",
    "defaultImage": "6658.jpg",
    "updatedTimestamp": "Jan 23, 2021 8:02:30 PM",
    "createdTimestamp": "Jan 23, 2021 8:02:30 PM",
    "isNewlyAdded": false,
    "isActive": true,
    "isDealsEnabled": false,
    "quantity": 0
  },
  {
    "id": 6350,
    "code": "Polar Diet Pink Grapefruit Dry",
    "desc": "Polar Diet Pink Grapefruit Dry",
    "shortDesc": "Polar Diet Pink Grapefruit Dry",
    "tags": [
      "Soft Drinks"
    ],
    "categories": [
      {
        "code": "Beverages & Juices",
        "desc": "Beverages & Juices"
      }
    ],
    "subCategories": [
      {
        "code": "Soft Drinks & Seltzers",
        "desc": "Soft Drinks & Seltzers"
      }
    ],
    "brands": [
      {
        "code": "Polar",
        "desc": "Polar"
      }
    ],
    "price": {
      "basePrice": 2.11,
      "discountPrice": 2.11
    },
    "type": {
      "code": "Soft Drinks",
      "desc": "Soft Drinks"
    },
    "weight": "2 L",
    "UpcCode": "",
    "tax": 0.0,
    "spiceLevel": "",
    "aiselNo": "11",
    "store": "Market Basket",
    "weightType": "2 L",
    "imageName": "No Image.jpg",
    "defaultImage": "No Image.jpg",
    "updatedTimestamp": "Jan 23, 2021 8:02:30 PM",
    "createdTimestamp": "Jan 23, 2021 8:02:30 PM",
    "isNewlyAdded": false,
    "isActive": true,
    "isDealsEnabled": false,
    "quantity": 0
  },
  {
    "id": 6526,
    "code": "Sunmaid Strawberry Yogurt Flavored Raisins",
    "desc": "Sunmaid Strawberry Yogurt Flavored Raisins",
    "shortDesc": "Sunmaid Strawberry Yogurt Flavored Raisins",
    "tags": [
      "Nuts, Seeds & Dried Fruit"
    ],
    "categories": [
      {
        "code": "Chips, Cookies & Snacks",
        "desc": "Chips, Cookies & Snacks"
      }
    ],
    "subCategories": [
      {
        "code": "Nuts, Seeds & Dried Fruit",
        "desc": "Nuts, Seeds & Dried Fruit"
      }
    ],
    "brands": [
      {
        "code": "Sunmaid",
        "desc": "Sunmaid"
      }
    ],
    "price": {
      "basePrice": 3.74,
      "discountPrice": 3.74
    },
    "type": {
      "code": "Nuts, Seeds & Dried Fruit",
      "desc": "Nuts, Seeds & Dried Fruit"
    },
    "weight": "5 oz",
    "UpcCode": "",
    "tax": 0.0,
    "spiceLevel": "",
    "aiselNo": "6",
    "store": "Market Basket",
    "weightType": "5 oz",
    "imageName": "No Image.jpg",
    "defaultImage": "No Image.jpg",
    "updatedTimestamp": "Jan 23, 2021 8:02:30 PM",
    "createdTimestamp": "Jan 23, 2021 8:02:30 PM",
    "isNewlyAdded": false,
    "isActive": true,
    "isDealsEnabled": false,
    "quantity": 0
  },
  {
    "id": 551,
    "code": "Gain Fireworks in wash scent original Laundry Detergent",
    "desc": "Gain Fireworks in wash scent original Laundry Detergent",
    "shortDesc": "Gain Fireworks in wash scent original Laundry Detergent",
    "tags": [
      "Laundry Detergent"
    ],
    "categories": [
      {
        "code": "Laundry & Paper Goods",
        "desc": "Laundry & Paper Goods"
      }
    ],
    "subCategories": [
      {
        "code": "Laundry",
        "desc": "Laundry"
      }
    ],
    "brands": [
      {
        "code": "Gain",
        "desc": "Gain"
      }
    ],
    "price": {
      "basePrice": 8.74,
      "discountPrice": 8.74
    },
    "type": {
      "code": "Laundry Detergent",
      "desc": "Laundry Detergent"
    },
    "weight": "285 g",
    "UpcCode": "",
    "tax": 1.0,
    "spiceLevel": "",
    "aiselNo": "15",
    "store": "Market Basket",
    "weightType": "285 g",
    "imageName": "No Image.jpg",
    "defaultImage": "No Image.jpg",
    "updatedTimestamp": "Jan 23, 2021 8:02:30 PM",
    "createdTimestamp": "Jan 23, 2021 8:02:30 PM",
    "isNewlyAdded": false,
    "isActive": true,
    "isDealsEnabled": false,
    "quantity": 0
  },
  {
    "id": 14370,
    "code": "Folgers Coffee Singles, Medium, Classic Roast, Bags",
    "desc": "Folgers Coffee Singles, Medium, Classic Roast, Bags",
    "shortDesc": "Folgers Coffee Singles, Medium, Classic Roast, Bags",
    "tags": [
      "Coffee"
    ],
    "categories": [
      {
        "code": "Breakfast & Dairy",
        "desc": "Breakfast & Dairy"
      }
    ],
    "subCategories": [
      {
        "code": "Tea & Coffee",
        "desc": "Tea & Coffee"
      }
    ],
    "brands": [
      {
        "code": "Folgers ",
        "desc": "Folgers "
      }
    ],
    "price": {
      "basePrice": 10.99,
      "discountPrice": 10.99
    },
    "type": {
      "code": "Coffee",
      "desc": "Coffee"
    },
    "weight": "38 count",
    "UpcCode": "",
    "tax": 0.0,
    "spiceLevel": "",
    "aiselNo": "8",
    "store": "Market Basket",
    "weightType": "38 count",
    "imageName": "3336.jpg",
    "defaultImage": "3336.jpg",
    "updatedTimestamp": "Jan 23, 2021 8:02:30 PM",
    "createdTimestamp": "Jan 23, 2021 8:02:30 PM",
    "isNewlyAdded": false,
    "isActive": true,
    "isDealsEnabled": false,
    "quantity": 0
  },
  {
    "id": 10219,
    "code": "Skinny Cow Oh La La Chocolate Truffle Ice Cream Bars",
    "desc": "Skinny Cow Oh La La Chocolate Truffle Ice Cream Bars",
    "shortDesc": "Skinny Cow Oh La La Chocolate Truffle Ice Cream Bars",
    "tags": [
      "Ice Cream & Ice"
    ],
    "categories": [
      {
        "code": "Frozen Food",
        "desc": "Frozen Food"
      }
    ],
    "subCategories": [
      {
        "code": "Ice Cream & Ice",
        "desc": "Ice Cream & Ice"
      }
    ],
    "brands": [
      {
        "code": "Skinny Cow",
        "desc": "Skinny Cow"
      }
    ],
    "price": {
      "basePrice": 4.29,
      "discountPrice": 4.29
    },
    "type": {
      "code": "Ice Cream & Ice",
      "desc": "Ice Cream & Ice"
    },
    "weight": "6 count",
    "UpcCode": "",
    "tax": 0.0,
    "spiceLevel": "",
    "aiselNo": "21",
    "store": "Market Basket",
    "weightType": "6 count",
    "imageName": "16140.jpg",
    "defaultImage": "16140.jpg",
    "updatedTimestamp": "Jan 23, 2021 8:02:30 PM",
    "createdTimestamp": "Jan 23, 2021 8:02:30 PM",
    "isNewlyAdded": false,
    "isActive": true,
    "isDealsEnabled": false,
    "quantity": 0
  },
  {
    "id": 10389,
    "code": "Bom De Mais Cornmeal",
    "desc": "Bom De Mais Cornmeal",
    "shortDesc": "Bom De Mais Cornmeal",
    "tags": [
      "Grains, Rice & Dried Goods"
    ],
    "categories": [
      {
        "code": "Cooking Needs",
        "desc": "Cooking Needs"
      }
    ],
    "subCategories": [
      {
        "code": "Rice & Grains",
        "desc": "Rice & Grains"
      }
    ],
    "brands": [
      {
        "code": "Bom De Mais",
        "desc": "Bom De Mais"
      }
    ],
    "price": {
      "basePrice": 1.69,
      "discountPrice": 1.69
    },
    "type": {
      "code": "Grains, Rice & Dried Goods",
      "desc": "Grains, Rice & Dried Goods"
    },
    "weight": "32 oz",
    "UpcCode": "",
    "tax": 0.0,
    "spiceLevel": "",
    "aiselNo": "N/A",
    "store": "Market Basket",
    "weightType": "32 oz",
    "imageName": "17447.jpg",
    "defaultImage": "17447.jpg",
    "updatedTimestamp": "Jan 23, 2021 8:02:30 PM",
    "createdTimestamp": "Jan 23, 2021 8:02:30 PM",
    "isNewlyAdded": false,
    "isActive": true,
    "isDealsEnabled": false,
    "quantity": 0
  },
  {
    "id": 10422,
    "code": "Goya Red Kidney Beans",
    "desc": "Goya Red Kidney Beans",
    "shortDesc": "Goya Red Kidney Beans",
    "tags": [
      "Canned Food"
    ],
    "categories": [
      {
        "code": "Cooking Needs",
        "desc": "Cooking Needs"
      }
    ],
    "subCategories": [
      {
        "code": "Canned Food",
        "desc": "Canned Food"
      }
    ],
    "brands": [
      {
        "code": "Goya",
        "desc": "Goya"
      }
    ],
    "price": {
      "basePrice": 0.99,
      "discountPrice": 0.99
    },
    "type": {
      "code": "Canned Food",
      "desc": "Canned Food"
    },
    "weight": "15.5 oz",
    "UpcCode": "",
    "tax": 0.0,
    "spiceLevel": "",
    "aiselNo": "7",
    "store": "Market Basket",
    "weightType": "15.5 oz",
    "imageName": "5804.jpg",
    "defaultImage": "5804.jpg",
    "updatedTimestamp": "Jan 23, 2021 8:02:30 PM",
    "createdTimestamp": "Jan 23, 2021 8:02:30 PM",
    "isNewlyAdded": false,
    "isActive": true,
    "isDealsEnabled": false,
    "quantity": 0
  },
  {
    "id": 14996,
    "code": "Market Basket Extra Strength Non Aspirin Pain Relief Acetaminophen",
    "desc": "Market Basket Extra Strength Non Aspirin Pain Relief Acetaminophen",
    "shortDesc": "Market Basket Extra Strength Non Aspirin Pain Relief Acetaminophen",
    "tags": [
      "Muscles, Joints & Pain Relief"
    ],
    "categories": [
      {
        "code": "Personal Care",
        "desc": "Personal Care"
      }
    ],
    "subCategories": [
      {
        "code": "First Aid & Healthcare",
        "desc": "First Aid & Healthcare"
      }
    ],
    "brands": [
      {
        "code": "Market Basket",
        "desc": "Market Basket"
      }
    ],
    "price": {
      "basePrice": 4.24,
      "discountPrice": 4.24
    },
    "type": {
      "code": "Muscles, Joints & Pain Relief",
      "desc": "Muscles, Joints & Pain Relief"
    },
    "weight": "50 count",
    "UpcCode": "",
    "tax": 1.0,
    "spiceLevel": "",
    "aiselNo": "13",
    "store": "Market Basket",
    "weightType": "50 count",
    "imageName": "Market Basket.jpg",
    "defaultImage": "Market Basket.jpg",
    "updatedTimestamp": "Jan 23, 2021 8:02:30 PM",
    "createdTimestamp": "Jan 23, 2021 8:02:30 PM",
    "isNewlyAdded": false,
    "isActive": true,
    "isDealsEnabled": false,
    "quantity": 0
  },
  {
    "id": 15057,
    "code": "Speed Stick Power Antipirspirant Deodorant Ultimate Sport",
    "desc": "Speed Stick Power Antipirspirant Deodorant Ultimate Sport",
    "shortDesc": "Speed Stick Power Antipirspirant Deodorant Ultimate Sport",
    "tags": [
      "Deodorants"
    ],
    "categories": [
      {
        "code": "Personal Care",
        "desc": "Personal Care"
      }
    ],
    "subCategories": [
      {
        "code": "Personal Needs",
        "desc": "Personal Needs"
      }
    ],
    "brands": [
      {
        "code": "Speed Stick",
        "desc": "Speed Stick"
      }
    ],
    "price": {
      "basePrice": 3.55,
      "discountPrice": 3.55
    },
    "type": {
      "code": "Deodorants",
      "desc": "Deodorants"
    },
    "weight": "3 oz",
    "UpcCode": "",
    "tax": 1.0,
    "spiceLevel": "",
    "aiselNo": "13",
    "store": "Market Basket",
    "weightType": "3 oz",
    "imageName": "6309.jpg",
    "defaultImage": "6309.jpg",
    "updatedTimestamp": "Jan 23, 2021 8:02:30 PM",
    "createdTimestamp": "Jan 23, 2021 8:02:30 PM",
    "isNewlyAdded": false,
    "isActive": true,
    "isDealsEnabled": false,
    "quantity": 0
  },
  {
    "id": 7181,
    "code": "Badia All Purpose Seasoned Salt",
    "desc": "Badia All Purpose Seasoned Salt",
    "shortDesc": "Badia All Purpose Seasoned Salt",
    "tags": [
      "Spices & Seasonings"
    ],
    "categories": [
      {
        "code": "Cooking Needs",
        "desc": "Cooking Needs"
      }
    ],
    "subCategories": [
      {
        "code": "Spices & Seasonings",
        "desc": "Spices & Seasonings"
      }
    ],
    "brands": [
      {
        "code": "Badia",
        "desc": "Badia"
      }
    ],
    "price": {
      "basePrice": 3.19,
      "discountPrice": 3.19
    },
    "type": {
      "code": "Spices & Seasonings",
      "desc": "Spices & Seasonings"
    },
    "weight": "16 oz",
    "UpcCode": "",
    "tax": 0.0,
    "spiceLevel": "",
    "aiselNo": "9",
    "store": "Market Basket",
    "weightType": "16 oz",
    "imageName": "2213.jpg",
    "defaultImage": "2213.jpg",
    "updatedTimestamp": "Jan 23, 2021 8:02:30 PM",
    "createdTimestamp": "Jan 23, 2021 8:02:30 PM",
    "isNewlyAdded": false,
    "isActive": true,
    "isDealsEnabled": false,
    "quantity": 0
  },
  {
    "id": 7590,
    "code": "Peppadew Mild Whole Piquatne Sweet Peppers",
    "desc": "Peppadew Mild Whole Piquatne Sweet Peppers",
    "shortDesc": "Peppadew Mild Whole Piquatne Sweet Peppers",
    "tags": [
      "Canned & Jarred Vegetables"
    ],
    "categories": [
      {
        "code": "Cooking Needs",
        "desc": "Cooking Needs"
      }
    ],
    "subCategories": [
      {
        "code": "Canned Food",
        "desc": "Canned Food"
      }
    ],
    "brands": [
      {
        "code": "Peppadew",
        "desc": "Peppadew"
      }
    ],
    "price": {
      "basePrice": 4.59,
      "discountPrice": 4.59
    },
    "type": {
      "code": "Canned & Jarred Vegetables",
      "desc": "Canned & Jarred Vegetables"
    },
    "weight": "14 oz",
    "UpcCode": "",
    "tax": 0.0,
    "spiceLevel": "",
    "aiselNo": "9",
    "store": "Market Basket",
    "weightType": "14 oz",
    "imageName": "17107.jpg",
    "defaultImage": "17107.jpg",
    "updatedTimestamp": "Jan 23, 2021 8:02:30 PM",
    "createdTimestamp": "Jan 23, 2021 8:02:30 PM",
    "isNewlyAdded": false,
    "isActive": true,
    "isDealsEnabled": false,
    "quantity": 0
  },
  {
    "id": 13856,
    "code": "Swiss Miss Creamy Milk Chocolate Pudding",
    "desc": "Swiss Miss Creamy Milk Chocolate Pudding",
    "shortDesc": "Swiss Miss Creamy Milk Chocolate Pudding",
    "tags": [
      "Refrigerated Pudding & Desserts"
    ],
    "categories": [
      {
        "code": "Breakfast & Dairy",
        "desc": "Breakfast & Dairy"
      }
    ],
    "subCategories": [
      {
        "code": "Dairy & Eggs",
        "desc": "Dairy & Eggs"
      }
    ],
    "brands": [
      {
        "code": "Swiss Miss",
        "desc": "Swiss Miss"
      }
    ],
    "price": {
      "basePrice": 3.09,
      "discountPrice": 3.09
    },
    "type": {
      "code": "Refrigerated Pudding & Desserts",
      "desc": "Refrigerated Pudding & Desserts"
    },
    "weight": "4 oz",
    "UpcCode": "",
    "tax": 0.0,
    "spiceLevel": "",
    "aiselNo": "19",
    "store": "Market Basket",
    "weightType": "4 oz",
    "imageName": "826.jpg",
    "defaultImage": "826.jpg",
    "updatedTimestamp": "Jan 23, 2021 8:02:30 PM",
    "createdTimestamp": "Jan 23, 2021 8:02:30 PM",
    "isNewlyAdded": false,
    "isActive": true,
    "isDealsEnabled": false,
    "quantity": 0
  },
  {
    "id": 14751,
    "code": "Herbal Essences Set Me Up Beautiful Bold Hold Hair Spray with Lily of The Valley Essences",
    "desc": "Herbal Essences Set Me Up Beautiful Bold Hold Hair Spray with Lily of The Valley Essences",
    "shortDesc": "Herbal Essences Set Me Up Beautiful Bold Hold Hair Spray with Lily of The Valley Essences",
    "tags": [
      "Hair Care"
    ],
    "categories": [
      {
        "code": "Personal Care",
        "desc": "Personal Care"
      }
    ],
    "subCategories": [
      {
        "code": "Body Wash, Soap & Hair Care",
        "desc": "Body Wash, Soap & Hair Care"
      }
    ],
    "brands": [
      {
        "code": "Herbal Essences",
        "desc": "Herbal Essences"
      }
    ],
    "price": {
      "basePrice": 5.39,
      "discountPrice": 5.39
    },
    "type": {
      "code": "Hair Care",
      "desc": "Hair Care"
    },
    "weight": "8 fl oz",
    "UpcCode": "",
    "tax": 1.0,
    "spiceLevel": "",
    "aiselNo": "13",
    "store": "Market Basket",
    "weightType": "8 fl oz",
    "imageName": "6594.jpg",
    "defaultImage": "6594.jpg",
    "updatedTimestamp": "Jan 23, 2021 8:02:30 PM",
    "createdTimestamp": "Jan 23, 2021 8:02:30 PM",
    "isNewlyAdded": false,
    "isActive": true,
    "isDealsEnabled": false,
    "quantity": 0
  },
  {
    "id": 9164,
    "code": "McCain Steak Fries Steak Cut Potatoes",
    "desc": "McCain Steak Fries Steak Cut Potatoes",
    "shortDesc": "McCain Steak Fries Steak Cut Potatoes",
    "tags": [
      "Frozen Appetizers & Sides"
    ],
    "categories": [
      {
        "code": "Frozen Food",
        "desc": "Frozen Food"
      }
    ],
    "subCategories": [
      {
        "code": "Frozen Dinners & Entrees",
        "desc": "Frozen Dinners & Entrees"
      }
    ],
    "brands": [
      {
        "code": "McCain",
        "desc": "McCain"
      }
    ],
    "price": {
      "basePrice": 2.49,
      "discountPrice": 2.49
    },
    "type": {
      "code": "Frozen Appetizers & Sides",
      "desc": "Frozen Appetizers & Sides"
    },
    "weight": "28 oz",
    "UpcCode": "",
    "tax": 0.0,
    "spiceLevel": "",
    "aiselNo": "18",
    "store": "Market Basket",
    "weightType": "28 oz",
    "imageName": "2583.jpg",
    "defaultImage": "2583.jpg",
    "updatedTimestamp": "Jan 23, 2021 8:02:30 PM",
    "createdTimestamp": "Jan 23, 2021 8:02:30 PM",
    "isNewlyAdded": false,
    "isActive": true,
    "isDealsEnabled": false,
    "quantity": 0
  },
  {
    "id": 7749,
    "code": "Goya Lentils",
    "desc": "Goya Lentils",
    "shortDesc": "Goya Lentils",
    "tags": [
      "Canned Meals & Beans"
    ],
    "categories": [
      {
        "code": "Cooking Needs",
        "desc": "Cooking Needs"
      }
    ],
    "subCategories": [
      {
        "code": "Canned Food",
        "desc": "Canned Food"
      }
    ],
    "brands": [
      {
        "code": "Goya",
        "desc": "Goya"
      }
    ],
    "price": {
      "basePrice": 0.99,
      "discountPrice": 0.99
    },
    "type": {
      "code": "Canned Meals & Beans",
      "desc": "Canned Meals & Beans"
    },
    "weight": "15.5 oz",
    "UpcCode": "",
    "tax": 0.0,
    "spiceLevel": "",
    "aiselNo": "7",
    "store": "Market Basket",
    "weightType": "15.5 oz",
    "imageName": "5107.jpg",
    "defaultImage": "5107.jpg",
    "updatedTimestamp": "Jan 23, 2021 8:02:30 PM",
    "createdTimestamp": "Jan 23, 2021 8:02:30 PM",
    "isNewlyAdded": false,
    "isActive": true,
    "isDealsEnabled": false,
    "quantity": 0
  },
  {
    "id": 14641,
    "code": "Twinings of London Earl Grey Black Decaffeinated Tea Bags",
    "desc": "Twinings of London Earl Grey Black Decaffeinated Tea Bags",
    "shortDesc": "Twinings of London Earl Grey Black Decaffeinated Tea Bags",
    "tags": [
      "Tea"
    ],
    "categories": [
      {
        "code": "Breakfast & Dairy",
        "desc": "Breakfast & Dairy"
      }
    ],
    "subCategories": [
      {
        "code": "Tea & Coffee",
        "desc": "Tea & Coffee"
      }
    ],
    "brands": [
      {
        "code": "Twinings",
        "desc": "Twinings"
      }
    ],
    "price": {
      "basePrice": 3.69,
      "discountPrice": 3.69
    },
    "type": {
      "code": "Tea",
      "desc": "Tea"
    },
    "weight": "20 count",
    "UpcCode": "",
    "tax": 0.0,
    "spiceLevel": "",
    "aiselNo": "8",
    "store": "Market Basket",
    "weightType": "20 count",
    "imageName": "3448.jpg",
    "defaultImage": "3448.jpg",
    "updatedTimestamp": "Jan 23, 2021 8:02:30 PM",
    "createdTimestamp": "Jan 23, 2021 8:02:30 PM",
    "isNewlyAdded": false,
    "isActive": true,
    "isDealsEnabled": false,
    "quantity": 0
  },
  {
    "id": 6653,
    "code": "Pure Leaf Lemon Real Brewed Tea ",
    "desc": "Pure Leaf Lemon Real Brewed Tea ",
    "shortDesc": "Pure Leaf Lemon Real Brewed Tea ",
    "tags": [
      "Tea"
    ],
    "categories": [
      {
        "code": "Beverages & Juices",
        "desc": "Beverages & Juices"
      }
    ],
    "subCategories": [
      {
        "code": "Tea, Coffee, Milk & Coconut Water",
        "desc": "Tea, Coffee, Milk & Coconut Water"
      }
    ],
    "brands": [
      {
        "code": "Pure Leaf",
        "desc": "Pure Leaf"
      }
    ],
    "price": {
      "basePrice": 7.49,
      "discountPrice": 7.49
    },
    "type": {
      "code": "Tea",
      "desc": "Tea"
    },
    "weight": "6 x 16.9 fl oz",
    "UpcCode": "012000181672",
    "tax": 0.0,
    "spiceLevel": "",
    "aiselNo": "10",
    "store": "Market Basket",
    "weightType": "6 x 16.9 fl oz",
    "imageName": "X2959.jpg",
    "defaultImage": "X2959.jpg",
    "updatedTimestamp": "Jan 23, 2021 8:02:29 PM",
    "createdTimestamp": "Jan 23, 2021 8:02:29 PM",
    "isNewlyAdded": false,
    "isActive": true,
    "isDealsEnabled": false,
    "quantity": 0
  },
  {
    "id": 7915,
    "code": "Reduced Sodium Beef Base",
    "desc": "Reduced Sodium Beef Base",
    "shortDesc": "Reduced Sodium Beef Base",
    "tags": [
      "Soup, Broth & Bouillon"
    ],
    "categories": [
      {
        "code": "Cooking Needs",
        "desc": "Cooking Needs"
      }
    ],
    "subCategories": [
      {
        "code": "Canned Food",
        "desc": "Canned Food"
      }
    ],
    "brands": [
      {
        "code": "Better Than Bouillon",
        "desc": "Better Than Bouillon"
      }
    ],
    "price": {
      "basePrice": 4.89,
      "discountPrice": 4.89
    },
    "type": {
      "code": "Soup, Broth & Bouillon",
      "desc": "Soup, Broth & Bouillon"
    },
    "weight": "8 oz",
    "UpcCode": "",
    "tax": 0.0,
    "spiceLevel": "",
    "aiselNo": "2",
    "store": "Market Basket",
    "weightType": "8 oz",
    "imageName": "17193.jpg",
    "defaultImage": "17193.jpg",
    "updatedTimestamp": "Jan 23, 2021 8:02:30 PM",
    "createdTimestamp": "Jan 23, 2021 8:02:30 PM",
    "isNewlyAdded": false,
    "isActive": true,
    "isDealsEnabled": false,
    "quantity": 0
  },
  {
    "id": 15215,
    "code": "Listerine Cool Mint Antiseptic Mouthwash",
    "desc": "Listerine Cool Mint Antiseptic Mouthwash",
    "shortDesc": "Listerine Cool Mint Antiseptic Mouthwash",
    "tags": [
      "Oral Hygiene"
    ],
    "categories": [
      {
        "code": "Personal Care",
        "desc": "Personal Care"
      }
    ],
    "subCategories": [
      {
        "code": "Personal Needs",
        "desc": "Personal Needs"
      }
    ],
    "brands": [
      {
        "code": "Listerine",
        "desc": "Listerine"
      }
    ],
    "price": {
      "basePrice": 11.26,
      "discountPrice": 11.26
    },
    "type": {
      "code": "Oral Hygiene",
      "desc": "Oral Hygiene"
    },
    "weight": "1.5 L",
    "UpcCode": "",
    "tax": 1.0,
    "spiceLevel": "",
    "aiselNo": "13",
    "store": "Market Basket",
    "weightType": "1.5 L",
    "imageName": "6458.jpg",
    "defaultImage": "6458.jpg",
    "updatedTimestamp": "Jan 23, 2021 8:02:30 PM",
    "createdTimestamp": "Jan 23, 2021 8:02:30 PM",
    "isNewlyAdded": false,
    "isActive": true,
    "isDealsEnabled": false,
    "quantity": 0
  },
  {
    "id": 7636,
    "code": "Del Monte Fruit Cocktail in Extra Light Syrup",
    "desc": "Del Monte Fruit Cocktail in Extra Light Syrup",
    "shortDesc": "Del Monte Fruit Cocktail in Extra Light Syrup",
    "tags": [
      "Canned Fruit & Applesauce"
    ],
    "categories": [
      {
        "code": "Cooking Needs",
        "desc": "Cooking Needs"
      }
    ],
    "subCategories": [
      {
        "code": "Canned Food",
        "desc": "Canned Food"
      }
    ],
    "brands": [
      {
        "code": "Del Monte",
        "desc": "Del Monte"
      }
    ],
    "price": {
      "basePrice": 1.29,
      "discountPrice": 1.29
    },
    "type": {
      "code": "Canned Fruit & Applesauce",
      "desc": "Canned Fruit & Applesauce"
    },
    "weight": "8.25 oz",
    "UpcCode": "",
    "tax": 0.0,
    "spiceLevel": "",
    "aiselNo": "3",
    "store": "Market Basket",
    "weightType": "8.25 oz",
    "imageName": "4924.jpg",
    "defaultImage": "4924.jpg",
    "updatedTimestamp": "Jan 23, 2021 8:02:30 PM",
    "createdTimestamp": "Jan 23, 2021 8:02:30 PM",
    "isNewlyAdded": false,
    "isActive": true,
    "isDealsEnabled": false,
    "quantity": 0
  },
  {
    "id": 7806,
    "code": "Pastene White Kidney Beans",
    "desc": "Pastene White Kidney Beans",
    "shortDesc": "Pastene White Kidney Beans",
    "tags": [
      "Canned Meals & Beans"
    ],
    "categories": [
      {
        "code": "Cooking Needs",
        "desc": "Cooking Needs"
      }
    ],
    "subCategories": [
      {
        "code": "Canned Food",
        "desc": "Canned Food"
      }
    ],
    "brands": [
      {
        "code": "Pastene",
        "desc": "Pastene"
      }
    ],
    "price": {
      "basePrice": 1.29,
      "discountPrice": 1.29
    },
    "type": {
      "code": "Canned Meals & Beans",
      "desc": "Canned Meals & Beans"
    },
    "weight": "14 oz",
    "UpcCode": "",
    "tax": 0.0,
    "spiceLevel": "",
    "aiselNo": "2",
    "store": "Market Basket",
    "weightType": "14 oz",
    "imageName": "17133.jpg",
    "defaultImage": "17133.jpg",
    "updatedTimestamp": "Jan 23, 2021 8:02:30 PM",
    "createdTimestamp": "Jan 23, 2021 8:02:30 PM",
    "isNewlyAdded": false,
    "isActive": true,
    "isDealsEnabled": false,
    "quantity": 0
  },
  {
    "id": 4149,
    "code": "Market Basket Fresh Large Haddock Fillets",
    "desc": "Market Basket Fresh Large Haddock Fillets",
    "shortDesc": "Market Basket Fresh Large Haddock Fillets",
    "tags": [
      "Haddock"
    ],
    "categories": [
      {
        "code": "Meat & Seafood",
        "desc": "Meat & Seafood"
      }
    ],
    "subCategories": [
      {
        "code": "Meat & Seafood Counter",
        "desc": "Meat & Seafood Counter"
      }
    ],
    "brands": [
      {
        "code": "Market Basket",
        "desc": "Market Basket"
      }
    ],
    "price": {
      "basePrice": 14.57,
      "discountPrice": 14.57
    },
    "type": {
      "code": "Haddock",
      "desc": "Haddock"
    },
    "weight": "Approx: 1.09 lb at $13.4/lb",
    "UpcCode": "",
    "tax": 0.0,
    "spiceLevel": "",
    "aiselNo": "22",
    "store": "Market Basket",
    "weightType": "Approx: 1.09 lb at $13.4/lb",
    "imageName": "Market Basket.jpg",
    "defaultImage": "Market Basket.jpg",
    "updatedTimestamp": "Jan 23, 2021 8:02:30 PM",
    "createdTimestamp": "Jan 23, 2021 8:02:30 PM",
    "isNewlyAdded": false,
    "isActive": true,
    "isDealsEnabled": false,
    "quantity": 0
  },
  {
    "id": 537,
    "code": "all stainlifters free clear detergent 24 Loads Laundry Detergent",
    "desc": "all stainlifters free clear detergent 24 Loads Laundry Detergent",
    "shortDesc": "all stainlifters free clear detergent 24 Loads Laundry Detergent",
    "tags": [
      "Laundry Detergent"
    ],
    "categories": [
      {
        "code": "Laundry & Paper Goods",
        "desc": "Laundry & Paper Goods"
      }
    ],
    "subCategories": [
      {
        "code": "Laundry",
        "desc": "Laundry"
      }
    ],
    "brands": [
      {
        "code": "all",
        "desc": "all"
      }
    ],
    "price": {
      "basePrice": 3.74,
      "discountPrice": 3.74
    },
    "type": {
      "code": "Laundry Detergent",
      "desc": "Laundry Detergent"
    },
    "weight": "36 fl oz",
    "UpcCode": "",
    "tax": 1.0,
    "spiceLevel": "",
    "aiselNo": "15",
    "store": "Market Basket",
    "weightType": "36 fl oz",
    "imageName": "No Image.jpg",
    "defaultImage": "No Image.jpg",
    "updatedTimestamp": "Jan 23, 2021 8:02:30 PM",
    "createdTimestamp": "Jan 23, 2021 8:02:30 PM",
    "isNewlyAdded": false,
    "isActive": true,
    "isDealsEnabled": false,
    "quantity": 0
  },
  {
    "id": 7978,
    "code": "Campbell's Homestyle New England Clam Chowder",
    "desc": "Campbell's Homestyle New England Clam Chowder",
    "shortDesc": "Campbell's Homestyle New England Clam Chowder",
    "tags": [
      "Soup, Broth & Bouillon"
    ],
    "categories": [
      {
        "code": "Cooking Needs",
        "desc": "Cooking Needs"
      }
    ],
    "subCategories": [
      {
        "code": "Canned Food",
        "desc": "Canned Food"
      }
    ],
    "brands": [
      {
        "code": "Campbell's",
        "desc": "Campbell's"
      }
    ],
    "price": {
      "basePrice": 2.49,
      "discountPrice": 2.49
    },
    "type": {
      "code": "Soup, Broth & Bouillon",
      "desc": "Soup, Broth & Bouillon"
    },
    "weight": "18.8 oz",
    "UpcCode": "",
    "tax": 0.0,
    "spiceLevel": "",
    "aiselNo": "2",
    "store": "Market Basket",
    "weightType": "18.8 oz",
    "imageName": "17201.jpg",
    "defaultImage": "17201.jpg",
    "updatedTimestamp": "Jan 23, 2021 8:02:30 PM",
    "createdTimestamp": "Jan 23, 2021 8:02:30 PM",
    "isNewlyAdded": false,
    "isActive": true,
    "isDealsEnabled": false,
    "quantity": 0
  },
  {
    "id": 4164,
    "code": "Market Basket Lamb Loin Chops",
    "desc": "Market Basket Lamb Loin Chops",
    "shortDesc": "Market Basket Lamb Loin Chops",
    "tags": [
      "Lamb"
    ],
    "categories": [
      {
        "code": "Meat & Seafood",
        "desc": "Meat & Seafood"
      }
    ],
    "subCategories": [
      {
        "code": "Meat & Seafood Counter",
        "desc": "Meat & Seafood Counter"
      }
    ],
    "brands": [
      {
        "code": "Market Basket",
        "desc": "Market Basket"
      }
    ],
    "price": {
      "basePrice": 14.69,
      "discountPrice": 14.69
    },
    "type": {
      "code": "Lamb",
      "desc": "Lamb"
    },
    "weight": "Approx: 1.01 lb at $14.6/lb",
    "UpcCode": "",
    "tax": 0.0,
    "spiceLevel": "",
    "aiselNo": "22",
    "store": "Market Basket",
    "weightType": "Approx: 1.01 lb at $14.6/lb",
    "imageName": "Market Basket.jpg",
    "defaultImage": "Market Basket.jpg",
    "updatedTimestamp": "Jan 23, 2021 8:02:30 PM",
    "createdTimestamp": "Jan 23, 2021 8:02:30 PM",
    "isNewlyAdded": false,
    "isActive": true,
    "isDealsEnabled": false,
    "quantity": 0
  },
  {
    "id": 3616,
    "code": "Japanese Eggplant (Approx: 2 CT)",
    "desc": "Japanese Eggplant (Approx: 2 CT)",
    "shortDesc": "Japanese Eggplant (Approx: 2 CT)",
    "tags": [
      "Eggplant"
    ],
    "categories": [
      {
        "code": "Fresh Produce",
        "desc": "Fresh Produce"
      }
    ],
    "subCategories": [
      {
        "code": "Fresh Vegetables",
        "desc": "Fresh Vegetables"
      }
    ],
    "brands": [
      {
        "code": "Market Basket",
        "desc": "Market Basket"
      }
    ],
    "price": {
      "basePrice": 3.55,
      "discountPrice": 3.55
    },
    "type": {
      "code": "Eggplant",
      "desc": "Eggplant"
    },
    "weight": "1 pack",
    "UpcCode": "",
    "tax": 0.0,
    "spiceLevel": "",
    "aiselNo": "20",
    "store": "Market Basket",
    "weightType": "1 pack",
    "imageName": "FP110.jpg",
    "defaultImage": "FP110.jpg",
    "updatedTimestamp": "Jan 23, 2021 8:02:30 PM",
    "createdTimestamp": "Jan 23, 2021 8:02:30 PM",
    "isNewlyAdded": false,
    "isActive": true,
    "isDealsEnabled": false,
    "quantity": 0
  },
  {
    "id": 160,
    "code": "Market Basket Clear Ammonia",
    "desc": "Market Basket Clear Ammonia",
    "shortDesc": "Market Basket Clear Ammonia",
    "tags": [
      "Other Cleaning Products"
    ],
    "categories": [
      {
        "code": "Kitchen & Cleaning",
        "desc": "Kitchen & Cleaning"
      }
    ],
    "subCategories": [
      {
        "code": "Cleaning Products",
        "desc": "Cleaning Products"
      }
    ],
    "brands": [
      {
        "code": "Market Basket",
        "desc": "Market Basket"
      }
    ],
    "price": {
      "basePrice": 1.89,
      "discountPrice": 1.89
    },
    "type": {
      "code": "Other Cleaning Products",
      "desc": "Other Cleaning Products"
    },
    "weight": "64 fl oz",
    "UpcCode": "",
    "tax": 1.0,
    "spiceLevel": "",
    "aiselNo": "15",
    "store": "Market Basket",
    "weightType": "64 fl oz",
    "imageName": "Market Basket.jpg",
    "defaultImage": "Market Basket.jpg",
    "updatedTimestamp": "Jan 23, 2021 8:02:30 PM",
    "createdTimestamp": "Jan 23, 2021 8:02:30 PM",
    "isNewlyAdded": false,
    "isActive": true,
    "isDealsEnabled": false,
    "quantity": 0
  },
  {
    "id": 4869,
    "code": "Lay's Lightly Salted Potato Chips",
    "desc": "Lay's Lightly Salted Potato Chips",
    "shortDesc": "Lay's Lightly Salted Potato Chips",
    "tags": [
      "Chips & Pretzels"
    ],
    "categories": [
      {
        "code": "Chips, Cookies & Snacks",
        "desc": "Chips, Cookies & Snacks"
      }
    ],
    "subCategories": [
      {
        "code": "Chips & Fruit Snacks",
        "desc": "Chips & Fruit Snacks"
      }
    ],
    "brands": [
      {
        "code": "Lay's",
        "desc": "Lay's"
      }
    ],
    "price": {
      "basePrice": 3.91,
      "discountPrice": 3.91
    },
    "type": {
      "code": "Chips & Pretzels",
      "desc": "Chips & Pretzels"
    },
    "weight": "7.75 oz",
    "UpcCode": "",
    "tax": 0.0,
    "spiceLevel": "",
    "aiselNo": "0",
    "store": "Market Basket",
    "weightType": "7.75 oz",
    "imageName": "876.jpg",
    "defaultImage": "876.jpg",
    "updatedTimestamp": "Jan 23, 2021 8:02:30 PM",
    "createdTimestamp": "Jan 23, 2021 8:02:30 PM",
    "isNewlyAdded": false,
    "isActive": true,
    "isDealsEnabled": false,
    "quantity": 0
  },
  {
    "id": 4212,
    "code": "Perdue Split Chicken Breast With Ribs",
    "desc": "Perdue Split Chicken Breast With Ribs",
    "shortDesc": "Perdue Split Chicken Breast With Ribs",
    "tags": [
      "Chicken Breast"
    ],
    "categories": [
      {
        "code": "Meat & Seafood",
        "desc": "Meat & Seafood"
      }
    ],
    "subCategories": [
      {
        "code": "Packaged Meat & Seafood",
        "desc": "Packaged Meat & Seafood"
      }
    ],
    "brands": [
      {
        "code": "Perdue",
        "desc": "Perdue"
      }
    ],
    "price": {
      "basePrice": 5.86,
      "discountPrice": 5.86
    },
    "type": {
      "code": "Chicken Breast",
      "desc": "Chicken Breast"
    },
    "weight": "Approx: 2.10 lb at $2.79/lb",
    "UpcCode": "",
    "tax": 0.0,
    "spiceLevel": "",
    "aiselNo": "22",
    "store": "Market Basket",
    "weightType": "Approx: 2.10 lb at $2.79/lb",
    "imageName": "No Image.jpg",
    "defaultImage": "No Image.jpg",
    "updatedTimestamp": "Jan 23, 2021 8:02:30 PM",
    "createdTimestamp": "Jan 23, 2021 8:02:30 PM",
    "isNewlyAdded": false,
    "isActive": true,
    "isDealsEnabled": false,
    "quantity": 0
  },
  {
    "id": 14281,
    "code": "YoCrunch Vanilla Lowfat Yogurt with Chips Ahoy Cookie Pieces",
    "desc": "YoCrunch Vanilla Lowfat Yogurt with Chips Ahoy Cookie Pieces",
    "shortDesc": "YoCrunch Vanilla Lowfat Yogurt with Chips Ahoy Cookie Pieces",
    "tags": [
      "Yogurt"
    ],
    "categories": [
      {
        "code": "Breakfast & Dairy",
        "desc": "Breakfast & Dairy"
      }
    ],
    "subCategories": [
      {
        "code": "Dairy & Eggs",
        "desc": "Dairy & Eggs"
      }
    ],
    "brands": [
      {
        "code": "YoCrunch",
        "desc": "YoCrunch"
      }
    ],
    "price": {
      "basePrice": 0.89,
      "discountPrice": 0.89
    },
    "type": {
      "code": "Yogurt",
      "desc": "Yogurt"
    },
    "weight": "6 oz",
    "UpcCode": "",
    "tax": 0.0,
    "spiceLevel": "",
    "aiselNo": "1",
    "store": "Market Basket",
    "weightType": "6 oz",
    "imageName": "465.jpg",
    "defaultImage": "465.jpg",
    "updatedTimestamp": "Jan 23, 2021 8:02:30 PM",
    "createdTimestamp": "Jan 23, 2021 8:02:30 PM",
    "isNewlyAdded": false,
    "isActive": true,
    "isDealsEnabled": false,
    "quantity": 0
  },
  {
    "id": 4059,
    "code": "Beef Franks",
    "desc": "Beef Franks",
    "shortDesc": "Beef Franks",
    "tags": [
      "Beef"
    ],
    "categories": [
      {
        "code": "Meat & Seafood",
        "desc": "Meat & Seafood"
      }
    ],
    "subCategories": [
      {
        "code": "Meat & Seafood Counter",
        "desc": "Meat & Seafood Counter"
      }
    ],
    "brands": [
      {
        "code": "Market Basket",
        "desc": "Market Basket"
      }
    ],
    "price": {
      "basePrice": 4.29,
      "discountPrice": 4.29
    },
    "type": {
      "code": "Beef",
      "desc": "Beef"
    },
    "weight": "1 lb",
    "UpcCode": "",
    "tax": 0.0,
    "spiceLevel": "",
    "aiselNo": "22",
    "store": "Market Basket",
    "weightType": "1 lb",
    "imageName": "Market Basket.jpg",
    "defaultImage": "Market Basket.jpg",
    "updatedTimestamp": "Jan 23, 2021 8:02:30 PM",
    "createdTimestamp": "Jan 23, 2021 8:02:30 PM",
    "isNewlyAdded": false,
    "isActive": true,
    "isDealsEnabled": false,
    "quantity": 0
  },
  {
    "id": 5587,
    "code": "Starburst Original Fruit Chews Candy Single",
    "desc": "Starburst Original Fruit Chews Candy Single",
    "shortDesc": "Starburst Original Fruit Chews Candy Single",
    "tags": [
      "Candy & Chocolate"
    ],
    "categories": [
      {
        "code": "Chips, Cookies & Snacks",
        "desc": "Chips, Cookies & Snacks"
      }
    ],
    "subCategories": [
      {
        "code": "Candy & Chocolates",
        "desc": "Candy & Chocolates"
      }
    ],
    "brands": [
      {
        "code": "Starburst",
        "desc": "Starburst"
      }
    ],
    "price": {
      "basePrice": 0.99,
      "discountPrice": 0.99
    },
    "type": {
      "code": "Candy & Chocolate",
      "desc": "Candy & Chocolate"
    },
    "weight": "2.07 oz",
    "UpcCode": "",
    "tax": 0.0,
    "spiceLevel": "",
    "aiselNo": "3",
    "store": "Market Basket",
    "weightType": "2.07 oz",
    "imageName": "14963.jpg",
    "defaultImage": "14963.jpg",
    "updatedTimestamp": "Jan 23, 2021 8:02:30 PM",
    "createdTimestamp": "Jan 23, 2021 8:02:30 PM",
    "isNewlyAdded": false,
    "isActive": true,
    "isDealsEnabled": false,
    "quantity": 0
  },
  {
    "id": 14719,
    "code": "Alberto VO5 Normal with Biotin Daily Shampoo",
    "desc": "Alberto VO5 Normal with Biotin Daily Shampoo",
    "shortDesc": "Alberto VO5 Normal with Biotin Daily Shampoo",
    "tags": [
      "Hair Care"
    ],
    "categories": [
      {
        "code": "Personal Care",
        "desc": "Personal Care"
      }
    ],
    "subCategories": [
      {
        "code": "Body Wash, Soap & Hair Care",
        "desc": "Body Wash, Soap & Hair Care"
      }
    ],
    "brands": [
      {
        "code": "Alberto",
        "desc": "Alberto"
      }
    ],
    "price": {
      "basePrice": 1.48,
      "discountPrice": 1.48
    },
    "type": {
      "code": "Hair Care",
      "desc": "Hair Care"
    },
    "weight": "12.5 fl oz",
    "UpcCode": "",
    "tax": 1.0,
    "spiceLevel": "",
    "aiselNo": "13",
    "store": "Market Basket",
    "weightType": "12.5 fl oz",
    "imageName": "17822.jpg",
    "defaultImage": "17822.jpg",
    "updatedTimestamp": "Jan 23, 2021 8:02:30 PM",
    "createdTimestamp": "Jan 23, 2021 8:02:30 PM",
    "isNewlyAdded": false,
    "isActive": true,
    "isDealsEnabled": false,
    "quantity": 0
  },
  {
    "id": 5958,
    "code": "Mr & Mrs T Fiery Pepper Bloody Mary Mix",
    "desc": "Mr & Mrs T Fiery Pepper Bloody Mary Mix",
    "shortDesc": "Mr & Mrs T Fiery Pepper Bloody Mary Mix",
    "tags": [
      "Cocoa & Drink Mixes"
    ],
    "categories": [
      {
        "code": "Beverages & Juices",
        "desc": "Beverages & Juices"
      }
    ],
    "subCategories": [
      {
        "code": "Cocoa & Drink Mixes",
        "desc": "Cocoa & Drink Mixes"
      }
    ],
    "brands": [
      {
        "code": "Mr & Mrs T",
        "desc": "Mr & Mrs T"
      }
    ],
    "price": {
      "basePrice": 6.24,
      "discountPrice": 6.24
    },
    "type": {
      "code": "Cocoa & Drink Mixes",
      "desc": "Cocoa & Drink Mixes"
    },
    "weight": "1.75 L",
    "UpcCode": "",
    "tax": 0.0,
    "spiceLevel": "",
    "aiselNo": "17",
    "store": "Market Basket",
    "weightType": "1.75 L",
    "imageName": "No Image.jpg",
    "defaultImage": "No Image.jpg",
    "updatedTimestamp": "Jan 23, 2021 8:02:29 PM",
    "createdTimestamp": "Jan 23, 2021 8:02:29 PM",
    "isNewlyAdded": false,
    "isActive": true,
    "isDealsEnabled": false,
    "quantity": 0
  },
  {
    "id": 6101,
    "code": "Coca Cola Caffeine Free Box of Cans",
    "desc": "Coca Cola Caffeine Free Box of Cans",
    "shortDesc": "Coca Cola Caffeine Free Box of Cans",
    "tags": [
      "Soft Drinks"
    ],
    "categories": [
      {
        "code": "Beverages & Juices",
        "desc": "Beverages & Juices"
      }
    ],
    "subCategories": [
      {
        "code": "Soft Drinks & Seltzers",
        "desc": "Soft Drinks & Seltzers"
      }
    ],
    "brands": [
      {
        "code": "Coca-Cola",
        "desc": "Coca-Cola"
      }
    ],
    "price": {
      "basePrice": 6.86,
      "discountPrice": 6.86
    },
    "type": {
      "code": "Soft Drinks",
      "desc": "Soft Drinks"
    },
    "weight": "12 x 12 fl oz",
    "UpcCode": "",
    "tax": 0.0,
    "spiceLevel": "",
    "aiselNo": "17",
    "store": "Market Basket",
    "weightType": "12 x 12 fl oz",
    "imageName": "No Image.jpg",
    "defaultImage": "No Image.jpg",
    "updatedTimestamp": "Jan 23, 2021 8:02:30 PM",
    "createdTimestamp": "Jan 23, 2021 8:02:30 PM",
    "isNewlyAdded": false,
    "isActive": true,
    "isDealsEnabled": false,
    "quantity": 0
  },
  {
    "id": 7658,
    "code": "Market Basket Unsweetened Vanilla Almond Milk",
    "desc": "Market Basket Unsweetened Vanilla Almond Milk",
    "shortDesc": "Market Basket Unsweetened Vanilla Almond Milk",
    "tags": [
      "Canned Fruit & Applesauce"
    ],
    "categories": [
      {
        "code": "Cooking Needs",
        "desc": "Cooking Needs"
      }
    ],
    "subCategories": [
      {
        "code": "Canned Food",
        "desc": "Canned Food"
      }
    ],
    "brands": [
      {
        "code": "Market Basket",
        "desc": "Market Basket"
      }
    ],
    "price": {
      "basePrice": 6.09,
      "discountPrice": 6.09
    },
    "type": {
      "code": "Canned Fruit & Applesauce",
      "desc": "Canned Fruit & Applesauce"
    },
    "weight": "32 oz",
    "UpcCode": "",
    "tax": 0.0,
    "spiceLevel": "",
    "aiselNo": "3",
    "store": "Market Basket",
    "weightType": "32 oz",
    "imageName": "Market Basket.jpg",
    "defaultImage": "Market Basket.jpg",
    "updatedTimestamp": "Jan 23, 2021 8:02:30 PM",
    "createdTimestamp": "Jan 23, 2021 8:02:30 PM",
    "isNewlyAdded": false,
    "isActive": true,
    "isDealsEnabled": false,
    "quantity": 0
  },
  {
    "id": 12900,
    "code": "Grand Central Bakery Rolls",
    "desc": "Grand Central Bakery Rolls",
    "shortDesc": "Grand Central Bakery Rolls",
    "tags": [
      "Rolls"
    ],
    "categories": [
      {
        "code": "Breakfast & Dairy",
        "desc": "Breakfast & Dairy"
      }
    ],
    "subCategories": [
      {
        "code": "Breads & Rolls",
        "desc": "Breads & Rolls"
      }
    ],
    "brands": [
      {
        "code": "Grand Central Bakery",
        "desc": "Grand Central Bakery"
      }
    ],
    "price": {
      "basePrice": 3.49,
      "discountPrice": 3.49
    },
    "type": {
      "code": "Rolls",
      "desc": "Rolls"
    },
    "weight": "16 oz",
    "UpcCode": "",
    "tax": 0.0,
    "spiceLevel": "",
    "aiselNo": "18",
    "store": "Market Basket",
    "weightType": "16 oz",
    "imageName": "No Image.jpg",
    "defaultImage": "No Image.jpg",
    "updatedTimestamp": "Jan 23, 2021 8:02:30 PM",
    "createdTimestamp": "Jan 23, 2021 8:02:30 PM",
    "isNewlyAdded": false,
    "isActive": true,
    "isDealsEnabled": false,
    "quantity": 0
  },
  {
    "id": 7032,
    "code": "Royal Gelatin, Lime",
    "desc": "Royal Gelatin, Lime",
    "shortDesc": "Royal Gelatin, Lime",
    "tags": [
      "Doughs, Gelatins & Bake Mixes"
    ],
    "categories": [
      {
        "code": "Cooking Needs",
        "desc": "Cooking Needs"
      }
    ],
    "subCategories": [
      {
        "code": "Baking & Cooking",
        "desc": "Baking & Cooking"
      }
    ],
    "brands": [
      {
        "code": "Royal",
        "desc": "Royal"
      }
    ],
    "price": {
      "basePrice": 0.49,
      "discountPrice": 0.49
    },
    "type": {
      "code": "Doughs, Gelatins & Bake Mixes",
      "desc": "Doughs, Gelatins & Bake Mixes"
    },
    "weight": "1.4 oz",
    "UpcCode": "",
    "tax": 0.0,
    "spiceLevel": "",
    "aiselNo": "8",
    "store": "Market Basket",
    "weightType": "1.4 oz",
    "imageName": "2103.jpg",
    "defaultImage": "2103.jpg",
    "updatedTimestamp": "Jan 23, 2021 8:02:30 PM",
    "createdTimestamp": "Jan 23, 2021 8:02:30 PM",
    "isNewlyAdded": false,
    "isActive": true,
    "isDealsEnabled": false,
    "quantity": 0
  },
  {
    "id": 7817,
    "code": "Bumble Bee Chunk Light Tuna In Water",
    "desc": "Bumble Bee Chunk Light Tuna In Water",
    "shortDesc": "Bumble Bee Chunk Light Tuna In Water",
    "tags": [
      "Canned Meat & Seafood"
    ],
    "categories": [
      {
        "code": "Cooking Needs",
        "desc": "Cooking Needs"
      }
    ],
    "subCategories": [
      {
        "code": "Canned Food",
        "desc": "Canned Food"
      }
    ],
    "brands": [
      {
        "code": "Bumble Bee",
        "desc": "Bumble Bee"
      }
    ],
    "price": {
      "basePrice": 1.29,
      "discountPrice": 1.29
    },
    "type": {
      "code": "Canned Meat & Seafood",
      "desc": "Canned Meat & Seafood"
    },
    "weight": "5 oz",
    "UpcCode": "",
    "tax": 0.0,
    "spiceLevel": "",
    "aiselNo": "2",
    "store": "Market Basket",
    "weightType": "5 oz",
    "imageName": "5187.jpg",
    "defaultImage": "5187.jpg",
    "updatedTimestamp": "Jan 23, 2021 8:02:30 PM",
    "createdTimestamp": "Jan 23, 2021 8:02:30 PM",
    "isNewlyAdded": false,
    "isActive": true,
    "isDealsEnabled": false,
    "quantity": 0
  },
  {
    "id": 7602,
    "code": "La Napoletana Imported Artichoke Hearts",
    "desc": "La Napoletana Imported Artichoke Hearts",
    "shortDesc": "La Napoletana Imported Artichoke Hearts",
    "tags": [
      "Canned & Jarred Vegetables"
    ],
    "categories": [
      {
        "code": "Cooking Needs",
        "desc": "Cooking Needs"
      }
    ],
    "subCategories": [
      {
        "code": "Canned Food",
        "desc": "Canned Food"
      }
    ],
    "brands": [
      {
        "code": "Store Brand",
        "desc": "Store Brand"
      }
    ],
    "price": {
      "basePrice": 2.49,
      "discountPrice": 2.49
    },
    "type": {
      "code": "Canned & Jarred Vegetables",
      "desc": "Canned & Jarred Vegetables"
    },
    "weight": "14 oz",
    "UpcCode": "",
    "tax": 0.0,
    "spiceLevel": "",
    "aiselNo": "9",
    "store": "Market Basket",
    "weightType": "14 oz",
    "imageName": "Market Basket.jpg",
    "defaultImage": "Market Basket.jpg",
    "updatedTimestamp": "Jan 23, 2021 8:02:30 PM",
    "createdTimestamp": "Jan 23, 2021 8:02:30 PM",
    "isNewlyAdded": false,
    "isActive": true,
    "isDealsEnabled": false,
    "quantity": 0
  },
  {
    "id": 6813,
    "code": "Crisco All Vegetable Shortening",
    "desc": "Crisco All Vegetable Shortening",
    "shortDesc": "Crisco All Vegetable Shortening",
    "tags": [
      "Baking Ingredients"
    ],
    "categories": [
      {
        "code": "Cooking Needs",
        "desc": "Cooking Needs"
      }
    ],
    "subCategories": [
      {
        "code": "Baking & Cooking",
        "desc": "Baking & Cooking"
      }
    ],
    "brands": [
      {
        "code": "Crisco",
        "desc": "Crisco"
      }
    ],
    "price": {
      "basePrice": 6.09,
      "discountPrice": 6.09
    },
    "type": {
      "code": "Baking Ingredients",
      "desc": "Baking Ingredients"
    },
    "weight": "48 oz",
    "UpcCode": "",
    "tax": 0.0,
    "spiceLevel": "",
    "aiselNo": "8",
    "store": "Market Basket",
    "weightType": "48 oz",
    "imageName": "15719.jpg",
    "defaultImage": "15719.jpg",
    "updatedTimestamp": "Jan 23, 2021 8:02:30 PM",
    "createdTimestamp": "Jan 23, 2021 8:02:30 PM",
    "isNewlyAdded": false,
    "isActive": true,
    "isDealsEnabled": false,
    "quantity": 0
  },
  {
    "id": 10035,
    "code": "Friendly's Premium Ice Cream Black Raspberry",
    "desc": "Friendly's Premium Ice Cream Black Raspberry",
    "shortDesc": "Friendly's Premium Ice Cream Black Raspberry",
    "tags": [
      "Ice Cream & Ice"
    ],
    "categories": [
      {
        "code": "Frozen Food",
        "desc": "Frozen Food"
      }
    ],
    "subCategories": [
      {
        "code": "Ice Cream & Ice",
        "desc": "Ice Cream & Ice"
      }
    ],
    "brands": [
      {
        "code": "Friendly's",
        "desc": "Friendly's"
      }
    ],
    "price": {
      "basePrice": 3.69,
      "discountPrice": 3.69
    },
    "type": {
      "code": "Ice Cream & Ice",
      "desc": "Ice Cream & Ice"
    },
    "weight": "1.5 quart",
    "UpcCode": "",
    "tax": 0.0,
    "spiceLevel": "",
    "aiselNo": "21",
    "store": "Market Basket",
    "weightType": "1.5 quart",
    "imageName": "3061.jpg",
    "defaultImage": "3061.jpg",
    "updatedTimestamp": "Jan 23, 2021 8:02:30 PM",
    "createdTimestamp": "Jan 23, 2021 8:02:30 PM",
    "isNewlyAdded": false,
    "isActive": true,
    "isDealsEnabled": false,
    "quantity": 0
  },
  {
    "id": 8740,
    "code": "Herdez Mild Salsa",
    "desc": "Herdez Mild Salsa",
    "shortDesc": "Herdez Mild Salsa",
    "tags": [
      "Preserved Dips & Salsa"
    ],
    "categories": [
      {
        "code": "Condiments & Dressings",
        "desc": "Condiments & Dressings"
      }
    ],
    "subCategories": [
      {
        "code": "Preserved Dips & Spreads",
        "desc": "Preserved Dips & Spreads"
      }
    ],
    "brands": [
      {
        "code": "Herdez",
        "desc": "Herdez"
      }
    ],
    "price": {
      "basePrice": 2.49,
      "discountPrice": 2.49
    },
    "type": {
      "code": "Preserved Dips & Salsa",
      "desc": "Preserved Dips & Salsa"
    },
    "weight": "16 oz",
    "UpcCode": "",
    "tax": 0.0,
    "spiceLevel": "",
    "aiselNo": "1",
    "store": "Market Basket",
    "weightType": "16 oz",
    "imageName": "15584.jpg",
    "defaultImage": "15584.jpg",
    "updatedTimestamp": "Jan 23, 2021 8:02:30 PM",
    "createdTimestamp": "Jan 23, 2021 8:02:30 PM",
    "isNewlyAdded": false,
    "isActive": true,
    "isDealsEnabled": false,
    "quantity": 0
  },
  {
    "id": 7164,
    "code": "Pure Wesson Canola Oil",
    "desc": "Pure Wesson Canola Oil",
    "shortDesc": "Pure Wesson Canola Oil",
    "tags": [
      "Oils & Vinegars"
    ],
    "categories": [
      {
        "code": "Cooking Needs",
        "desc": "Cooking Needs"
      }
    ],
    "subCategories": [
      {
        "code": "Oils & Vinegars",
        "desc": "Oils & Vinegars"
      }
    ],
    "brands": [
      {
        "code": "Pure Wesson",
        "desc": "Pure Wesson"
      }
    ],
    "price": {
      "basePrice": 4.09,
      "discountPrice": 4.09
    },
    "type": {
      "code": "Oils & Vinegars",
      "desc": "Oils & Vinegars"
    },
    "weight": "24 oz",
    "UpcCode": "",
    "tax": 0.0,
    "spiceLevel": "",
    "aiselNo": "2",
    "store": "Market Basket",
    "weightType": "24 oz",
    "imageName": "1825.jpg",
    "defaultImage": "1825.jpg",
    "updatedTimestamp": "Jan 23, 2021 8:02:30 PM",
    "createdTimestamp": "Jan 23, 2021 8:02:30 PM",
    "isNewlyAdded": false,
    "isActive": true,
    "isDealsEnabled": false,
    "quantity": 0
  },
  {
    "id": 13834,
    "code": "Jell O Temptations Ready to Eat Strawberry Cheesecake Pudding Snack",
    "desc": "Jell O Temptations Ready to Eat Strawberry Cheesecake Pudding Snack",
    "shortDesc": "Jell O Temptations Ready to Eat Strawberry Cheesecake Pudding Snack",
    "tags": [
      "Refrigerated Pudding & Desserts"
    ],
    "categories": [
      {
        "code": "Breakfast & Dairy",
        "desc": "Breakfast & Dairy"
      }
    ],
    "subCategories": [
      {
        "code": "Dairy & Eggs",
        "desc": "Dairy & Eggs"
      }
    ],
    "brands": [
      {
        "code": "Jell-O",
        "desc": "Jell-O"
      }
    ],
    "price": {
      "basePrice": 2.39,
      "discountPrice": 2.39
    },
    "type": {
      "code": "Refrigerated Pudding & Desserts",
      "desc": "Refrigerated Pudding & Desserts"
    },
    "weight": "4 x 3.525 oz",
    "UpcCode": "",
    "tax": 0.0,
    "spiceLevel": "",
    "aiselNo": "19",
    "store": "Market Basket",
    "weightType": "4 x 3.525 oz",
    "imageName": "791.jpg",
    "defaultImage": "791.jpg",
    "updatedTimestamp": "Jan 23, 2021 8:02:30 PM",
    "createdTimestamp": "Jan 23, 2021 8:02:30 PM",
    "isNewlyAdded": false,
    "isActive": true,
    "isDealsEnabled": false,
    "quantity": 0
  },
  {
    "id": 4619,
    "code": "Libby's Chicken Vienna Sausage",
    "desc": "Libby's Chicken Vienna Sausage",
    "shortDesc": "Libby's Chicken Vienna Sausage",
    "tags": [
      "Canned Sausage"
    ],
    "categories": [
      {
        "code": "Meat & Seafood",
        "desc": "Meat & Seafood"
      }
    ],
    "subCategories": [
      {
        "code": "Canned Meat & Seafood",
        "desc": "Canned Meat & Seafood"
      }
    ],
    "brands": [
      {
        "code": "Libby's",
        "desc": "Libby's"
      }
    ],
    "price": {
      "basePrice": 0.69,
      "discountPrice": 0.69
    },
    "type": {
      "code": "Canned Sausage",
      "desc": "Canned Sausage"
    },
    "weight": "4.6 oz",
    "UpcCode": "",
    "tax": 0.0,
    "spiceLevel": "",
    "aiselNo": "2",
    "store": "Market Basket",
    "weightType": "4.6 oz",
    "imageName": "17157.jpg",
    "defaultImage": "17157.jpg",
    "updatedTimestamp": "Jan 23, 2021 8:02:30 PM",
    "createdTimestamp": "Jan 23, 2021 8:02:30 PM",
    "isNewlyAdded": false,
    "isActive": true,
    "isDealsEnabled": false,
    "quantity": 0
  },
  {
    "id": 6444,
    "code": "Market Basket Diet Cola",
    "desc": "Market Basket Diet Cola",
    "shortDesc": "Market Basket Diet Cola",
    "tags": [
      "Soft Drinks"
    ],
    "categories": [
      {
        "code": "Beverages & Juices",
        "desc": "Beverages & Juices"
      }
    ],
    "subCategories": [
      {
        "code": "Soft Drinks & Seltzers",
        "desc": "Soft Drinks & Seltzers"
      }
    ],
    "brands": [
      {
        "code": "Market Basket",
        "desc": "Market Basket"
      }
    ],
    "price": {
      "basePrice": 3.75,
      "discountPrice": 3.75
    },
    "type": {
      "code": "Soft Drinks",
      "desc": "Soft Drinks"
    },
    "weight": "12 x 12 fl oz",
    "UpcCode": "",
    "tax": 0.0,
    "spiceLevel": "",
    "aiselNo": "17",
    "store": "Market Basket",
    "weightType": "12 x 12 fl oz",
    "imageName": "Market Basket.jpg",
    "defaultImage": "Market Basket.jpg",
    "updatedTimestamp": "Jan 23, 2021 8:02:30 PM",
    "createdTimestamp": "Jan 23, 2021 8:02:30 PM",
    "isNewlyAdded": false,
    "isActive": true,
    "isDealsEnabled": false,
    "quantity": 0
  },
  {
    "id": 5949,
    "code": "Mr & Mrs T Sweet & Sour Mix",
    "desc": "Mr & Mrs T Sweet & Sour Mix",
    "shortDesc": "Mr & Mrs T Sweet & Sour Mix",
    "tags": [
      "Cocoa & Drink Mixes"
    ],
    "categories": [
      {
        "code": "Beverages & Juices",
        "desc": "Beverages & Juices"
      }
    ],
    "subCategories": [
      {
        "code": "Cocoa & Drink Mixes",
        "desc": "Cocoa & Drink Mixes"
      }
    ],
    "brands": [
      {
        "code": "Mr & Mrs T",
        "desc": "Mr & Mrs T"
      }
    ],
    "price": {
      "basePrice": 4.99,
      "discountPrice": 4.99
    },
    "type": {
      "code": "Cocoa & Drink Mixes",
      "desc": "Cocoa & Drink Mixes"
    },
    "weight": "1 L",
    "UpcCode": "",
    "tax": 0.0,
    "spiceLevel": "",
    "aiselNo": "17",
    "store": "Market Basket",
    "weightType": "1 L",
    "imageName": "No Image.jpg",
    "defaultImage": "No Image.jpg",
    "updatedTimestamp": "Jan 23, 2021 8:02:29 PM",
    "createdTimestamp": "Jan 23, 2021 8:02:29 PM",
    "isNewlyAdded": false,
    "isActive": true,
    "isDealsEnabled": false,
    "quantity": 0
  },
  {
    "id": 8316,
    "code": "Josephs Bruschetta, Tuscan Style",
    "desc": "Josephs Bruschetta, Tuscan Style",
    "shortDesc": "Josephs Bruschetta, Tuscan Style",
    "tags": [
      "Fresh Dips & Tapenades"
    ],
    "categories": [
      {
        "code": "Condiments & Dressings",
        "desc": "Condiments & Dressings"
      }
    ],
    "subCategories": [
      {
        "code": "Fresh Dips & Tapenades",
        "desc": "Fresh Dips & Tapenades"
      }
    ],
    "brands": [
      {
        "code": "Joseph's",
        "desc": "Joseph's"
      }
    ],
    "price": {
      "basePrice": 3.29,
      "discountPrice": 3.29
    },
    "type": {
      "code": "Fresh Dips & Tapenades",
      "desc": "Fresh Dips & Tapenades"
    },
    "weight": "16 oz",
    "UpcCode": "",
    "tax": 0.0,
    "spiceLevel": "",
    "aiselNo": "1",
    "store": "Market Basket",
    "weightType": "16 oz",
    "imageName": "17326.jpg",
    "defaultImage": "17326.jpg",
    "updatedTimestamp": "Jan 23, 2021 8:02:30 PM",
    "createdTimestamp": "Jan 23, 2021 8:02:30 PM",
    "isNewlyAdded": false,
    "isActive": true,
    "isDealsEnabled": false,
    "quantity": 0
  },
  {
    "id": 4917,
    "code": "Ruffles Double Crunch Hot Wings",
    "desc": "Ruffles Double Crunch Hot Wings",
    "shortDesc": "Ruffles Double Crunch Hot Wings",
    "tags": [
      "Chips & Pretzels"
    ],
    "categories": [
      {
        "code": "Chips, Cookies & Snacks",
        "desc": "Chips, Cookies & Snacks"
      }
    ],
    "subCategories": [
      {
        "code": "Chips & Fruit Snacks",
        "desc": "Chips & Fruit Snacks"
      }
    ],
    "brands": [
      {
        "code": "Ruffles",
        "desc": "Ruffles"
      }
    ],
    "price": {
      "basePrice": 6.23,
      "discountPrice": 6.23
    },
    "type": {
      "code": "Chips & Pretzels",
      "desc": "Chips & Pretzels"
    },
    "weight": "7.75 oz",
    "UpcCode": "",
    "tax": 0.0,
    "spiceLevel": "",
    "aiselNo": "0",
    "store": "Market Basket",
    "weightType": "7.75 oz",
    "imageName": "No Image.jpg",
    "defaultImage": "No Image.jpg",
    "updatedTimestamp": "Jan 23, 2021 8:02:30 PM",
    "createdTimestamp": "Jan 23, 2021 8:02:30 PM",
    "isNewlyAdded": false,
    "isActive": true,
    "isDealsEnabled": false,
    "quantity": 0
  },
  {
    "id": 7527,
    "code": "Market Basket Sliced Carrots",
    "desc": "Market Basket Sliced Carrots",
    "shortDesc": "Market Basket Sliced Carrots",
    "tags": [
      "Canned & Jarred Vegetables"
    ],
    "categories": [
      {
        "code": "Cooking Needs",
        "desc": "Cooking Needs"
      }
    ],
    "subCategories": [
      {
        "code": "Canned Food",
        "desc": "Canned Food"
      }
    ],
    "brands": [
      {
        "code": "Market Basket",
        "desc": "Market Basket"
      }
    ],
    "price": {
      "basePrice": 0.69,
      "discountPrice": 0.69
    },
    "type": {
      "code": "Canned & Jarred Vegetables",
      "desc": "Canned & Jarred Vegetables"
    },
    "weight": "8.25 oz",
    "UpcCode": "",
    "tax": 0.0,
    "spiceLevel": "",
    "aiselNo": "9",
    "store": "Market Basket",
    "weightType": "8.25 oz",
    "imageName": "Market Basket.jpg",
    "defaultImage": "Market Basket.jpg",
    "updatedTimestamp": "Jan 23, 2021 8:02:30 PM",
    "createdTimestamp": "Jan 23, 2021 8:02:30 PM",
    "isNewlyAdded": false,
    "isActive": true,
    "isDealsEnabled": false,
    "quantity": 0
  },
  {
    "id": 8450,
    "code": "McCormick Onion Gravy Mix",
    "desc": "McCormick Onion Gravy Mix",
    "shortDesc": "McCormick Onion Gravy Mix",
    "tags": [
      "Marinades & Meat Preparation"
    ],
    "categories": [
      {
        "code": "Condiments & Dressings",
        "desc": "Condiments & Dressings"
      }
    ],
    "subCategories": [
      {
        "code": "Marinades, Ketchup & Sauces",
        "desc": "Marinades, Ketchup & Sauces"
      }
    ],
    "brands": [
      {
        "code": "McCormick",
        "desc": "McCormick"
      }
    ],
    "price": {
      "basePrice": 0.89,
      "discountPrice": 0.89
    },
    "type": {
      "code": "Marinades & Meat Preparation",
      "desc": "Marinades & Meat Preparation"
    },
    "weight": "0.87 oz",
    "UpcCode": "",
    "tax": 0.0,
    "spiceLevel": "",
    "aiselNo": "9",
    "store": "Market Basket",
    "weightType": "0.87 oz",
    "imageName": "1971.jpg",
    "defaultImage": "1971.jpg",
    "updatedTimestamp": "Jan 23, 2021 8:02:30 PM",
    "createdTimestamp": "Jan 23, 2021 8:02:30 PM",
    "isNewlyAdded": false,
    "isActive": true,
    "isDealsEnabled": false,
    "quantity": 0
  },
  {
    "id": 13281,
    "code": "Fleischmann's Margarine Unsalted Sticks",
    "desc": "Fleischmann's Margarine Unsalted Sticks",
    "shortDesc": "Fleischmann's Margarine Unsalted Sticks",
    "tags": [
      "Butter"
    ],
    "categories": [
      {
        "code": "Breakfast & Dairy",
        "desc": "Breakfast & Dairy"
      }
    ],
    "subCategories": [
      {
        "code": "Dairy & Eggs",
        "desc": "Dairy & Eggs"
      }
    ],
    "brands": [
      {
        "code": "Fleischmann's",
        "desc": "Fleischmann's"
      }
    ],
    "price": {
      "basePrice": 4.89,
      "discountPrice": 4.89
    },
    "type": {
      "code": "Butter",
      "desc": "Butter"
    },
    "weight": "1 lb",
    "UpcCode": "",
    "tax": 0.0,
    "spiceLevel": "",
    "aiselNo": "1",
    "store": "Market Basket",
    "weightType": "1 lb",
    "imageName": "14765.jpg",
    "defaultImage": "14765.jpg",
    "updatedTimestamp": "Jan 23, 2021 8:02:30 PM",
    "createdTimestamp": "Jan 23, 2021 8:02:30 PM",
    "isNewlyAdded": false,
    "isActive": true,
    "isDealsEnabled": false,
    "quantity": 0
  },
  {
    "id": 10060,
    "code": "Haagen dazs Butter Pecan Ice Cream",
    "desc": "Haagen dazs Butter Pecan Ice Cream",
    "shortDesc": "Haagen dazs Butter Pecan Ice Cream",
    "tags": [
      "Ice Cream & Ice"
    ],
    "categories": [
      {
        "code": "Frozen Food",
        "desc": "Frozen Food"
      }
    ],
    "subCategories": [
      {
        "code": "Ice Cream & Ice",
        "desc": "Ice Cream & Ice"
      }
    ],
    "brands": [
      {
        "code": "Haagen-dazs",
        "desc": "Haagen-dazs"
      }
    ],
    "price": {
      "basePrice": 4.29,
      "discountPrice": 4.29
    },
    "type": {
      "code": "Ice Cream & Ice",
      "desc": "Ice Cream & Ice"
    },
    "weight": "14 fl oz",
    "UpcCode": "",
    "tax": 0.0,
    "spiceLevel": "",
    "aiselNo": "21",
    "store": "Market Basket",
    "weightType": "14 fl oz",
    "imageName": "3085.jpg",
    "defaultImage": "3085.jpg",
    "updatedTimestamp": "Jan 23, 2021 8:02:30 PM",
    "createdTimestamp": "Jan 23, 2021 8:02:30 PM",
    "isNewlyAdded": false,
    "isActive": true,
    "isDealsEnabled": false,
    "quantity": 0
  },
  {
    "id": 14454,
    "code": "Peet's Coffee CafÃÂ© Domingo Medium Roast Ground Coffee",
    "desc": "Peet's Coffee CafÃÂ© Domingo Medium Roast Ground Coffee",
    "shortDesc": "Peet's Coffee CafÃÂ© Domingo Medium Roast Ground Coffee",
    "tags": [
      "Coffee"
    ],
    "categories": [
      {
        "code": "Breakfast & Dairy",
        "desc": "Breakfast & Dairy"
      }
    ],
    "subCategories": [
      {
        "code": "Tea & Coffee",
        "desc": "Tea & Coffee"
      }
    ],
    "brands": [
      {
        "code": "Peet's Coffee",
        "desc": "Peet's Coffee"
      }
    ],
    "price": {
      "basePrice": 10.99,
      "discountPrice": 10.99
    },
    "type": {
      "code": "Coffee",
      "desc": "Coffee"
    },
    "weight": "12 oz",
    "UpcCode": "",
    "tax": 0.0,
    "spiceLevel": "",
    "aiselNo": "8",
    "store": "Market Basket",
    "weightType": "12 oz",
    "imageName": "3320.jpg",
    "defaultImage": "3320.jpg",
    "updatedTimestamp": "Jan 23, 2021 8:02:30 PM",
    "createdTimestamp": "Jan 23, 2021 8:02:30 PM",
    "isNewlyAdded": false,
    "isActive": true,
    "isDealsEnabled": false,
    "quantity": 0
  },
  {
    "id": 4995,
    "code": "Utz Potato Stix",
    "desc": "Utz Potato Stix",
    "shortDesc": "Utz Potato Stix",
    "tags": [
      "Chips & Pretzels"
    ],
    "categories": [
      {
        "code": "Chips, Cookies & Snacks",
        "desc": "Chips, Cookies & Snacks"
      }
    ],
    "subCategories": [
      {
        "code": "Chips & Fruit Snacks",
        "desc": "Chips & Fruit Snacks"
      }
    ],
    "brands": [
      {
        "code": "Utz",
        "desc": "Utz"
      }
    ],
    "price": {
      "basePrice": 4.2,
      "discountPrice": 4.2
    },
    "type": {
      "code": "Chips & Pretzels",
      "desc": "Chips & Pretzels"
    },
    "weight": "6.5 oz",
    "UpcCode": "",
    "tax": 0.0,
    "spiceLevel": "",
    "aiselNo": "0",
    "store": "Market Basket",
    "weightType": "6.5 oz",
    "imageName": "847.jpg",
    "defaultImage": "847.jpg",
    "updatedTimestamp": "Jan 23, 2021 8:02:30 PM",
    "createdTimestamp": "Jan 23, 2021 8:02:30 PM",
    "isNewlyAdded": false,
    "isActive": true,
    "isDealsEnabled": false,
    "quantity": 0
  },
  {
    "id": 6833,
    "code": "Emeril's Original Canola Oil Cooking Spray",
    "desc": "Emeril's Original Canola Oil Cooking Spray",
    "shortDesc": "Emeril's Original Canola Oil Cooking Spray",
    "tags": [
      "Baking Ingredients"
    ],
    "categories": [
      {
        "code": "Cooking Needs",
        "desc": "Cooking Needs"
      }
    ],
    "subCategories": [
      {
        "code": "Baking & Cooking",
        "desc": "Baking & Cooking"
      }
    ],
    "brands": [
      {
        "code": "Emeril's",
        "desc": "Emeril's"
      }
    ],
    "price": {
      "basePrice": 3.69,
      "discountPrice": 3.69
    },
    "type": {
      "code": "Baking Ingredients",
      "desc": "Baking Ingredients"
    },
    "weight": "6 oz",
    "UpcCode": "",
    "tax": 0.0,
    "spiceLevel": "",
    "aiselNo": "8",
    "store": "Market Basket",
    "weightType": "6 oz",
    "imageName": "15678.jpg",
    "defaultImage": "15678.jpg",
    "updatedTimestamp": "Jan 23, 2021 8:02:30 PM",
    "createdTimestamp": "Jan 23, 2021 8:02:30 PM",
    "isNewlyAdded": false,
    "isActive": true,
    "isDealsEnabled": false,
    "quantity": 0
  },
  {
    "id": 3732,
    "code": "Melon Up Watermelon Mini Seedless",
    "desc": "Melon Up Watermelon Mini Seedless",
    "shortDesc": "Melon Up Watermelon Mini Seedless",
    "tags": [
      "Watermelon"
    ],
    "categories": [
      {
        "code": "Fresh Produce",
        "desc": "Fresh Produce"
      }
    ],
    "subCategories": [
      {
        "code": "Fresh Fruits",
        "desc": "Fresh Fruits"
      }
    ],
    "brands": [
      {
        "code": "Melon Up",
        "desc": "Melon Up"
      }
    ],
    "price": {
      "basePrice": 4.93,
      "discountPrice": 4.93
    },
    "type": {
      "code": "Watermelon",
      "desc": "Watermelon"
    },
    "weight": "1 count",
    "UpcCode": "",
    "tax": 0.0,
    "spiceLevel": "",
    "aiselNo": "20",
    "store": "Market Basket",
    "weightType": "1 count",
    "imageName": "14224.jpg",
    "defaultImage": "14224.jpg",
    "updatedTimestamp": "Jan 23, 2021 8:02:30 PM",
    "createdTimestamp": "Jan 23, 2021 8:02:30 PM",
    "isNewlyAdded": false,
    "isActive": true,
    "isDealsEnabled": false,
    "quantity": 0
  },
  {
    "id": 7511,
    "code": "Market Basket Leaf Spinach",
    "desc": "Market Basket Leaf Spinach",
    "shortDesc": "Market Basket Leaf Spinach",
    "tags": [
      "Canned & Jarred Vegetables"
    ],
    "categories": [
      {
        "code": "Cooking Needs",
        "desc": "Cooking Needs"
      }
    ],
    "subCategories": [
      {
        "code": "Canned Food",
        "desc": "Canned Food"
      }
    ],
    "brands": [
      {
        "code": "Market Basket",
        "desc": "Market Basket"
      }
    ],
    "price": {
      "basePrice": 0.99,
      "discountPrice": 0.99
    },
    "type": {
      "code": "Canned & Jarred Vegetables",
      "desc": "Canned & Jarred Vegetables"
    },
    "weight": "14 oz",
    "UpcCode": "",
    "tax": 0.0,
    "spiceLevel": "",
    "aiselNo": "9",
    "store": "Market Basket",
    "weightType": "14 oz",
    "imageName": "Market Basket.jpg",
    "defaultImage": "Market Basket.jpg",
    "updatedTimestamp": "Jan 23, 2021 8:02:30 PM",
    "createdTimestamp": "Jan 23, 2021 8:02:30 PM",
    "isNewlyAdded": false,
    "isActive": true,
    "isDealsEnabled": false,
    "quantity": 0
  },
  {
    "id": 6224,
    "code": "Adirondack Original Seltzer",
    "desc": "Adirondack Original Seltzer",
    "shortDesc": "Adirondack Original Seltzer",
    "tags": [
      "Seltzer"
    ],
    "categories": [
      {
        "code": "Beverages & Juices",
        "desc": "Beverages & Juices"
      }
    ],
    "subCategories": [
      {
        "code": "Soft Drinks & Seltzers",
        "desc": "Soft Drinks & Seltzers"
      }
    ],
    "brands": [
      {
        "code": "Adirondack",
        "desc": "Adirondack"
      }
    ],
    "price": {
      "basePrice": 0.63,
      "discountPrice": 0.63
    },
    "type": {
      "code": "Seltzer",
      "desc": "Seltzer"
    },
    "weight": "1 L",
    "UpcCode": "",
    "tax": 0.0,
    "spiceLevel": "",
    "aiselNo": "11",
    "store": "Market Basket",
    "weightType": "1 L",
    "imageName": "No Image.jpg",
    "defaultImage": "No Image.jpg",
    "updatedTimestamp": "Jan 23, 2021 8:02:30 PM",
    "createdTimestamp": "Jan 23, 2021 8:02:30 PM",
    "isNewlyAdded": false,
    "isActive": true,
    "isDealsEnabled": false,
    "quantity": 0
  },
  {
    "id": 15102,
    "code": "Clearasil Stubborn Acne Control 5 IN 1 Spot Treatment Cream",
    "desc": "Clearasil Stubborn Acne Control 5 IN 1 Spot Treatment Cream",
    "shortDesc": "Clearasil Stubborn Acne Control 5 IN 1 Spot Treatment Cream",
    "tags": [
      "Facial Care"
    ],
    "categories": [
      {
        "code": "Personal Care",
        "desc": "Personal Care"
      }
    ],
    "subCategories": [
      {
        "code": "Personal Needs",
        "desc": "Personal Needs"
      }
    ],
    "brands": [
      {
        "code": "Clearasil",
        "desc": "Clearasil"
      }
    ],
    "price": {
      "basePrice": 8.04,
      "discountPrice": 8.04
    },
    "type": {
      "code": "Facial Care",
      "desc": "Facial Care"
    },
    "weight": "1 oz",
    "UpcCode": "",
    "tax": 1.0,
    "spiceLevel": "",
    "aiselNo": "13",
    "store": "Market Basket",
    "weightType": "1 oz",
    "imageName": "6265.jpg",
    "defaultImage": "6265.jpg",
    "updatedTimestamp": "Jan 23, 2021 8:02:30 PM",
    "createdTimestamp": "Jan 23, 2021 8:02:30 PM",
    "isNewlyAdded": false,
    "isActive": true,
    "isDealsEnabled": false,
    "quantity": 0
  },
  {
    "id": 440,
    "code": "Glad Tall Kitchen Drawstring Trash Bags",
    "desc": "Glad Tall Kitchen Drawstring Trash Bags",
    "shortDesc": "Glad Tall Kitchen Drawstring Trash Bags",
    "tags": [
      "Tall Trash Bags"
    ],
    "categories": [
      {
        "code": "Kitchen & Cleaning",
        "desc": "Kitchen & Cleaning"
      }
    ],
    "subCategories": [
      {
        "code": "Trash Bags & Liners",
        "desc": "Trash Bags & Liners"
      }
    ],
    "brands": [
      {
        "code": "Glad",
        "desc": "Glad"
      }
    ],
    "price": {
      "basePrice": 14.69,
      "discountPrice": 14.69
    },
    "type": {
      "code": "Tall Trash Bags",
      "desc": "Tall Trash Bags"
    },
    "weight": "90 count",
    "UpcCode": "",
    "tax": 1.0,
    "spiceLevel": "",
    "aiselNo": "12",
    "store": "Market Basket",
    "weightType": "90 count",
    "imageName": "4668.jpg",
    "defaultImage": "4668.jpg",
    "updatedTimestamp": "Jan 23, 2021 8:02:30 PM",
    "createdTimestamp": "Jan 23, 2021 8:02:30 PM",
    "isNewlyAdded": false,
    "isActive": true,
    "isDealsEnabled": false,
    "quantity": 0
  },
  {
    "id": 15195,
    "code": "Crest Tartar Control Fresh Mint Flavor Liquid Gel Toothpaste",
    "desc": "Crest Tartar Control Fresh Mint Flavor Liquid Gel Toothpaste",
    "shortDesc": "Crest Tartar Control Fresh Mint Flavor Liquid Gel Toothpaste",
    "tags": [
      "Oral Hygiene"
    ],
    "categories": [
      {
        "code": "Personal Care",
        "desc": "Personal Care"
      }
    ],
    "subCategories": [
      {
        "code": "Personal Needs",
        "desc": "Personal Needs"
      }
    ],
    "brands": [
      {
        "code": "Crest",
        "desc": "Crest"
      }
    ],
    "price": {
      "basePrice": 2.86,
      "discountPrice": 2.86
    },
    "type": {
      "code": "Oral Hygiene",
      "desc": "Oral Hygiene"
    },
    "weight": "6 oz",
    "UpcCode": "",
    "tax": 1.0,
    "spiceLevel": "",
    "aiselNo": "13",
    "store": "Market Basket",
    "weightType": "6 oz",
    "imageName": "6404.jpg",
    "defaultImage": "6404.jpg",
    "updatedTimestamp": "Jan 23, 2021 8:02:30 PM",
    "createdTimestamp": "Jan 23, 2021 8:02:30 PM",
    "isNewlyAdded": false,
    "isActive": true,
    "isDealsEnabled": false,
    "quantity": 0
  },
  {
    "id": 15312,
    "code": "Caltrate calcium vitamin d combination mineral supplements",
    "desc": "Caltrate calcium vitamin d combination mineral supplements",
    "shortDesc": "Caltrate calcium vitamin d combination mineral supplements",
    "tags": [
      "Vitamins & Supplements"
    ],
    "categories": [
      {
        "code": "Personal Care",
        "desc": "Personal Care"
      }
    ],
    "subCategories": [
      {
        "code": "Vitamins & Proteins",
        "desc": "Vitamins & Proteins"
      }
    ],
    "brands": [
      {
        "code": "Caltrate",
        "desc": "Caltrate"
      }
    ],
    "price": {
      "basePrice": 21.72,
      "discountPrice": 21.72
    },
    "type": {
      "code": "Vitamins & Supplements",
      "desc": "Vitamins & Supplements"
    },
    "weight": "120 count",
    "UpcCode": "",
    "tax": 1.0,
    "spiceLevel": "",
    "aiselNo": "13",
    "store": "Market Basket",
    "weightType": "120 count",
    "imageName": "6717.jpg",
    "defaultImage": "6717.jpg",
    "updatedTimestamp": "Jan 23, 2021 8:02:30 PM",
    "createdTimestamp": "Jan 23, 2021 8:02:30 PM",
    "isNewlyAdded": false,
    "isActive": true,
    "isDealsEnabled": false,
    "quantity": 0
  },
  {
    "id": 3680,
    "code": "Minneola Tangelo Bag",
    "desc": "Minneola Tangelo Bag",
    "shortDesc": "Minneola Tangelo Bag",
    "tags": [
      "Minneola"
    ],
    "categories": [
      {
        "code": "Fresh Produce",
        "desc": "Fresh Produce"
      }
    ],
    "subCategories": [
      {
        "code": "Fresh Fruits",
        "desc": "Fresh Fruits"
      }
    ],
    "brands": [
      {
        "code": "Market Basket",
        "desc": "Market Basket"
      }
    ],
    "price": {
      "basePrice": 5.62,
      "discountPrice": 5.62
    },
    "type": {
      "code": "Minneola",
      "desc": "Minneola"
    },
    "weight": "3 lb bag",
    "UpcCode": "",
    "tax": 0.0,
    "spiceLevel": "",
    "aiselNo": "20",
    "store": "Market Basket",
    "weightType": "3 lb bag",
    "imageName": "14219.jpg",
    "defaultImage": "14219.jpg",
    "updatedTimestamp": "Jan 23, 2021 8:02:30 PM",
    "createdTimestamp": "Jan 23, 2021 8:02:30 PM",
    "isNewlyAdded": false,
    "isActive": true,
    "isDealsEnabled": false,
    "quantity": 0
  },
  {
    "id": 6667,
    "code": "Tropicana PURE PRIMIUM  NO PULP CALICIUM + VITAMIN D NEVER FROM CONCENTRATE 100% ORANGE JUICE",
    "desc": "Tropicana PURE PRIMIUM  NO PULP CALICIUM + VITAMIN D NEVER FROM CONCENTRATE 100% ORANGE JUICE",
    "shortDesc": "Tropicana PURE PRIMIUM  NO PULP CALICIUM + VITAMIN D NEVER FROM CONCENTRATE 100% ORANGE JUICE",
    "tags": [
      "Refrigerated Drinks"
    ],
    "categories": [
      {
        "code": "Beverages & Juices",
        "desc": "Beverages & Juices"
      }
    ],
    "subCategories": [
      {
        "code": "Juices & Refrigerated Drinks",
        "desc": "Juices & Refrigerated Drinks"
      }
    ],
    "brands": [
      {
        "code": "Tropicana ",
        "desc": "Tropicana "
      }
    ],
    "price": {
      "basePrice": 4.61,
      "discountPrice": 4.61
    },
    "type": {
      "code": "Refrigerated Drinks",
      "desc": "Refrigerated Drinks"
    },
    "weight": "89 fl oz",
    "UpcCode": "",
    "tax": 0.0,
    "spiceLevel": "",
    "aiselNo": "1",
    "store": "Market Basket",
    "weightType": "89 fl oz",
    "imageName": "X856.jpg",
    "defaultImage": "X856.jpg",
    "updatedTimestamp": "Jan 23, 2021 8:02:29 PM",
    "createdTimestamp": "Jan 23, 2021 8:02:29 PM",
    "isNewlyAdded": false,
    "isActive": true,
    "isDealsEnabled": false,
    "quantity": 0
  },
  {
    "id": 490,
    "code": "Tide Plus Bleach Original 53 Loads Laundry Detergent",
    "desc": "Tide Plus Bleach Original 53 Loads Laundry Detergent",
    "shortDesc": "Tide Plus Bleach Original 53 Loads Laundry Detergent",
    "tags": [
      "Laundry Detergent"
    ],
    "categories": [
      {
        "code": "Laundry & Paper Goods",
        "desc": "Laundry & Paper Goods"
      }
    ],
    "subCategories": [
      {
        "code": "Laundry",
        "desc": "Laundry"
      }
    ],
    "brands": [
      {
        "code": "Tide",
        "desc": "Tide"
      }
    ],
    "price": {
      "basePrice": 12.49,
      "discountPrice": 12.49
    },
    "type": {
      "code": "Laundry Detergent",
      "desc": "Laundry Detergent"
    },
    "weight": "95 oz",
    "UpcCode": "",
    "tax": 1.0,
    "spiceLevel": "",
    "aiselNo": "15",
    "store": "Market Basket",
    "weightType": "95 oz",
    "imageName": "No Image.jpg",
    "defaultImage": "No Image.jpg",
    "updatedTimestamp": "Jan 23, 2021 8:02:30 PM",
    "createdTimestamp": "Jan 23, 2021 8:02:30 PM",
    "isNewlyAdded": false,
    "isActive": true,
    "isDealsEnabled": false,
    "quantity": 0
  },
  {
    "id": 4559,
    "code": "Veroni Prosciutto",
    "desc": "Veroni Prosciutto",
    "shortDesc": "Veroni Prosciutto",
    "tags": [
      "Other Meat"
    ],
    "categories": [
      {
        "code": "Meat & Seafood",
        "desc": "Meat & Seafood"
      }
    ],
    "subCategories": [
      {
        "code": "Lunch Meat",
        "desc": "Lunch Meat"
      }
    ],
    "brands": [
      {
        "code": "Veroni",
        "desc": "Veroni"
      }
    ],
    "price": {
      "basePrice": 8.59,
      "discountPrice": 8.59
    },
    "type": {
      "code": "Other Meat",
      "desc": "Other Meat"
    },
    "weight": "4 oz",
    "UpcCode": "",
    "tax": 0.0,
    "spiceLevel": "",
    "aiselNo": "22",
    "store": "Market Basket",
    "weightType": "4 oz",
    "imageName": "No Image.jpg",
    "defaultImage": "No Image.jpg",
    "updatedTimestamp": "Jan 23, 2021 8:02:30 PM",
    "createdTimestamp": "Jan 23, 2021 8:02:30 PM",
    "isNewlyAdded": false,
    "isActive": true,
    "isDealsEnabled": false,
    "quantity": 0
  },
  {
    "id": 13418,
    "code": "Egg beater natural egg white",
    "desc": "Egg beater natural egg white",
    "shortDesc": "Egg beater natural egg white",
    "tags": [
      "Eggs"
    ],
    "categories": [
      {
        "code": "Breakfast & Dairy",
        "desc": "Breakfast & Dairy"
      }
    ],
    "subCategories": [
      {
        "code": "Dairy & Eggs",
        "desc": "Dairy & Eggs"
      }
    ],
    "brands": [
      {
        "code": "Market Basket",
        "desc": "Market Basket"
      }
    ],
    "price": {
      "basePrice": 6.09,
      "discountPrice": 6.09
    },
    "type": {
      "code": "Eggs",
      "desc": "Eggs"
    },
    "weight": "32 oz",
    "UpcCode": "",
    "tax": 0.0,
    "spiceLevel": "",
    "aiselNo": "1",
    "store": "Market Basket",
    "weightType": "32 oz",
    "imageName": "Market Basket.jpg",
    "defaultImage": "Market Basket.jpg",
    "updatedTimestamp": "Jan 23, 2021 8:02:30 PM",
    "createdTimestamp": "Jan 23, 2021 8:02:30 PM",
    "isNewlyAdded": false,
    "isActive": true,
    "isDealsEnabled": false,
    "quantity": 0
  },
  {
    "id": 107,
    "code": "Lysol Mold & Mildew Foamer with Bleach",
    "desc": "Lysol Mold & Mildew Foamer with Bleach",
    "shortDesc": "Lysol Mold & Mildew Foamer with Bleach",
    "tags": [
      "Bleach"
    ],
    "categories": [
      {
        "code": "Kitchen & Cleaning",
        "desc": "Kitchen & Cleaning"
      }
    ],
    "subCategories": [
      {
        "code": "Cleaning Products",
        "desc": "Cleaning Products"
      }
    ],
    "brands": [
      {
        "code": "Lysol",
        "desc": "Lysol"
      }
    ],
    "price": {
      "basePrice": 3.69,
      "discountPrice": 3.69
    },
    "type": {
      "code": "Bleach",
      "desc": "Bleach"
    },
    "weight": "28 fl oz",
    "UpcCode": "",
    "tax": 1.0,
    "spiceLevel": "",
    "aiselNo": "15",
    "store": "Market Basket",
    "weightType": "28 fl oz",
    "imageName": "4257.jpg",
    "defaultImage": "4257.jpg",
    "updatedTimestamp": "Jan 23, 2021 8:02:30 PM",
    "createdTimestamp": "Jan 23, 2021 8:02:30 PM",
    "isNewlyAdded": false,
    "isActive": true,
    "isDealsEnabled": false,
    "quantity": 0
  },
  {
    "id": 14714,
    "code": "Eucerin Skin Calming Cream",
    "desc": "Eucerin Skin Calming Cream",
    "shortDesc": "Eucerin Skin Calming Cream",
    "tags": [
      "Cream"
    ],
    "categories": [
      {
        "code": "Personal Care",
        "desc": "Personal Care"
      }
    ],
    "subCategories": [
      {
        "code": "Body Wash, Soap & Hair Care",
        "desc": "Body Wash, Soap & Hair Care"
      }
    ],
    "brands": [
      {
        "code": "Eucerin",
        "desc": "Eucerin"
      }
    ],
    "price": {
      "basePrice": 10.57,
      "discountPrice": 10.57
    },
    "type": {
      "code": "Cream",
      "desc": "Cream"
    },
    "weight": "8 fl oz",
    "UpcCode": "",
    "tax": 1.0,
    "spiceLevel": "",
    "aiselNo": "13",
    "store": "Market Basket",
    "weightType": "8 fl oz",
    "imageName": "6369.jpg",
    "defaultImage": "6369.jpg",
    "updatedTimestamp": "Jan 23, 2021 8:02:30 PM",
    "createdTimestamp": "Jan 23, 2021 8:02:30 PM",
    "isNewlyAdded": false,
    "isActive": true,
    "isDealsEnabled": false,
    "quantity": 0
  },
  {
    "id": 5641,
    "code": "Eclipse Spearmint Sugarfree Gum piece bottle",
    "desc": "Eclipse Spearmint Sugarfree Gum piece bottle",
    "shortDesc": "Eclipse Spearmint Sugarfree Gum piece bottle",
    "tags": [
      "Mint & Gum"
    ],
    "categories": [
      {
        "code": "Chips, Cookies & Snacks",
        "desc": "Chips, Cookies & Snacks"
      }
    ],
    "subCategories": [
      {
        "code": "Candy & Chocolates",
        "desc": "Candy & Chocolates"
      }
    ],
    "brands": [
      {
        "code": "Eclipse",
        "desc": "Eclipse"
      }
    ],
    "price": {
      "basePrice": 3.69,
      "discountPrice": 3.69
    },
    "type": {
      "code": "Mint & Gum",
      "desc": "Mint & Gum"
    },
    "weight": "60 ct",
    "UpcCode": "",
    "tax": 0.0,
    "spiceLevel": "",
    "aiselNo": "3",
    "store": "Market Basket",
    "weightType": "60 ct",
    "imageName": "1506.jpg",
    "defaultImage": "1506.jpg",
    "updatedTimestamp": "Jan 23, 2021 8:02:30 PM",
    "createdTimestamp": "Jan 23, 2021 8:02:30 PM",
    "isNewlyAdded": false,
    "isActive": true,
    "isDealsEnabled": false,
    "quantity": 0
  },
  {
    "id": 14737,
    "code": "got 2b Spiked Up Max-Control Styling Gel",
    "desc": "got 2b Spiked Up Max-Control Styling Gel",
    "shortDesc": "got 2b Spiked Up Max-Control Styling Gel",
    "tags": [
      "Hair Care"
    ],
    "categories": [
      {
        "code": "Personal Care",
        "desc": "Personal Care"
      }
    ],
    "subCategories": [
      {
        "code": "Body Wash, Soap & Hair Care",
        "desc": "Body Wash, Soap & Hair Care"
      }
    ],
    "brands": [
      {
        "code": "got 2b",
        "desc": "got 2b"
      }
    ],
    "price": {
      "basePrice": 8.96,
      "discountPrice": 8.96
    },
    "type": {
      "code": "Hair Care",
      "desc": "Hair Care"
    },
    "weight": "8.5 fl oz",
    "UpcCode": "",
    "tax": 1.0,
    "spiceLevel": "",
    "aiselNo": "13",
    "store": "Market Basket",
    "weightType": "8.5 fl oz",
    "imageName": "17816.jpg",
    "defaultImage": "17816.jpg",
    "updatedTimestamp": "Jan 23, 2021 8:02:30 PM",
    "createdTimestamp": "Jan 23, 2021 8:02:30 PM",
    "isNewlyAdded": false,
    "isActive": true,
    "isDealsEnabled": false,
    "quantity": 0
  },
  {
    "id": 13519,
    "code": "Natrel Milk, Low Fat, Chocolate, 1% Milkfat",
    "desc": "Natrel Milk, Low Fat, Chocolate, 1% Milkfat",
    "shortDesc": "Natrel Milk, Low Fat, Chocolate, 1% Milkfat",
    "tags": [
      "Milk"
    ],
    "categories": [
      {
        "code": "Breakfast & Dairy",
        "desc": "Breakfast & Dairy"
      }
    ],
    "subCategories": [
      {
        "code": "Dairy & Eggs",
        "desc": "Dairy & Eggs"
      }
    ],
    "brands": [
      {
        "code": "Natrel",
        "desc": "Natrel"
      }
    ],
    "price": {
      "basePrice": 9.19,
      "discountPrice": 9.19
    },
    "type": {
      "code": "Milk",
      "desc": "Milk"
    },
    "weight": "8 count",
    "UpcCode": "",
    "tax": 0.0,
    "spiceLevel": "",
    "aiselNo": "1",
    "store": "Market Basket",
    "weightType": "8 count",
    "imageName": "14746.jpg",
    "defaultImage": "14746.jpg",
    "updatedTimestamp": "Jan 23, 2021 8:02:30 PM",
    "createdTimestamp": "Jan 23, 2021 8:02:30 PM",
    "isNewlyAdded": false,
    "isActive": true,
    "isDealsEnabled": false,
    "quantity": 0
  },
  {
    "id": 13838,
    "code": "KozyShack Pudding, Tapioca, Gluten Free, Cup",
    "desc": "KozyShack Pudding, Tapioca, Gluten Free, Cup",
    "shortDesc": "KozyShack Pudding, Tapioca, Gluten Free, Cup",
    "tags": [
      "Refrigerated Pudding & Desserts"
    ],
    "categories": [
      {
        "code": "Breakfast & Dairy",
        "desc": "Breakfast & Dairy"
      }
    ],
    "subCategories": [
      {
        "code": "Dairy & Eggs",
        "desc": "Dairy & Eggs"
      }
    ],
    "brands": [
      {
        "code": "KozyShack",
        "desc": "KozyShack"
      }
    ],
    "price": {
      "basePrice": 3.09,
      "discountPrice": 3.09
    },
    "type": {
      "code": "Refrigerated Pudding & Desserts",
      "desc": "Refrigerated Pudding & Desserts"
    },
    "weight": "22 oz",
    "UpcCode": "",
    "tax": 0.0,
    "spiceLevel": "",
    "aiselNo": "19",
    "store": "Market Basket",
    "weightType": "22 oz",
    "imageName": "821.jpg",
    "defaultImage": "821.jpg",
    "updatedTimestamp": "Jan 23, 2021 8:02:30 PM",
    "createdTimestamp": "Jan 23, 2021 8:02:30 PM",
    "isNewlyAdded": false,
    "isActive": true,
    "isDealsEnabled": false,
    "quantity": 0
  },
  {
    "id": 3888,
    "code": "Oyster Mushroom",
    "desc": "Oyster Mushroom",
    "shortDesc": "Oyster Mushroom",
    "tags": [
      "Mushroom"
    ],
    "categories": [
      {
        "code": "Fresh Produce",
        "desc": "Fresh Produce"
      }
    ],
    "subCategories": [
      {
        "code": "Fresh Vegetables",
        "desc": "Fresh Vegetables"
      }
    ],
    "brands": [
      {
        "code": "Market Basket",
        "desc": "Market Basket"
      }
    ],
    "price": {
      "basePrice": 3.55,
      "discountPrice": 3.55
    },
    "type": {
      "code": "Mushroom",
      "desc": "Mushroom"
    },
    "weight": "1 each",
    "UpcCode": "",
    "tax": 0.0,
    "spiceLevel": "",
    "aiselNo": "20",
    "store": "Market Basket",
    "weightType": "1 each",
    "imageName": "14356.jpg",
    "defaultImage": "14356.jpg",
    "updatedTimestamp": "Jan 23, 2021 8:02:30 PM",
    "createdTimestamp": "Jan 23, 2021 8:02:30 PM",
    "isNewlyAdded": false,
    "isActive": true,
    "isDealsEnabled": false,
    "quantity": 0
  },
  {
    "id": 5941,
    "code": "Cocktail Artist Strawberry Daiquiri-Margarita Mix",
    "desc": "Cocktail Artist Strawberry Daiquiri-Margarita Mix",
    "shortDesc": "Cocktail Artist Strawberry Daiquiri-Margarita Mix",
    "tags": [
      "Cocoa & Drink Mixes"
    ],
    "categories": [
      {
        "code": "Beverages & Juices",
        "desc": "Beverages & Juices"
      }
    ],
    "subCategories": [
      {
        "code": "Cocoa & Drink Mixes",
        "desc": "Cocoa & Drink Mixes"
      }
    ],
    "brands": [
      {
        "code": "Cocktail Artist",
        "desc": "Cocktail Artist"
      }
    ],
    "price": {
      "basePrice": 6.24,
      "discountPrice": 6.24
    },
    "type": {
      "code": "Cocoa & Drink Mixes",
      "desc": "Cocoa & Drink Mixes"
    },
    "weight": "1 L",
    "UpcCode": "",
    "tax": 0.0,
    "spiceLevel": "",
    "aiselNo": "17",
    "store": "Market Basket",
    "weightType": "1 L",
    "imageName": "No Image.jpg",
    "defaultImage": "No Image.jpg",
    "updatedTimestamp": "Jan 23, 2021 8:02:29 PM",
    "createdTimestamp": "Jan 23, 2021 8:02:29 PM",
    "isNewlyAdded": false,
    "isActive": true,
    "isDealsEnabled": false,
    "quantity": 0
  },
  {
    "id": 5855,
    "code": "Market Basket Lite Whipped Topping",
    "desc": "Market Basket Lite Whipped Topping",
    "shortDesc": "Market Basket Lite Whipped Topping",
    "tags": [
      "Ice Cream Toppings"
    ],
    "categories": [
      {
        "code": "Richardson's Farm Ice Cream",
        "desc": "Richardson's Farm Ice Cream"
      }
    ],
    "subCategories": [
      {
        "code": "Ice Cream Toppings",
        "desc": "Ice Cream Toppings"
      }
    ],
    "brands": [
      {
        "code": "Market Basket",
        "desc": "Market Basket"
      }
    ],
    "price": {
      "basePrice": 1.29,
      "discountPrice": 1.29
    },
    "type": {
      "code": "Ice Cream Toppings",
      "desc": "Ice Cream Toppings"
    },
    "weight": "8 oz",
    "UpcCode": "",
    "tax": 0.0,
    "spiceLevel": "",
    "aiselNo": "20",
    "store": "Market Basket",
    "weightType": "8 oz",
    "imageName": "Market Basket.jpg",
    "defaultImage": "Market Basket.jpg",
    "updatedTimestamp": "Jan 23, 2021 8:02:30 PM",
    "createdTimestamp": "Jan 23, 2021 8:02:30 PM",
    "isNewlyAdded": false,
    "isActive": true,
    "isDealsEnabled": false,
    "quantity": 0
  },
  {
    "id": 13751,
    "code": "Market Basket New York Extra Sharp Cheddar Cheese Block",
    "desc": "Market Basket New York Extra Sharp Cheddar Cheese Block",
    "shortDesc": "Market Basket New York Extra Sharp Cheddar Cheese Block",
    "tags": [
      "Packaged Cheese"
    ],
    "categories": [
      {
        "code": "Breakfast & Dairy",
        "desc": "Breakfast & Dairy"
      }
    ],
    "subCategories": [
      {
        "code": "Dairy & Eggs",
        "desc": "Dairy & Eggs"
      }
    ],
    "brands": [
      {
        "code": "Market Basket",
        "desc": "Market Basket"
      }
    ],
    "price": {
      "basePrice": 6.09,
      "discountPrice": 6.09
    },
    "type": {
      "code": "Packaged Cheese",
      "desc": "Packaged Cheese"
    },
    "weight": "24 oz",
    "UpcCode": "",
    "tax": 0.0,
    "spiceLevel": "",
    "aiselNo": "1",
    "store": "Market Basket",
    "weightType": "24 oz",
    "imageName": "Market Basket.jpg",
    "defaultImage": "Market Basket.jpg",
    "updatedTimestamp": "Jan 23, 2021 8:02:30 PM",
    "createdTimestamp": "Jan 23, 2021 8:02:30 PM",
    "isNewlyAdded": false,
    "isActive": true,
    "isDealsEnabled": false,
    "quantity": 0
  },
  {
    "id": 8813,
    "code": "Fresh Gourmet Organic Croutons Caesar",
    "desc": "Fresh Gourmet Organic Croutons Caesar",
    "shortDesc": "Fresh Gourmet Organic Croutons Caesar",
    "tags": [
      "Salad Dressing & Toppings"
    ],
    "categories": [
      {
        "code": "Condiments & Dressings",
        "desc": "Condiments & Dressings"
      }
    ],
    "subCategories": [
      {
        "code": "Salad Dressings & Toppings",
        "desc": "Salad Dressings & Toppings"
      }
    ],
    "brands": [
      {
        "code": "Fresh Gourmet Classic",
        "desc": "Fresh Gourmet Classic"
      }
    ],
    "price": {
      "basePrice": 2.09,
      "discountPrice": 2.09
    },
    "type": {
      "code": "Salad Dressing & Toppings",
      "desc": "Salad Dressing & Toppings"
    },
    "weight": "4.5 oz",
    "UpcCode": "",
    "tax": 0.0,
    "spiceLevel": "",
    "aiselNo": "2",
    "store": "Market Basket",
    "weightType": "4.5 oz",
    "imageName": "15460.jpg",
    "defaultImage": "15460.jpg",
    "updatedTimestamp": "Jan 23, 2021 8:02:30 PM",
    "createdTimestamp": "Jan 23, 2021 8:02:30 PM",
    "isNewlyAdded": false,
    "isActive": true,
    "isDealsEnabled": false,
    "quantity": 0
  },
  {
    "id": 14527,
    "code": "Bigelow Earl Grey Green Tea",
    "desc": "Bigelow Earl Grey Green Tea",
    "shortDesc": "Bigelow Earl Grey Green Tea",
    "tags": [
      "Tea"
    ],
    "categories": [
      {
        "code": "Breakfast & Dairy",
        "desc": "Breakfast & Dairy"
      }
    ],
    "subCategories": [
      {
        "code": "Tea & Coffee",
        "desc": "Tea & Coffee"
      }
    ],
    "brands": [
      {
        "code": "Bigelow ",
        "desc": "Bigelow "
      }
    ],
    "price": {
      "basePrice": 3.09,
      "discountPrice": 3.09
    },
    "type": {
      "code": "Tea",
      "desc": "Tea"
    },
    "weight": "1.05 oz",
    "UpcCode": "",
    "tax": 0.0,
    "spiceLevel": "",
    "aiselNo": "8",
    "store": "Market Basket",
    "weightType": "1.05 oz",
    "imageName": "3407.jpg",
    "defaultImage": "3407.jpg",
    "updatedTimestamp": "Jan 23, 2021 8:02:30 PM",
    "createdTimestamp": "Jan 23, 2021 8:02:30 PM",
    "isNewlyAdded": false,
    "isActive": true,
    "isDealsEnabled": false,
    "quantity": 0
  },
  {
    "id": 5923,
    "code": "Forto Energy Coffee Organic Chocolate Latte",
    "desc": "Forto Energy Coffee Organic Chocolate Latte",
    "shortDesc": "Forto Energy Coffee Organic Chocolate Latte",
    "tags": [
      "Single To-Go Coffee"
    ],
    "categories": [
      {
        "code": "Beverages & Juices",
        "desc": "Beverages & Juices"
      }
    ],
    "subCategories": [
      {
        "code": "Tea, Coffee, Milk & Coconut Water",
        "desc": "Tea, Coffee, Milk & Coconut Water"
      }
    ],
    "brands": [
      {
        "code": "Forto",
        "desc": "Forto"
      }
    ],
    "price": {
      "basePrice": 2.5,
      "discountPrice": 2.5
    },
    "type": {
      "code": "Single To-Go Coffee",
      "desc": "Single To-Go Coffee"
    },
    "weight": "11 fl oz",
    "UpcCode": "",
    "tax": 0.0,
    "spiceLevel": "",
    "aiselNo": "17",
    "store": "Market Basket",
    "weightType": "11 fl oz",
    "imageName": "No Image.jpg",
    "defaultImage": "No Image.jpg",
    "updatedTimestamp": "Jan 23, 2021 8:02:30 PM",
    "createdTimestamp": "Jan 23, 2021 8:02:30 PM",
    "isNewlyAdded": false,
    "isActive": true,
    "isDealsEnabled": false,
    "quantity": 0
  },
  {
    "id": 10068,
    "code": "Haagen dazs Coffee Ice Cream",
    "desc": "Haagen dazs Coffee Ice Cream",
    "shortDesc": "Haagen dazs Coffee Ice Cream",
    "tags": [
      "Ice Cream & Ice"
    ],
    "categories": [
      {
        "code": "Frozen Food",
        "desc": "Frozen Food"
      }
    ],
    "subCategories": [
      {
        "code": "Ice Cream & Ice",
        "desc": "Ice Cream & Ice"
      }
    ],
    "brands": [
      {
        "code": "Haagen-dazs",
        "desc": "Haagen-dazs"
      }
    ],
    "price": {
      "basePrice": 7.39,
      "discountPrice": 7.39
    },
    "type": {
      "code": "Ice Cream & Ice",
      "desc": "Ice Cream & Ice"
    },
    "weight": "28 fl oz",
    "UpcCode": "",
    "tax": 0.0,
    "spiceLevel": "",
    "aiselNo": "21",
    "store": "Market Basket",
    "weightType": "28 fl oz",
    "imageName": "3076.jpg",
    "defaultImage": "3076.jpg",
    "updatedTimestamp": "Jan 23, 2021 8:02:30 PM",
    "createdTimestamp": "Jan 23, 2021 8:02:30 PM",
    "isNewlyAdded": false,
    "isActive": true,
    "isDealsEnabled": false,
    "quantity": 0
  },
  {
    "id": 14770,
    "code": "Pantene Classic Clean Pantene Pro-V Classic Clean Conditioner 20 fl oz Female Hair Care",
    "desc": "Pantene Classic Clean Pantene Pro-V Classic Clean Conditioner 20 fl oz Female Hair Care",
    "shortDesc": "Pantene Classic Clean Pantene Pro-V Classic Clean Conditioner 20 fl oz Female Hair Care",
    "tags": [
      "Hair Care"
    ],
    "categories": [
      {
        "code": "Personal Care",
        "desc": "Personal Care"
      }
    ],
    "subCategories": [
      {
        "code": "Body Wash, Soap & Hair Care",
        "desc": "Body Wash, Soap & Hair Care"
      }
    ],
    "brands": [
      {
        "code": "Pantene",
        "desc": "Pantene"
      }
    ],
    "price": {
      "basePrice": 8.04,
      "discountPrice": 8.04
    },
    "type": {
      "code": "Hair Care",
      "desc": "Hair Care"
    },
    "weight": "21.1 fl oz",
    "UpcCode": "",
    "tax": 1.0,
    "spiceLevel": "",
    "aiselNo": "13",
    "store": "Market Basket",
    "weightType": "21.1 fl oz",
    "imageName": "6573.jpg",
    "defaultImage": "6573.jpg",
    "updatedTimestamp": "Jan 23, 2021 8:02:30 PM",
    "createdTimestamp": "Jan 23, 2021 8:02:30 PM",
    "isNewlyAdded": false,
    "isActive": true,
    "isDealsEnabled": false,
    "quantity": 0
  },
  {
    "id": 14768,
    "code": "NeutrogenaÂ® T/Gel Therapeutic Shampoo Original Formula",
    "desc": "NeutrogenaÂ® T/Gel Therapeutic Shampoo Original Formula",
    "shortDesc": "NeutrogenaÂ® T/Gel Therapeutic Shampoo Original Formula",
    "tags": [
      "Hair Care"
    ],
    "categories": [
      {
        "code": "Personal Care",
        "desc": "Personal Care"
      }
    ],
    "subCategories": [
      {
        "code": "Body Wash, Soap & Hair Care",
        "desc": "Body Wash, Soap & Hair Care"
      }
    ],
    "brands": [
      {
        "code": "Neutrogena",
        "desc": "Neutrogena"
      }
    ],
    "price": {
      "basePrice": 8.84,
      "discountPrice": 8.84
    },
    "type": {
      "code": "Hair Care",
      "desc": "Hair Care"
    },
    "weight": "4.4 fl oz",
    "UpcCode": "",
    "tax": 1.0,
    "spiceLevel": "",
    "aiselNo": "13",
    "store": "Market Basket",
    "weightType": "4.4 fl oz",
    "imageName": "17842.jpg",
    "defaultImage": "17842.jpg",
    "updatedTimestamp": "Jan 23, 2021 8:02:30 PM",
    "createdTimestamp": "Jan 23, 2021 8:02:30 PM",
    "isNewlyAdded": false,
    "isActive": true,
    "isDealsEnabled": false,
    "quantity": 0
  },
  {
    "id": 8738,
    "code": "Green Mountain Salsa Medium",
    "desc": "Green Mountain Salsa Medium",
    "shortDesc": "Green Mountain Salsa Medium",
    "tags": [
      "Preserved Dips & Salsa"
    ],
    "categories": [
      {
        "code": "Condiments & Dressings",
        "desc": "Condiments & Dressings"
      }
    ],
    "subCategories": [
      {
        "code": "Preserved Dips & Spreads",
        "desc": "Preserved Dips & Spreads"
      }
    ],
    "brands": [
      {
        "code": "Green Mountain",
        "desc": "Green Mountain"
      }
    ],
    "price": {
      "basePrice": 3.69,
      "discountPrice": 3.69
    },
    "type": {
      "code": "Preserved Dips & Salsa",
      "desc": "Preserved Dips & Salsa"
    },
    "weight": "16 oz",
    "UpcCode": "",
    "tax": 0.0,
    "spiceLevel": "",
    "aiselNo": "1",
    "store": "Market Basket",
    "weightType": "16 oz",
    "imageName": "2016.jpg",
    "defaultImage": "2016.jpg",
    "updatedTimestamp": "Jan 23, 2021 8:02:30 PM",
    "createdTimestamp": "Jan 23, 2021 8:02:30 PM",
    "isNewlyAdded": false,
    "isActive": true,
    "isDealsEnabled": false,
    "quantity": 0
  },
  {
    "id": 8126,
    "code": "Rachael Ray Chicken Stock",
    "desc": "Rachael Ray Chicken Stock",
    "shortDesc": "Rachael Ray Chicken Stock",
    "tags": [
      "Soup, Broth & Bouillon"
    ],
    "categories": [
      {
        "code": "Cooking Needs",
        "desc": "Cooking Needs"
      }
    ],
    "subCategories": [
      {
        "code": "Canned Food",
        "desc": "Canned Food"
      }
    ],
    "brands": [
      {
        "code": "Rachael Ray",
        "desc": "Rachael Ray"
      }
    ],
    "price": {
      "basePrice": 2.49,
      "discountPrice": 2.49
    },
    "type": {
      "code": "Soup, Broth & Bouillon",
      "desc": "Soup, Broth & Bouillon"
    },
    "weight": "32 fl oz",
    "UpcCode": "",
    "tax": 0.0,
    "spiceLevel": "",
    "aiselNo": "2",
    "store": "Market Basket",
    "weightType": "32 fl oz",
    "imageName": "17183.jpg",
    "defaultImage": "17183.jpg",
    "updatedTimestamp": "Jan 23, 2021 8:02:30 PM",
    "createdTimestamp": "Jan 23, 2021 8:02:30 PM",
    "isNewlyAdded": false,
    "isActive": true,
    "isDealsEnabled": false,
    "quantity": 0
  },
  {
    "id": 5383,
    "code": "Simple Mills Almond Flour Crackers Fine Ground Sea Salt",
    "desc": "Simple Mills Almond Flour Crackers Fine Ground Sea Salt",
    "shortDesc": "Simple Mills Almond Flour Crackers Fine Ground Sea Salt",
    "tags": [
      "Crackers"
    ],
    "categories": [
      {
        "code": "Chips, Cookies & Snacks",
        "desc": "Chips, Cookies & Snacks"
      }
    ],
    "subCategories": [
      {
        "code": "Cookies & Crackers",
        "desc": "Cookies & Crackers"
      }
    ],
    "brands": [
      {
        "code": "Simple Mills",
        "desc": "Simple Mills"
      }
    ],
    "price": {
      "basePrice": 6.23,
      "discountPrice": 6.23
    },
    "type": {
      "code": "Crackers",
      "desc": "Crackers"
    },
    "weight": "4.25 oz",
    "UpcCode": "",
    "tax": 0.0,
    "spiceLevel": "",
    "aiselNo": "6",
    "store": "Market Basket",
    "weightType": "4.25 oz",
    "imageName": "No Image.jpg",
    "defaultImage": "No Image.jpg",
    "updatedTimestamp": "Jan 23, 2021 8:02:30 PM",
    "createdTimestamp": "Jan 23, 2021 8:02:30 PM",
    "isNewlyAdded": false,
    "isActive": true,
    "isDealsEnabled": false,
    "quantity": 0
  },
  {
    "id": 13717,
    "code": "El Viajero Queso Fresco",
    "desc": "El Viajero Queso Fresco",
    "shortDesc": "El Viajero Queso Fresco",
    "tags": [
      "Packaged Cheese"
    ],
    "categories": [
      {
        "code": "Breakfast & Dairy",
        "desc": "Breakfast & Dairy"
      }
    ],
    "subCategories": [
      {
        "code": "Dairy & Eggs",
        "desc": "Dairy & Eggs"
      }
    ],
    "brands": [
      {
        "code": "Market Basket",
        "desc": "Market Basket"
      }
    ],
    "price": {
      "basePrice": 4.59,
      "discountPrice": 4.59
    },
    "type": {
      "code": "Packaged Cheese",
      "desc": "Packaged Cheese"
    },
    "weight": "10 oz",
    "UpcCode": "",
    "tax": 0.0,
    "spiceLevel": "",
    "aiselNo": "1",
    "store": "Market Basket",
    "weightType": "10 oz",
    "imageName": "14619.jpg",
    "defaultImage": "14619.jpg",
    "updatedTimestamp": "Jan 23, 2021 8:02:30 PM",
    "createdTimestamp": "Jan 23, 2021 8:02:30 PM",
    "isNewlyAdded": false,
    "isActive": true,
    "isDealsEnabled": false,
    "quantity": 0
  },
  {
    "id": 7784,
    "code": "Market Basket Chick Peas",
    "desc": "Market Basket Chick Peas",
    "shortDesc": "Market Basket Chick Peas",
    "tags": [
      "Canned Meals & Beans"
    ],
    "categories": [
      {
        "code": "Cooking Needs",
        "desc": "Cooking Needs"
      }
    ],
    "subCategories": [
      {
        "code": "Canned Food",
        "desc": "Canned Food"
      }
    ],
    "brands": [
      {
        "code": "Market Basket",
        "desc": "Market Basket"
      }
    ],
    "price": {
      "basePrice": 0.89,
      "discountPrice": 0.89
    },
    "type": {
      "code": "Canned Meals & Beans",
      "desc": "Canned Meals & Beans"
    },
    "weight": "15.5 oz",
    "UpcCode": "",
    "tax": 0.0,
    "spiceLevel": "",
    "aiselNo": "2",
    "store": "Market Basket",
    "weightType": "15.5 oz",
    "imageName": "Market Basket.jpg",
    "defaultImage": "Market Basket.jpg",
    "updatedTimestamp": "Jan 23, 2021 8:02:30 PM",
    "createdTimestamp": "Jan 23, 2021 8:02:30 PM",
    "isNewlyAdded": false,
    "isActive": true,
    "isDealsEnabled": false,
    "quantity": 0
  },
  {
    "id": 14344,
    "code": "Cafe Bustelo Coffee, Dark Roast, Espresso Style, K Cup Pods, Box",
    "desc": "Cafe Bustelo Coffee, Dark Roast, Espresso Style, K Cup Pods, Box",
    "shortDesc": "Cafe Bustelo Coffee, Dark Roast, Espresso Style, K Cup Pods, Box",
    "tags": [
      "Coffee"
    ],
    "categories": [
      {
        "code": "Breakfast & Dairy",
        "desc": "Breakfast & Dairy"
      }
    ],
    "subCategories": [
      {
        "code": "Tea & Coffee",
        "desc": "Tea & Coffee"
      }
    ],
    "brands": [
      {
        "code": "Cafe Bustelo",
        "desc": "Cafe Bustelo"
      }
    ],
    "price": {
      "basePrice": 8.59,
      "discountPrice": 8.59
    },
    "type": {
      "code": "Coffee",
      "desc": "Coffee"
    },
    "weight": "12 x 0.37 oz",
    "UpcCode": "",
    "tax": 0.0,
    "spiceLevel": "",
    "aiselNo": "8",
    "store": "Market Basket",
    "weightType": "12 x 0.37 oz",
    "imageName": "16278.jpg",
    "defaultImage": "16278.jpg",
    "updatedTimestamp": "Jan 23, 2021 8:02:30 PM",
    "createdTimestamp": "Jan 23, 2021 8:02:30 PM",
    "isNewlyAdded": false,
    "isActive": true,
    "isDealsEnabled": false,
    "quantity": 0
  },
  {
    "id": 9951,
    "code": "Ben & Jerry's Ice Cream Peanut Buttah Cookie Core",
    "desc": "Ben & Jerry's Ice Cream Peanut Buttah Cookie Core",
    "shortDesc": "Ben & Jerry's Ice Cream Peanut Buttah Cookie Core",
    "tags": [
      "Ice Cream & Ice"
    ],
    "categories": [
      {
        "code": "Frozen Food",
        "desc": "Frozen Food"
      }
    ],
    "subCategories": [
      {
        "code": "Ice Cream & Ice",
        "desc": "Ice Cream & Ice"
      }
    ],
    "brands": [
      {
        "code": "Ben & Jerry's",
        "desc": "Ben & Jerry's"
      }
    ],
    "price": {
      "basePrice": 3.69,
      "discountPrice": 3.69
    },
    "type": {
      "code": "Ice Cream & Ice",
      "desc": "Ice Cream & Ice"
    },
    "weight": "1 pint",
    "UpcCode": "",
    "tax": 0.0,
    "spiceLevel": "",
    "aiselNo": "21",
    "store": "Market Basket",
    "weightType": "1 pint",
    "imageName": "2997.jpg",
    "defaultImage": "2997.jpg",
    "updatedTimestamp": "Jan 23, 2021 8:02:30 PM",
    "createdTimestamp": "Jan 23, 2021 8:02:30 PM",
    "isNewlyAdded": false,
    "isActive": true,
    "isDealsEnabled": false,
    "quantity": 0
  },
  {
    "id": 14904,
    "code": "O.B. Pro Comfort Regular Tampons",
    "desc": "O.B. Pro Comfort Regular Tampons",
    "shortDesc": "O.B. Pro Comfort Regular Tampons",
    "tags": [
      "Tampon"
    ],
    "categories": [
      {
        "code": "Personal Care",
        "desc": "Personal Care"
      }
    ],
    "subCategories": [
      {
        "code": "Feminine Care",
        "desc": "Feminine Care"
      }
    ],
    "brands": [
      {
        "code": "O.B.",
        "desc": "O.B."
      }
    ],
    "price": {
      "basePrice": 5.62,
      "discountPrice": 5.62
    },
    "type": {
      "code": "Tampon",
      "desc": "Tampon"
    },
    "weight": "18 count",
    "UpcCode": "",
    "tax": 1.0,
    "spiceLevel": "",
    "aiselNo": "13",
    "store": "Market Basket",
    "weightType": "18 count",
    "imageName": "No Image.jpg",
    "defaultImage": "No Image.jpg",
    "updatedTimestamp": "Jan 23, 2021 8:02:30 PM",
    "createdTimestamp": "Jan 23, 2021 8:02:30 PM",
    "isNewlyAdded": false,
    "isActive": true,
    "isDealsEnabled": false,
    "quantity": 0
  },
  {
    "id": 6568,
    "code": "Bolthouse Farms 100% Carrot Juice",
    "desc": "Bolthouse Farms 100% Carrot Juice",
    "shortDesc": "Bolthouse Farms 100% Carrot Juice",
    "tags": [
      "Refrigerated Drinks"
    ],
    "categories": [
      {
        "code": "Beverages & Juices",
        "desc": "Beverages & Juices"
      }
    ],
    "subCategories": [
      {
        "code": "Juices & Refrigerated Drinks",
        "desc": "Juices & Refrigerated Drinks"
      }
    ],
    "brands": [
      {
        "code": "Bolthouse Farms",
        "desc": "Bolthouse Farms"
      }
    ],
    "price": {
      "basePrice": 6.09,
      "discountPrice": 6.09
    },
    "type": {
      "code": "Refrigerated Drinks",
      "desc": "Refrigerated Drinks"
    },
    "weight": "52 fl oz",
    "UpcCode": "",
    "tax": 0.0,
    "spiceLevel": "",
    "aiselNo": "20",
    "store": "Market Basket",
    "weightType": "52 fl oz",
    "imageName": "3829.jpg",
    "defaultImage": "3829.jpg",
    "updatedTimestamp": "Jan 23, 2021 8:02:30 PM",
    "createdTimestamp": "Jan 23, 2021 8:02:30 PM",
    "isNewlyAdded": false,
    "isActive": true,
    "isDealsEnabled": false,
    "quantity": 0
  },
  {
    "id": 4675,
    "code": "Market Basket Solid White Albacore in Water Tuna",
    "desc": "Market Basket Solid White Albacore in Water Tuna",
    "shortDesc": "Market Basket Solid White Albacore in Water Tuna",
    "tags": [
      "Canned Tuna"
    ],
    "categories": [
      {
        "code": "Meat & Seafood",
        "desc": "Meat & Seafood"
      }
    ],
    "subCategories": [
      {
        "code": "Canned Meat & Seafood",
        "desc": "Canned Meat & Seafood"
      }
    ],
    "brands": [
      {
        "code": "Market Basket",
        "desc": "Market Basket"
      }
    ],
    "price": {
      "basePrice": 1.59,
      "discountPrice": 1.59
    },
    "type": {
      "code": "Canned Tuna",
      "desc": "Canned Tuna"
    },
    "weight": "5 oz",
    "UpcCode": "",
    "tax": 0.0,
    "spiceLevel": "",
    "aiselNo": "2",
    "store": "Market Basket",
    "weightType": "5 oz",
    "imageName": "5185.jpg",
    "defaultImage": "5185.jpg",
    "updatedTimestamp": "Jan 23, 2021 8:02:30 PM",
    "createdTimestamp": "Jan 23, 2021 8:02:30 PM",
    "isNewlyAdded": false,
    "isActive": true,
    "isDealsEnabled": false,
    "quantity": 0
  },
  {
    "id": 6475,
    "code": "Superior Nut Company Roasted Almonds",
    "desc": "Superior Nut Company Roasted Almonds",
    "shortDesc": "Superior Nut Company Roasted Almonds",
    "tags": [
      "Nuts, Seeds & Dried Fruit"
    ],
    "categories": [
      {
        "code": "Chips, Cookies & Snacks",
        "desc": "Chips, Cookies & Snacks"
      }
    ],
    "subCategories": [
      {
        "code": "Nuts, Seeds & Dried Fruit",
        "desc": "Nuts, Seeds & Dried Fruit"
      }
    ],
    "brands": [
      {
        "code": "Superior Nut Company",
        "desc": "Superior Nut Company"
      }
    ],
    "price": {
      "basePrice": 7.49,
      "discountPrice": 7.49
    },
    "type": {
      "code": "Nuts, Seeds & Dried Fruit",
      "desc": "Nuts, Seeds & Dried Fruit"
    },
    "weight": "15 oz",
    "UpcCode": "",
    "tax": 0.0,
    "spiceLevel": "",
    "aiselNo": "6",
    "store": "Market Basket",
    "weightType": "15 oz",
    "imageName": "No Image.jpg",
    "defaultImage": "No Image.jpg",
    "updatedTimestamp": "Jan 23, 2021 8:02:30 PM",
    "createdTimestamp": "Jan 23, 2021 8:02:30 PM",
    "isNewlyAdded": false,
    "isActive": true,
    "isDealsEnabled": false,
    "quantity": 0
  },
  {
    "id": 14777,
    "code": "Pantene ProV Radiant Color Shine Shampoo",
    "desc": "Pantene ProV Radiant Color Shine Shampoo",
    "shortDesc": "Pantene ProV Radiant Color Shine Shampoo",
    "tags": [
      "Hair Care"
    ],
    "categories": [
      {
        "code": "Personal Care",
        "desc": "Personal Care"
      }
    ],
    "subCategories": [
      {
        "code": "Body Wash, Soap & Hair Care",
        "desc": "Body Wash, Soap & Hair Care"
      }
    ],
    "brands": [
      {
        "code": "Pantene",
        "desc": "Pantene"
      }
    ],
    "price": {
      "basePrice": 6.66,
      "discountPrice": 6.66
    },
    "type": {
      "code": "Hair Care",
      "desc": "Hair Care"
    },
    "weight": "12.6 fl oz",
    "UpcCode": "",
    "tax": 1.0,
    "spiceLevel": "",
    "aiselNo": "13",
    "store": "Market Basket",
    "weightType": "12.6 fl oz",
    "imageName": "6574.jpg",
    "defaultImage": "6574.jpg",
    "updatedTimestamp": "Jan 23, 2021 8:02:30 PM",
    "createdTimestamp": "Jan 23, 2021 8:02:30 PM",
    "isNewlyAdded": false,
    "isActive": true,
    "isDealsEnabled": false,
    "quantity": 0
  },
  {
    "id": 8132,
    "code": "Swanson Chicken Broth",
    "desc": "Swanson Chicken Broth",
    "shortDesc": "Swanson Chicken Broth",
    "tags": [
      "Soup, Broth & Bouillon"
    ],
    "categories": [
      {
        "code": "Cooking Needs",
        "desc": "Cooking Needs"
      }
    ],
    "subCategories": [
      {
        "code": "Canned Food",
        "desc": "Canned Food"
      }
    ],
    "brands": [
      {
        "code": "Swanson",
        "desc": "Swanson"
      }
    ],
    "price": {
      "basePrice": 3.09,
      "discountPrice": 3.09
    },
    "type": {
      "code": "Soup, Broth & Bouillon",
      "desc": "Soup, Broth & Bouillon"
    },
    "weight": "32 fl oz",
    "UpcCode": "",
    "tax": 0.0,
    "spiceLevel": "",
    "aiselNo": "2",
    "store": "Market Basket",
    "weightType": "32 fl oz",
    "imageName": "5393.jpg",
    "defaultImage": "5393.jpg",
    "updatedTimestamp": "Jan 23, 2021 8:02:30 PM",
    "createdTimestamp": "Jan 23, 2021 8:02:30 PM",
    "isNewlyAdded": false,
    "isActive": true,
    "isDealsEnabled": false,
    "quantity": 0
  },
  {
    "id": 6223,
    "code": "Adirondack Beverages Seltzer, Original",
    "desc": "Adirondack Beverages Seltzer, Original",
    "shortDesc": "Adirondack Beverages Seltzer, Original",
    "tags": [
      "Seltzer"
    ],
    "categories": [
      {
        "code": "Beverages & Juices",
        "desc": "Beverages & Juices"
      }
    ],
    "subCategories": [
      {
        "code": "Soft Drinks & Seltzers",
        "desc": "Soft Drinks & Seltzers"
      }
    ],
    "brands": [
      {
        "code": "Adirondack",
        "desc": "Adirondack"
      }
    ],
    "price": {
      "basePrice": 2.5,
      "discountPrice": 2.5
    },
    "type": {
      "code": "Seltzer",
      "desc": "Seltzer"
    },
    "weight": "8 x 12 fl oz",
    "UpcCode": "",
    "tax": 0.0,
    "spiceLevel": "",
    "aiselNo": "11",
    "store": "Market Basket",
    "weightType": "8 x 12 fl oz",
    "imageName": "No Image.jpg",
    "defaultImage": "No Image.jpg",
    "updatedTimestamp": "Jan 23, 2021 8:02:30 PM",
    "createdTimestamp": "Jan 23, 2021 8:02:30 PM",
    "isNewlyAdded": false,
    "isActive": true,
    "isDealsEnabled": false,
    "quantity": 0
  },
  {
    "id": 401,
    "code": "Oxi Clean White Revive Laundry Stain Remover",
    "desc": "Oxi Clean White Revive Laundry Stain Remover",
    "shortDesc": "Oxi Clean White Revive Laundry Stain Remover",
    "tags": [
      "Stain Remover"
    ],
    "categories": [
      {
        "code": "Laundry & Paper Goods",
        "desc": "Laundry & Paper Goods"
      }
    ],
    "subCategories": [
      {
        "code": "Laundry",
        "desc": "Laundry"
      }
    ],
    "brands": [
      {
        "code": "Oxi Clean",
        "desc": "Oxi Clean"
      }
    ],
    "price": {
      "basePrice": 9.36,
      "discountPrice": 9.36
    },
    "type": {
      "code": "Stain Remover",
      "desc": "Stain Remover"
    },
    "weight": "50 fl oz",
    "UpcCode": "",
    "tax": 1.0,
    "spiceLevel": "",
    "aiselNo": "15",
    "store": "Market Basket",
    "weightType": "50 fl oz",
    "imageName": "16890.jpg",
    "defaultImage": "16890.jpg",
    "updatedTimestamp": "Jan 23, 2021 8:02:30 PM",
    "createdTimestamp": "Jan 23, 2021 8:02:30 PM",
    "isNewlyAdded": false,
    "isActive": true,
    "isDealsEnabled": false,
    "quantity": 0
  },
  {
    "id": 14352,
    "code": "Chock Full O' Nuts Gourmet Roast Ground Coffee",
    "desc": "Chock Full O' Nuts Gourmet Roast Ground Coffee",
    "shortDesc": "Chock Full O' Nuts Gourmet Roast Ground Coffee",
    "tags": [
      "Coffee"
    ],
    "categories": [
      {
        "code": "Breakfast & Dairy",
        "desc": "Breakfast & Dairy"
      }
    ],
    "subCategories": [
      {
        "code": "Tea & Coffee",
        "desc": "Tea & Coffee"
      }
    ],
    "brands": [
      {
        "code": "Chock Full O' Nuts",
        "desc": "Chock Full O' Nuts"
      }
    ],
    "price": {
      "basePrice": 10.99,
      "discountPrice": 10.99
    },
    "type": {
      "code": "Coffee",
      "desc": "Coffee"
    },
    "weight": "26 oz",
    "UpcCode": "",
    "tax": 0.0,
    "spiceLevel": "",
    "aiselNo": "8",
    "store": "Market Basket",
    "weightType": "26 oz",
    "imageName": "16298.jpg",
    "defaultImage": "16298.jpg",
    "updatedTimestamp": "Jan 23, 2021 8:02:30 PM",
    "createdTimestamp": "Jan 23, 2021 8:02:30 PM",
    "isNewlyAdded": false,
    "isActive": true,
    "isDealsEnabled": false,
    "quantity": 0
  },
  {
    "id": 9788,
    "code": "Birds Eye Sweet Garden Peas",
    "desc": "Birds Eye Sweet Garden Peas",
    "shortDesc": "Birds Eye Sweet Garden Peas",
    "tags": [
      "Frozen Produce"
    ],
    "categories": [
      {
        "code": "Frozen Food",
        "desc": "Frozen Food"
      }
    ],
    "subCategories": [
      {
        "code": "Frozen Produce",
        "desc": "Frozen Produce"
      }
    ],
    "brands": [
      {
        "code": "Birds Eye",
        "desc": "Birds Eye"
      }
    ],
    "price": {
      "basePrice": 1.69,
      "discountPrice": 1.69
    },
    "type": {
      "code": "Frozen Produce",
      "desc": "Frozen Produce"
    },
    "weight": "13 oz",
    "UpcCode": "",
    "tax": 0.0,
    "spiceLevel": "",
    "aiselNo": "19",
    "store": "Market Basket",
    "weightType": "13 oz",
    "imageName": "2429.jpg",
    "defaultImage": "2429.jpg",
    "updatedTimestamp": "Jan 23, 2021 8:02:30 PM",
    "createdTimestamp": "Jan 23, 2021 8:02:30 PM",
    "isNewlyAdded": false,
    "isActive": true,
    "isDealsEnabled": false,
    "quantity": 0
  },
  {
    "id": 6677,
    "code": "TWISTER lemonade with other natural flavors",
    "desc": "TWISTER lemonade with other natural flavors",
    "shortDesc": "TWISTER lemonade with other natural flavors",
    "tags": [
      "Refrigerated Drinks"
    ],
    "categories": [
      {
        "code": "Beverages & Juices",
        "desc": "Beverages & Juices"
      }
    ],
    "subCategories": [
      {
        "code": "Juices & Refrigerated Drinks",
        "desc": "Juices & Refrigerated Drinks"
      }
    ],
    "brands": [
      {
        "code": "Tropicana ",
        "desc": "Tropicana "
      }
    ],
    "price": {
      "basePrice": 1.88,
      "discountPrice": 1.88
    },
    "type": {
      "code": "Refrigerated Drinks",
      "desc": "Refrigerated Drinks"
    },
    "weight": "59 fl oz",
    "UpcCode": "",
    "tax": 0.0,
    "spiceLevel": "",
    "aiselNo": "1",
    "store": "Market Basket",
    "weightType": "59 fl oz",
    "imageName": "X864.jpg",
    "defaultImage": "X864.jpg",
    "updatedTimestamp": "Jan 23, 2021 8:02:29 PM",
    "createdTimestamp": "Jan 23, 2021 8:02:29 PM",
    "isNewlyAdded": false,
    "isActive": true,
    "isDealsEnabled": false,
    "quantity": 0
  },
  {
    "id": 5424,
    "code": "Air Heads Xtremes Bites Rainbow Berry Artificial Flovored ",
    "desc": "Air Heads Xtremes Bites Rainbow Berry Artificial Flovored ",
    "shortDesc": "Air Heads Xtremes Bites Rainbow Berry Artificial Flovored ",
    "tags": [
      "Candy & Chocolate"
    ],
    "categories": [
      {
        "code": "Chips, Cookies & Snacks",
        "desc": "Chips, Cookies & Snacks"
      }
    ],
    "subCategories": [
      {
        "code": "Candy & Chocolates",
        "desc": "Candy & Chocolates"
      }
    ],
    "brands": [],
    "price": {
      "basePrice": 1.24,
      "discountPrice": 1.24
    },
    "type": {
      "code": "Candy & Chocolate",
      "desc": "Candy & Chocolate"
    },
    "weight": "3.8 oz",
    "UpcCode": "",
    "tax": 0.0,
    "spiceLevel": "",
    "aiselNo": "3",
    "store": "Market Basket",
    "weightType": "3.8 oz",
    "imageName": "X13.jpg",
    "defaultImage": "X13.jpg",
    "updatedTimestamp": "Jan 23, 2021 8:02:29 PM",
    "createdTimestamp": "Jan 23, 2021 8:02:29 PM",
    "isNewlyAdded": false,
    "isActive": true,
    "isDealsEnabled": false,
    "quantity": 0
  },
  {
    "id": 9794,
    "code": "Cascadian Farm Organic Cut Green Beans",
    "desc": "Cascadian Farm Organic Cut Green Beans",
    "shortDesc": "Cascadian Farm Organic Cut Green Beans",
    "tags": [
      "Frozen Produce"
    ],
    "categories": [
      {
        "code": "Frozen Food",
        "desc": "Frozen Food"
      }
    ],
    "subCategories": [
      {
        "code": "Frozen Produce",
        "desc": "Frozen Produce"
      }
    ],
    "brands": [
      {
        "code": "Cascadian Farm",
        "desc": "Cascadian Farm"
      }
    ],
    "price": {
      "basePrice": 3.09,
      "discountPrice": 3.09
    },
    "type": {
      "code": "Frozen Produce",
      "desc": "Frozen Produce"
    },
    "weight": "16 oz",
    "UpcCode": "",
    "tax": 0.0,
    "spiceLevel": "",
    "aiselNo": "19",
    "store": "Market Basket",
    "weightType": "16 oz",
    "imageName": "2484.jpg",
    "defaultImage": "2484.jpg",
    "updatedTimestamp": "Jan 23, 2021 8:02:30 PM",
    "createdTimestamp": "Jan 23, 2021 8:02:30 PM",
    "isNewlyAdded": false,
    "isActive": true,
    "isDealsEnabled": false,
    "quantity": 0
  },
  {
    "id": 14931,
    "code": "Market Basket Cough Drops",
    "desc": "Market Basket Cough Drops",
    "shortDesc": "Market Basket Cough Drops",
    "tags": [
      "Cold, Flu & Allergy"
    ],
    "categories": [
      {
        "code": "Personal Care",
        "desc": "Personal Care"
      }
    ],
    "subCategories": [
      {
        "code": "First Aid & Healthcare",
        "desc": "First Aid & Healthcare"
      }
    ],
    "brands": [
      {
        "code": "Market Basket",
        "desc": "Market Basket"
      }
    ],
    "price": {
      "basePrice": 1.48,
      "discountPrice": 1.48
    },
    "type": {
      "code": "Cold, Flu & Allergy",
      "desc": "Cold, Flu & Allergy"
    },
    "weight": "1 pack",
    "UpcCode": "",
    "tax": 1.0,
    "spiceLevel": "",
    "aiselNo": "13",
    "store": "Market Basket",
    "weightType": "1 pack",
    "imageName": "Market Basket.jpg",
    "defaultImage": "Market Basket.jpg",
    "updatedTimestamp": "Jan 23, 2021 8:02:30 PM",
    "createdTimestamp": "Jan 23, 2021 8:02:30 PM",
    "isNewlyAdded": false,
    "isActive": true,
    "isDealsEnabled": false,
    "quantity": 0
  },
  {
    "id": 15149,
    "code": "Aquafresh Triple Protection Cavity Protection Fluoride Toothpaste Cool Mint",
    "desc": "Aquafresh Triple Protection Cavity Protection Fluoride Toothpaste Cool Mint",
    "shortDesc": "Aquafresh Triple Protection Cavity Protection Fluoride Toothpaste Cool Mint",
    "tags": [
      "Oral Hygiene"
    ],
    "categories": [
      {
        "code": "Personal Care",
        "desc": "Personal Care"
      }
    ],
    "subCategories": [
      {
        "code": "Personal Needs",
        "desc": "Personal Needs"
      }
    ],
    "brands": [
      {
        "code": "Aquafresh",
        "desc": "Aquafresh"
      }
    ],
    "price": {
      "basePrice": 2.17,
      "discountPrice": 2.17
    },
    "type": {
      "code": "Oral Hygiene",
      "desc": "Oral Hygiene"
    },
    "weight": "6.4 oz",
    "UpcCode": "",
    "tax": 1.0,
    "spiceLevel": "",
    "aiselNo": "13",
    "store": "Market Basket",
    "weightType": "6.4 oz",
    "imageName": "6452.jpg",
    "defaultImage": "6452.jpg",
    "updatedTimestamp": "Jan 23, 2021 8:02:30 PM",
    "createdTimestamp": "Jan 23, 2021 8:02:30 PM",
    "isNewlyAdded": false,
    "isActive": true,
    "isDealsEnabled": false,
    "quantity": 0
  },
  {
    "id": 14552,
    "code": "Celestial Seasonings Lemon Zinger Caffeine Free Herbal Tea",
    "desc": "Celestial Seasonings Lemon Zinger Caffeine Free Herbal Tea",
    "shortDesc": "Celestial Seasonings Lemon Zinger Caffeine Free Herbal Tea",
    "tags": [
      "Tea"
    ],
    "categories": [
      {
        "code": "Breakfast & Dairy",
        "desc": "Breakfast & Dairy"
      }
    ],
    "subCategories": [
      {
        "code": "Tea & Coffee",
        "desc": "Tea & Coffee"
      }
    ],
    "brands": [
      {
        "code": "Celestial Seasonings",
        "desc": "Celestial Seasonings"
      }
    ],
    "price": {
      "basePrice": 2.49,
      "discountPrice": 2.49
    },
    "type": {
      "code": "Tea",
      "desc": "Tea"
    },
    "weight": "20 count",
    "UpcCode": "",
    "tax": 0.0,
    "spiceLevel": "",
    "aiselNo": "8",
    "store": "Market Basket",
    "weightType": "20 count",
    "imageName": "3479.jpg",
    "defaultImage": "3479.jpg",
    "updatedTimestamp": "Jan 23, 2021 8:02:30 PM",
    "createdTimestamp": "Jan 23, 2021 8:02:30 PM",
    "isNewlyAdded": false,
    "isActive": true,
    "isDealsEnabled": false,
    "quantity": 0
  },
  {
    "id": 9060,
    "code": "Smucker's Sugar Free Red Raspberry Preserves Sweetened with Splenda",
    "desc": "Smucker's Sugar Free Red Raspberry Preserves Sweetened with Splenda",
    "shortDesc": "Smucker's Sugar Free Red Raspberry Preserves Sweetened with Splenda",
    "tags": [
      "Spreads"
    ],
    "categories": [
      {
        "code": "Condiments & Dressings",
        "desc": "Condiments & Dressings"
      }
    ],
    "subCategories": [
      {
        "code": "Preserved Dips & Spreads",
        "desc": "Preserved Dips & Spreads"
      }
    ],
    "brands": [
      {
        "code": "Smucker's",
        "desc": "Smucker's"
      }
    ],
    "price": {
      "basePrice": 2.99,
      "discountPrice": 2.99
    },
    "type": {
      "code": "Spreads",
      "desc": "Spreads"
    },
    "weight": "12.75 oz",
    "UpcCode": "",
    "tax": 0.0,
    "spiceLevel": "",
    "aiselNo": "3",
    "store": "Market Basket",
    "weightType": "12.75 oz",
    "imageName": "1616.jpg",
    "defaultImage": "1616.jpg",
    "updatedTimestamp": "Jan 23, 2021 8:02:30 PM",
    "createdTimestamp": "Jan 23, 2021 8:02:30 PM",
    "isNewlyAdded": false,
    "isActive": true,
    "isDealsEnabled": false,
    "quantity": 0
  },
  {
    "id": 9401,
    "code": "Atkins Meatloaf with Portobello Mushroom Gravy",
    "desc": "Atkins Meatloaf with Portobello Mushroom Gravy",
    "shortDesc": "Atkins Meatloaf with Portobello Mushroom Gravy",
    "tags": [
      "Frozen Meal"
    ],
    "categories": [
      {
        "code": "Frozen Food",
        "desc": "Frozen Food"
      }
    ],
    "subCategories": [
      {
        "code": "Frozen Dinners & Entrees",
        "desc": "Frozen Dinners & Entrees"
      }
    ],
    "brands": [
      {
        "code": "Atkins",
        "desc": "Atkins"
      }
    ],
    "price": {
      "basePrice": 4.36,
      "discountPrice": 4.36
    },
    "type": {
      "code": "Frozen Meal",
      "desc": "Frozen Meal"
    },
    "weight": "9 oz",
    "UpcCode": "637480090360",
    "tax": 0.0,
    "spiceLevel": "",
    "aiselNo": "18",
    "store": "Market Basket",
    "weightType": "9 oz",
    "imageName": "X4183.jpg",
    "defaultImage": "X4183.jpg",
    "updatedTimestamp": "Jan 23, 2021 8:02:29 PM",
    "createdTimestamp": "Jan 23, 2021 8:02:29 PM",
    "isNewlyAdded": false,
    "isActive": true,
    "isDealsEnabled": false,
    "quantity": 0
  },
  {
    "id": 6276,
    "code": "Glaceau Smart Water Antitoxidant",
    "desc": "Glaceau Smart Water Antitoxidant",
    "shortDesc": "Glaceau Smart Water Antitoxidant",
    "tags": [
      "Water"
    ],
    "categories": [
      {
        "code": "Beverages & Juices",
        "desc": "Beverages & Juices"
      }
    ],
    "subCategories": [
      {
        "code": "Water",
        "desc": "Water"
      }
    ],
    "brands": [
      {
        "code": "Glaceau",
        "desc": "Glaceau"
      }
    ],
    "price": {
      "basePrice": 1.24,
      "discountPrice": 1.24
    },
    "type": {
      "code": "Water",
      "desc": "Water"
    },
    "weight": "33.8 fl oz",
    "UpcCode": "",
    "tax": 0.0,
    "spiceLevel": "",
    "aiselNo": "11",
    "store": "Market Basket",
    "weightType": "33.8 fl oz",
    "imageName": "No Image.jpg",
    "defaultImage": "No Image.jpg",
    "updatedTimestamp": "Jan 23, 2021 8:02:30 PM",
    "createdTimestamp": "Jan 23, 2021 8:02:30 PM",
    "isNewlyAdded": false,
    "isActive": true,
    "isDealsEnabled": false,
    "quantity": 0
  },
  {
    "id": 3984,
    "code": "Taro Root",
    "desc": "Taro Root",
    "shortDesc": "Taro Root",
    "tags": [
      "Speciality Produce"
    ],
    "categories": [
      {
        "code": "Fresh Produce",
        "desc": "Fresh Produce"
      }
    ],
    "subCategories": [
      {
        "code": "Fresh Vegetables",
        "desc": "Fresh Vegetables"
      }
    ],
    "brands": [
      {
        "code": "Market Basket",
        "desc": "Market Basket"
      }
    ],
    "price": {
      "basePrice": 1.18,
      "discountPrice": 1.18
    },
    "type": {
      "code": "Speciality Produce",
      "desc": "Speciality Produce"
    },
    "weight": "1 count",
    "UpcCode": "",
    "tax": 0.0,
    "spiceLevel": "",
    "aiselNo": "20",
    "store": "Market Basket",
    "weightType": "1 count",
    "imageName": "14425.jpg",
    "defaultImage": "14425.jpg",
    "updatedTimestamp": "Jan 23, 2021 8:02:30 PM",
    "createdTimestamp": "Jan 23, 2021 8:02:30 PM",
    "isNewlyAdded": false,
    "isActive": true,
    "isDealsEnabled": false,
    "quantity": 0
  },
  {
    "id": 14701,
    "code": "Market Basket Deep Moisturizing Body Wash",
    "desc": "Market Basket Deep Moisturizing Body Wash",
    "shortDesc": "Market Basket Deep Moisturizing Body Wash",
    "tags": [
      "Body Wash"
    ],
    "categories": [
      {
        "code": "Personal Care",
        "desc": "Personal Care"
      }
    ],
    "subCategories": [
      {
        "code": "Body Wash, Soap & Hair Care",
        "desc": "Body Wash, Soap & Hair Care"
      }
    ],
    "brands": [
      {
        "code": "Market Basket",
        "desc": "Market Basket"
      }
    ],
    "price": {
      "basePrice": 5.28,
      "discountPrice": 5.28
    },
    "type": {
      "code": "Body Wash",
      "desc": "Body Wash"
    },
    "weight": "24 oz",
    "UpcCode": "",
    "tax": 1.0,
    "spiceLevel": "",
    "aiselNo": "13",
    "store": "Market Basket",
    "weightType": "24 oz",
    "imageName": "Market Basket.jpg",
    "defaultImage": "Market Basket.jpg",
    "updatedTimestamp": "Jan 23, 2021 8:02:30 PM",
    "createdTimestamp": "Jan 23, 2021 8:02:30 PM",
    "isNewlyAdded": false,
    "isActive": true,
    "isDealsEnabled": false,
    "quantity": 0
  },
  {
    "id": 4633,
    "code": "Bumble Bee Fancy Lump Crabmeat",
    "desc": "Bumble Bee Fancy Lump Crabmeat",
    "shortDesc": "Bumble Bee Fancy Lump Crabmeat",
    "tags": [
      "Canned Crabmeat"
    ],
    "categories": [
      {
        "code": "Meat & Seafood",
        "desc": "Meat & Seafood"
      }
    ],
    "subCategories": [
      {
        "code": "Canned Meat & Seafood",
        "desc": "Canned Meat & Seafood"
      }
    ],
    "brands": [
      {
        "code": "Bumble Bee",
        "desc": "Bumble Bee"
      }
    ],
    "price": {
      "basePrice": 4.89,
      "discountPrice": 4.89
    },
    "type": {
      "code": "Canned Crabmeat",
      "desc": "Canned Crabmeat"
    },
    "weight": "6 oz",
    "UpcCode": "",
    "tax": 0.0,
    "spiceLevel": "",
    "aiselNo": "2",
    "store": "Market Basket",
    "weightType": "6 oz",
    "imageName": "5191.jpg",
    "defaultImage": "5191.jpg",
    "updatedTimestamp": "Jan 23, 2021 8:02:30 PM",
    "createdTimestamp": "Jan 23, 2021 8:02:30 PM",
    "isNewlyAdded": false,
    "isActive": true,
    "isDealsEnabled": false,
    "quantity": 0
  },
  {
    "id": 7399,
    "code": "Cento Artichoke Hearts",
    "desc": "Cento Artichoke Hearts",
    "shortDesc": "Cento Artichoke Hearts",
    "tags": [
      "Canned & Jarred Vegetables"
    ],
    "categories": [
      {
        "code": "Cooking Needs",
        "desc": "Cooking Needs"
      }
    ],
    "subCategories": [
      {
        "code": "Canned Food",
        "desc": "Canned Food"
      }
    ],
    "brands": [
      {
        "code": "Cento",
        "desc": "Cento"
      }
    ],
    "price": {
      "basePrice": 2.79,
      "discountPrice": 2.79
    },
    "type": {
      "code": "Canned & Jarred Vegetables",
      "desc": "Canned & Jarred Vegetables"
    },
    "weight": "14 oz",
    "UpcCode": "",
    "tax": 0.0,
    "spiceLevel": "",
    "aiselNo": "9",
    "store": "Market Basket",
    "weightType": "14 oz",
    "imageName": "5080.jpg",
    "defaultImage": "5080.jpg",
    "updatedTimestamp": "Jan 23, 2021 8:02:30 PM",
    "createdTimestamp": "Jan 23, 2021 8:02:30 PM",
    "isNewlyAdded": false,
    "isActive": true,
    "isDealsEnabled": false,
    "quantity": 0
  },
  {
    "id": 10166,
    "code": "Market Basket Light Ice Cream",
    "desc": "Market Basket Light Ice Cream",
    "shortDesc": "Market Basket Light Ice Cream",
    "tags": [
      "Ice Cream & Ice"
    ],
    "categories": [
      {
        "code": "Frozen Food",
        "desc": "Frozen Food"
      }
    ],
    "subCategories": [
      {
        "code": "Ice Cream & Ice",
        "desc": "Ice Cream & Ice"
      }
    ],
    "brands": [
      {
        "code": "Market Basket",
        "desc": "Market Basket"
      }
    ],
    "price": {
      "basePrice": 2.49,
      "discountPrice": 2.49
    },
    "type": {
      "code": "Ice Cream & Ice",
      "desc": "Ice Cream & Ice"
    },
    "weight": "1.75 quart",
    "UpcCode": "",
    "tax": 0.0,
    "spiceLevel": "",
    "aiselNo": "21",
    "store": "Market Basket",
    "weightType": "1.75 quart",
    "imageName": "Market Basket.jpg",
    "defaultImage": "Market Basket.jpg",
    "updatedTimestamp": "Jan 23, 2021 8:02:30 PM",
    "createdTimestamp": "Jan 23, 2021 8:02:30 PM",
    "isNewlyAdded": false,
    "isActive": true,
    "isDealsEnabled": false,
    "quantity": 0
  },
  {
    "id": 5943,
    "code": "Cocktail Artist Margarita Premium Mix",
    "desc": "Cocktail Artist Margarita Premium Mix",
    "shortDesc": "Cocktail Artist Margarita Premium Mix",
    "tags": [
      "Cocoa & Drink Mixes"
    ],
    "categories": [
      {
        "code": "Beverages & Juices",
        "desc": "Beverages & Juices"
      }
    ],
    "subCategories": [
      {
        "code": "Cocoa & Drink Mixes",
        "desc": "Cocoa & Drink Mixes"
      }
    ],
    "brands": [
      {
        "code": "Cocktail Artist",
        "desc": "Cocktail Artist"
      }
    ],
    "price": {
      "basePrice": 6.24,
      "discountPrice": 6.24
    },
    "type": {
      "code": "Cocoa & Drink Mixes",
      "desc": "Cocoa & Drink Mixes"
    },
    "weight": "1 L",
    "UpcCode": "",
    "tax": 0.0,
    "spiceLevel": "",
    "aiselNo": "17",
    "store": "Market Basket",
    "weightType": "1 L",
    "imageName": "No Image.jpg",
    "defaultImage": "No Image.jpg",
    "updatedTimestamp": "Jan 23, 2021 8:02:29 PM",
    "createdTimestamp": "Jan 23, 2021 8:02:29 PM",
    "isNewlyAdded": false,
    "isActive": true,
    "isDealsEnabled": false,
    "quantity": 0
  },
  {
    "id": 7601,
    "code": "Spice World Organic Garlic",
    "desc": "Spice World Organic Garlic",
    "shortDesc": "Spice World Organic Garlic",
    "tags": [
      "Canned & Jarred Vegetables"
    ],
    "categories": [
      {
        "code": "Cooking Needs",
        "desc": "Cooking Needs"
      }
    ],
    "subCategories": [
      {
        "code": "Canned Food",
        "desc": "Canned Food"
      }
    ],
    "brands": [
      {
        "code": "Spice World",
        "desc": "Spice World"
      }
    ],
    "price": {
      "basePrice": 2.39,
      "discountPrice": 2.39
    },
    "type": {
      "code": "Canned & Jarred Vegetables",
      "desc": "Canned & Jarred Vegetables"
    },
    "weight": "4.5 oz",
    "UpcCode": "",
    "tax": 0.0,
    "spiceLevel": "",
    "aiselNo": "9",
    "store": "Market Basket",
    "weightType": "4.5 oz",
    "imageName": "17091.jpg",
    "defaultImage": "17091.jpg",
    "updatedTimestamp": "Jan 23, 2021 8:02:30 PM",
    "createdTimestamp": "Jan 23, 2021 8:02:30 PM",
    "isNewlyAdded": false,
    "isActive": true,
    "isDealsEnabled": false,
    "quantity": 0
  },
  {
    "id": 328,
    "code": "Market Basket Freezer Resealable Bags",
    "desc": "Market Basket Freezer Resealable Bags",
    "shortDesc": "Market Basket Freezer Resealable Bags",
    "tags": [
      "Storage Bags"
    ],
    "categories": [
      {
        "code": "Kitchen & Cleaning",
        "desc": "Kitchen & Cleaning"
      }
    ],
    "subCategories": [
      {
        "code": "Food Storage & Kitchen Supplies",
        "desc": "Food Storage & Kitchen Supplies"
      }
    ],
    "brands": [
      {
        "code": "Market Basket",
        "desc": "Market Basket"
      }
    ],
    "price": {
      "basePrice": 1.89,
      "discountPrice": 1.89
    },
    "type": {
      "code": "Storage Bags",
      "desc": "Storage Bags"
    },
    "weight": "15 count",
    "UpcCode": "",
    "tax": 1.0,
    "spiceLevel": "",
    "aiselNo": "12",
    "store": "Market Basket",
    "weightType": "15 count",
    "imageName": "Market Basket.jpg",
    "defaultImage": "Market Basket.jpg",
    "updatedTimestamp": "Jan 23, 2021 8:02:30 PM",
    "createdTimestamp": "Jan 23, 2021 8:02:30 PM",
    "isNewlyAdded": false,
    "isActive": true,
    "isDealsEnabled": false,
    "quantity": 0
  },
  {
    "id": 7263,
    "code": "McCormick Chili Seasoning Mix",
    "desc": "McCormick Chili Seasoning Mix",
    "shortDesc": "McCormick Chili Seasoning Mix",
    "tags": [
      "Spices & Seasonings"
    ],
    "categories": [
      {
        "code": "Cooking Needs",
        "desc": "Cooking Needs"
      }
    ],
    "subCategories": [
      {
        "code": "Spices & Seasonings",
        "desc": "Spices & Seasonings"
      }
    ],
    "brands": [
      {
        "code": "McCormick",
        "desc": "McCormick"
      }
    ],
    "price": {
      "basePrice": 0.89,
      "discountPrice": 0.89
    },
    "type": {
      "code": "Spices & Seasonings",
      "desc": "Spices & Seasonings"
    },
    "weight": "1.25 oz",
    "UpcCode": "",
    "tax": 0.0,
    "spiceLevel": "",
    "aiselNo": "9",
    "store": "Market Basket",
    "weightType": "1.25 oz",
    "imageName": "2125.jpg",
    "defaultImage": "2125.jpg",
    "updatedTimestamp": "Jan 23, 2021 8:02:30 PM",
    "createdTimestamp": "Jan 23, 2021 8:02:30 PM",
    "isNewlyAdded": false,
    "isActive": true,
    "isDealsEnabled": false,
    "quantity": 0
  },
  {
    "id": 10447,
    "code": "Suzie's Quinoa, Asian",
    "desc": "Suzie's Quinoa, Asian",
    "shortDesc": "Suzie's Quinoa, Asian",
    "tags": [
      "Grains, Rice & Dried Goods"
    ],
    "categories": [
      {
        "code": "Cooking Needs",
        "desc": "Cooking Needs"
      }
    ],
    "subCategories": [
      {
        "code": "Rice & Grains",
        "desc": "Rice & Grains"
      }
    ],
    "brands": [
      {
        "code": "Suzie's Quinoa",
        "desc": "Suzie's Quinoa"
      }
    ],
    "price": {
      "basePrice": 3.69,
      "discountPrice": 3.69
    },
    "type": {
      "code": "Grains, Rice & Dried Goods",
      "desc": "Grains, Rice & Dried Goods"
    },
    "weight": "8 oz",
    "UpcCode": "",
    "tax": 0.0,
    "spiceLevel": "",
    "aiselNo": "N/A",
    "store": "Market Basket",
    "weightType": "8 oz",
    "imageName": "17438.jpg",
    "defaultImage": "17438.jpg",
    "updatedTimestamp": "Jan 23, 2021 8:02:30 PM",
    "createdTimestamp": "Jan 23, 2021 8:02:30 PM",
    "isNewlyAdded": false,
    "isActive": true,
    "isDealsEnabled": false,
    "quantity": 0
  },
  {
    "id": 6567,
    "code": "Bolthouse Farms 100% Carrot",
    "desc": "Bolthouse Farms 100% Carrot",
    "shortDesc": "Bolthouse Farms 100% Carrot",
    "tags": [
      "Refrigerated Drinks"
    ],
    "categories": [
      {
        "code": "Beverages & Juices",
        "desc": "Beverages & Juices"
      }
    ],
    "subCategories": [
      {
        "code": "Juices & Refrigerated Drinks",
        "desc": "Juices & Refrigerated Drinks"
      }
    ],
    "brands": [
      {
        "code": "Bolthouse Farms",
        "desc": "Bolthouse Farms"
      }
    ],
    "price": {
      "basePrice": 4.59,
      "discountPrice": 4.59
    },
    "type": {
      "code": "Refrigerated Drinks",
      "desc": "Refrigerated Drinks"
    },
    "weight": "32 fl oz",
    "UpcCode": "",
    "tax": 0.0,
    "spiceLevel": "",
    "aiselNo": "20",
    "store": "Market Basket",
    "weightType": "32 fl oz",
    "imageName": "16532.jpg",
    "defaultImage": "16532.jpg",
    "updatedTimestamp": "Jan 23, 2021 8:02:30 PM",
    "createdTimestamp": "Jan 23, 2021 8:02:30 PM",
    "isNewlyAdded": false,
    "isActive": true,
    "isDealsEnabled": false,
    "quantity": 0
  },
  {
    "id": 7998,
    "code": "Emeril's Organic Chicken Stock",
    "desc": "Emeril's Organic Chicken Stock",
    "shortDesc": "Emeril's Organic Chicken Stock",
    "tags": [
      "Soup, Broth & Bouillon"
    ],
    "categories": [
      {
        "code": "Cooking Needs",
        "desc": "Cooking Needs"
      }
    ],
    "subCategories": [
      {
        "code": "Canned Food",
        "desc": "Canned Food"
      }
    ],
    "brands": [
      {
        "code": "Emeril's",
        "desc": "Emeril's"
      }
    ],
    "price": {
      "basePrice": 3.09,
      "discountPrice": 3.09
    },
    "type": {
      "code": "Soup, Broth & Bouillon",
      "desc": "Soup, Broth & Bouillon"
    },
    "weight": "32 oz",
    "UpcCode": "",
    "tax": 0.0,
    "spiceLevel": "",
    "aiselNo": "2",
    "store": "Market Basket",
    "weightType": "32 oz",
    "imageName": "17260.jpg",
    "defaultImage": "17260.jpg",
    "updatedTimestamp": "Jan 23, 2021 8:02:30 PM",
    "createdTimestamp": "Jan 23, 2021 8:02:30 PM",
    "isNewlyAdded": false,
    "isActive": true,
    "isDealsEnabled": false,
    "quantity": 0
  },
  {
    "id": 13486,
    "code": "Horizon Organic Vanila Lowfat Milk",
    "desc": "Horizon Organic Vanila Lowfat Milk",
    "shortDesc": "Horizon Organic Vanila Lowfat Milk",
    "tags": [
      "Milk"
    ],
    "categories": [
      {
        "code": "Beverages & Juices",
        "desc": "Beverages & Juices"
      }
    ],
    "subCategories": [
      {
        "code": "Tea, Coffee, Milk & Coconut Water",
        "desc": "Tea, Coffee, Milk & Coconut Water"
      }
    ],
    "brands": [
      {
        "code": "Horizon",
        "desc": "Horizon"
      }
    ],
    "price": {
      "basePrice": 16.24,
      "discountPrice": 16.24
    },
    "type": {
      "code": "Milk",
      "desc": "Milk"
    },
    "weight": "12 x 8 fl oz",
    "UpcCode": "742365003189",
    "tax": 0.0,
    "spiceLevel": "",
    "aiselNo": "10",
    "store": "Market Basket",
    "weightType": "12 x 8 fl oz",
    "imageName": "X3115.jpg",
    "defaultImage": "X3115.jpg",
    "updatedTimestamp": "Jan 23, 2021 8:02:29 PM",
    "createdTimestamp": "Jan 23, 2021 8:02:29 PM",
    "isNewlyAdded": false,
    "isActive": true,
    "isDealsEnabled": false,
    "quantity": 0
  },
  {
    "id": 8994,
    "code": "Joseph's Organic Original Hommus Singles",
    "desc": "Joseph's Organic Original Hommus Singles",
    "shortDesc": "Joseph's Organic Original Hommus Singles",
    "tags": [
      "Spreads"
    ],
    "categories": [
      {
        "code": "Condiments & Dressings",
        "desc": "Condiments & Dressings"
      }
    ],
    "subCategories": [
      {
        "code": "Preserved Dips & Spreads",
        "desc": "Preserved Dips & Spreads"
      }
    ],
    "brands": [
      {
        "code": "Joseph's",
        "desc": "Joseph's"
      }
    ],
    "price": {
      "basePrice": 3.29,
      "discountPrice": 3.29
    },
    "type": {
      "code": "Spreads",
      "desc": "Spreads"
    },
    "weight": "4 x 2 oz",
    "UpcCode": "",
    "tax": 0.0,
    "spiceLevel": "",
    "aiselNo": "3",
    "store": "Market Basket",
    "weightType": "4 x 2 oz",
    "imageName": "15415.jpg",
    "defaultImage": "15415.jpg",
    "updatedTimestamp": "Jan 23, 2021 8:02:30 PM",
    "createdTimestamp": "Jan 23, 2021 8:02:30 PM",
    "isNewlyAdded": false,
    "isActive": true,
    "isDealsEnabled": false,
    "quantity": 0
  },
  {
    "id": 5080,
    "code": "Market Basket Molasses Soft Cookies",
    "desc": "Market Basket Molasses Soft Cookies",
    "shortDesc": "Market Basket Molasses Soft Cookies",
    "tags": [
      "Cookies & Cakes"
    ],
    "categories": [
      {
        "code": "Chips, Cookies & Snacks",
        "desc": "Chips, Cookies & Snacks"
      }
    ],
    "subCategories": [
      {
        "code": "Cookies & Crackers",
        "desc": "Cookies & Crackers"
      }
    ],
    "brands": [
      {
        "code": "Market Basket",
        "desc": "Market Basket"
      }
    ],
    "price": {
      "basePrice": 1.55,
      "discountPrice": 1.55
    },
    "type": {
      "code": "Cookies & Cakes",
      "desc": "Cookies & Cakes"
    },
    "weight": "7.1 oz",
    "UpcCode": "",
    "tax": 0.0,
    "spiceLevel": "",
    "aiselNo": "6",
    "store": "Market Basket",
    "weightType": "7.1 oz",
    "imageName": "Market Basket.jpg",
    "defaultImage": "Market Basket.jpg",
    "updatedTimestamp": "Jan 23, 2021 8:02:30 PM",
    "createdTimestamp": "Jan 23, 2021 8:02:30 PM",
    "isNewlyAdded": false,
    "isActive": true,
    "isDealsEnabled": false,
    "quantity": 0
  },
  {
    "id": 13943,
    "code": "La Ricura Mexican Cream",
    "desc": "La Ricura Mexican Cream",
    "shortDesc": "La Ricura Mexican Cream",
    "tags": [
      "Specialty Cheeses"
    ],
    "categories": [
      {
        "code": "Breakfast & Dairy",
        "desc": "Breakfast & Dairy"
      }
    ],
    "subCategories": [
      {
        "code": "Dairy & Eggs",
        "desc": "Dairy & Eggs"
      }
    ],
    "brands": [
      {
        "code": "La Ricura",
        "desc": "La Ricura"
      }
    ],
    "price": {
      "basePrice": 8.59,
      "discountPrice": 8.59
    },
    "type": {
      "code": "Specialty Cheeses",
      "desc": "Specialty Cheeses"
    },
    "weight": "32 oz",
    "UpcCode": "",
    "tax": 0.0,
    "spiceLevel": "",
    "aiselNo": "1",
    "store": "Market Basket",
    "weightType": "32 oz",
    "imageName": "Market Basket.jpg",
    "defaultImage": "Market Basket.jpg",
    "updatedTimestamp": "Jan 23, 2021 8:02:30 PM",
    "createdTimestamp": "Jan 23, 2021 8:02:30 PM",
    "isNewlyAdded": false,
    "isActive": true,
    "isDealsEnabled": false,
    "quantity": 0
  },
  {
    "id": 8130,
    "code": "Swanson 50% Less Sodium Beef Broth",
    "desc": "Swanson 50% Less Sodium Beef Broth",
    "shortDesc": "Swanson 50% Less Sodium Beef Broth",
    "tags": [
      "Soup, Broth & Bouillon"
    ],
    "categories": [
      {
        "code": "Cooking Needs",
        "desc": "Cooking Needs"
      }
    ],
    "subCategories": [
      {
        "code": "Canned Food",
        "desc": "Canned Food"
      }
    ],
    "brands": [
      {
        "code": "Swanson",
        "desc": "Swanson"
      }
    ],
    "price": {
      "basePrice": 1.29,
      "discountPrice": 1.29
    },
    "type": {
      "code": "Soup, Broth & Bouillon",
      "desc": "Soup, Broth & Bouillon"
    },
    "weight": "14.5 oz",
    "UpcCode": "",
    "tax": 0.0,
    "spiceLevel": "",
    "aiselNo": "2",
    "store": "Market Basket",
    "weightType": "14.5 oz",
    "imageName": "5398.jpg",
    "defaultImage": "5398.jpg",
    "updatedTimestamp": "Jan 23, 2021 8:02:30 PM",
    "createdTimestamp": "Jan 23, 2021 8:02:30 PM",
    "isNewlyAdded": false,
    "isActive": true,
    "isDealsEnabled": false,
    "quantity": 0
  },
  {
    "id": 10258,
    "code": "Turkey Hill Premium Ice Cream Colombian Coffee",
    "desc": "Turkey Hill Premium Ice Cream Colombian Coffee",
    "shortDesc": "Turkey Hill Premium Ice Cream Colombian Coffee",
    "tags": [
      "Ice Cream & Ice"
    ],
    "categories": [
      {
        "code": "Frozen Food",
        "desc": "Frozen Food"
      }
    ],
    "subCategories": [
      {
        "code": "Ice Cream & Ice",
        "desc": "Ice Cream & Ice"
      }
    ],
    "brands": [
      {
        "code": "Turkey Hill",
        "desc": "Turkey Hill"
      }
    ],
    "price": {
      "basePrice": 3.69,
      "discountPrice": 3.69
    },
    "type": {
      "code": "Ice Cream & Ice",
      "desc": "Ice Cream & Ice"
    },
    "weight": "48 fl oz",
    "UpcCode": "",
    "tax": 0.0,
    "spiceLevel": "",
    "aiselNo": "21",
    "store": "Market Basket",
    "weightType": "48 fl oz",
    "imageName": "3118.jpg",
    "defaultImage": "3118.jpg",
    "updatedTimestamp": "Jan 23, 2021 8:02:30 PM",
    "createdTimestamp": "Jan 23, 2021 8:02:30 PM",
    "isNewlyAdded": false,
    "isActive": true,
    "isDealsEnabled": false,
    "quantity": 0
  },
  {
    "id": 529,
    "code": "Arm & Hammer Clean Scentsations Scent booster Fresh Burst",
    "desc": "Arm & Hammer Clean Scentsations Scent booster Fresh Burst",
    "shortDesc": "Arm & Hammer Clean Scentsations Scent booster Fresh Burst",
    "tags": [
      "Scent Booster"
    ],
    "categories": [
      {
        "code": "Laundry & Paper Goods",
        "desc": "Laundry & Paper Goods"
      }
    ],
    "subCategories": [
      {
        "code": "Laundry",
        "desc": "Laundry"
      }
    ],
    "brands": [
      {
        "code": "Arm & Hammer",
        "desc": "Arm & Hammer"
      }
    ],
    "price": {
      "basePrice": 4.99,
      "discountPrice": 4.99
    },
    "type": {
      "code": "Scent Booster",
      "desc": "Scent Booster"
    },
    "weight": "24 oz",
    "UpcCode": "",
    "tax": 1.0,
    "spiceLevel": "",
    "aiselNo": "15",
    "store": "Market Basket",
    "weightType": "24 oz",
    "imageName": "No Image.jpg",
    "defaultImage": "No Image.jpg",
    "updatedTimestamp": "Jan 23, 2021 8:02:30 PM",
    "createdTimestamp": "Jan 23, 2021 8:02:30 PM",
    "isNewlyAdded": false,
    "isActive": true,
    "isDealsEnabled": false,
    "quantity": 0
  },
  {
    "id": 571,
    "code": "Ultra Downy free & gentle 60 loads Laundry Detergent",
    "desc": "Ultra Downy free & gentle 60 loads Laundry Detergent",
    "shortDesc": "Ultra Downy free & gentle 60 loads Laundry Detergent",
    "tags": [
      "Laundry Detergent"
    ],
    "categories": [
      {
        "code": "Laundry & Paper Goods",
        "desc": "Laundry & Paper Goods"
      }
    ],
    "subCategories": [
      {
        "code": "Laundry",
        "desc": "Laundry"
      }
    ],
    "brands": [
      {
        "code": "Downy",
        "desc": "Downy"
      }
    ],
    "price": {
      "basePrice": 6.86,
      "discountPrice": 6.86
    },
    "type": {
      "code": "Laundry Detergent",
      "desc": "Laundry Detergent"
    },
    "weight": "1.53 L",
    "UpcCode": "",
    "tax": 1.0,
    "spiceLevel": "",
    "aiselNo": "15",
    "store": "Market Basket",
    "weightType": "1.53 L",
    "imageName": "No Image.jpg",
    "defaultImage": "No Image.jpg",
    "updatedTimestamp": "Jan 23, 2021 8:02:30 PM",
    "createdTimestamp": "Jan 23, 2021 8:02:30 PM",
    "isNewlyAdded": false,
    "isActive": true,
    "isDealsEnabled": false,
    "quantity": 0
  }
]