"Product Id","Category","Sub Category","Type","Brand","Product Name","UPC Code","Product Description","Price","Tax","Store","Size","UOM","Image","Spice Level","Aisle No."
"31228","Frozen Food","Frozen Breakfast","Frozen Burrito","El Monterey","El Monterey Beef and Bean Burritos 8 pack FAMILY SIZE","071007018688","El Monterey Beef and Bean Burritos 8 pack FAMILY SIZE","4.49","0.0","Market Basket","32 oz","32 oz","X4834.jpg","","19"
"9698","Frozen Food","Frozen Pizza","Frozen Pizza","Dr. Oetker","Dr. Oetker Virtuoso Pizza Thin + Crispy Crust Vegetable Medley","","Dr. Oetker Virtuoso Pizza Thin + Crispy Crust Vegetable Medley","4.89","0.0","Market Basket","13.6 oz","13.6 oz","16024.jpg","","19"
"14482","Beverages & Juices","Tea, Coffee, Milk & Coconut Water","Coffee","StarBucks","Starbucks Frappuccino Mocha Chilled Coffee Drink","","Starbucks Frappuccino Mocha Chilled Coffee Drink","7.39","0.0","Market Basket","9.5 fl oz","9.5 fl oz","3300.jpg","","17"
"14373","Breakfast & Dairy","Tea & Coffee","Coffee","Folgers ","Folgers Coffee, Classic Roast, Medium, Ground, Jar","","Folgers Coffee, Classic Roast, Medium, Ground, Jar","6.09","0.0","Market Basket","11.3 oz","11.3 oz","3343.jpg","","8"
"14794","Personal Care","Body Wash, Soap & Hair Care","Hair Care","Suave","Suave Shampoo Deep Moisture","","Suave Shampoo Deep Moisture","2.86","1.0","Market Basket","12.6 oz","12.6 oz","6561.jpg","","13"
"33582","Pasta & Sauces","Gluten Free Pasta","Pasta Sauce","Newman's Own","Newman's Own Pasta Sauce Roasted Garlic Gluten Free No Sugar Added","020662006158","Newman's Own Pasta Sauce Roasted Garlic Gluten Free No Sugar Added","3.13","0.0","Market Basket","24 oz","24 oz","X1470.jpg","","4"
"30683","Meat & Seafood","Packaged Meat & Seafood","Pepperoni","Bridgford ","Bridgford Turkey Pepperoni Gluten Free","047500011136","Bridgford Turkey Pepperoni Gluten Free","4.38","0.0","Market Basket","4 oz","4 oz","X1310.jpg","","4"
"31360","Pasta & Sauces","Gluten Free Pasta","Pasta Sauce","Francesco Rinaldi","Francesco Rinaldi Organic Pasta Sauce Pomodoro Gluten Free","077644901918","Francesco Rinaldi Organic Pasta Sauce Pomodoro Gluten Free","3.09","0.0","Market Basket","24 oz","24 oz","X1481.jpg","","4"
"32634","Cooking Needs","Rice & Grains","Grains, Rice & Dried Goods","Lundberg Family Farms","LundBerg Organic Sprouted Brown Basmati Rice Gluten Free","073416003309","LundBerg Organic Sprouted Brown Basmati Rice Gluten Free","4.99","0.0","Market Basket","16 oz","16 oz","X1104.jpg","","4"
"8768","Condiments & Dressings","Preserved Dips & Spreads","Preserved Dips & Salsa","Newman's Own","Newman's Own Mild Salsa Mild Chunky","","Newman's Own Mild Salsa Mild Chunky","2.49","0.0","Market Basket","16 oz","16 oz","1987.jpg","","0"
"30778","Pasta & Sauces","Instant Pasta","Instant Pasta","Campbell's","Campbell's Sphagettios plus Clacium Pasta in Tomato & cheese Sauce","051000233189","Campbell's Sphagettios plus Clacium Pasta in Tomato & cheese Sauce","1.25","0.0","Market Basket","15.8 oz","15.8 oz","X1255.jpg","","4"
"35204","Breakfast & Dairy","Dairy & Eggs","Yogurt","Yoplait","Yoplait light Now More Fruit Boston Cream Pie ","","Yoplait light Now More Fruit Boston Cream Pie ","0.81","0.0","Market Basket","6 oz","6 oz","X938.jpg","","1"
"9992","Frozen Food","Ice Cream & Ice","Ice Cream & Ice","Brigham's Ice Cream","Brigham's Ice Cream Mocha Chip","","Brigham's Ice Cream Mocha Chip","4.79","0.0","Market Basket","1 quart","1 quart","16119.jpg","","21"
"30806","Beverages & Juices","Juices & Refrigerated Drinks","Juice & Nectars","Caprisun ","Caprisun Organic Fruit Punch","087684008713","Caprisun Organic Fruit Punch","3.24","0.0","Market Basket","10 x 6 fl oz","10 x 6 fl oz","X3092.jpg","","10"
"8040","Cooking Needs","Canned Food","Soup, Broth & Bouillon","Market Basket","Market Basket Beef Cooking Stock","","Market Basket Beef Cooking Stock","2.49","0.0","Market Basket","32 oz","32 oz","Market Basket.jpg","","2"
"8443","Condiments & Dressings","Marinades, Ketchup & Sauces","Marinades & Meat Preparation","McCormick","McCormick Bag 'n Season Original Chicken Cooking & Seasoning Mix","","McCormick Bag 'n Season Original Chicken Cooking & Seasoning Mix","1.29","0.0","Market Basket","1.25 oz","1.25 oz","15566.jpg","","9"
"33931","Condiments & Dressings","Pickled Goods & Olives","Olives","Pearls ","Pearls Large Pitted Ripe Olives 100% Califonia Grown","072999442031","Pearls Large Pitted Ripe Olives 100% Califonia Grown","1.24","0.0","Market Basket","8 oz","8 oz","X2274.jpg","","2"
"6262","Beverages & Juices","Water","Water","Fiji","Fiji Natural Artesian Water","","Fiji Natural Artesian Water","13.74","0.0","Market Basket","6 x 1 L","6 x 1 L","16216.jpg","","11"
"6631","Beverages & Juices","Juices & Refrigerated Drinks","Refrigerated Drinks","Oakhurst","Oakhurst Orange Juice, Plus Calcium","","Oakhurst Orange Juice, Plus Calcium","2.49","0.0","Market Basket","64 fl oz","64 fl oz","16544.jpg","","1"
"30215","Breakfast & Dairy","Pancake & Waffle Mix","Pancake & Waffle Mix","Aunt Jemima","Aunt Jemima Buttermilk Complete ","030000432723","Aunt Jemima Buttermilk Complete ","4.99","0.0","Market Basket","80 oz","80 oz","X5304.jpg","","3"
"8011","Cooking Needs","Canned Food","Soup, Broth & Bouillon","Herb-Ox","Herb Ox Beef Flavor Granulated Bouillon","","Herb Ox Beef Flavor Granulated Bouillon","2.99","0.0","Market Basket","113 g","113 g","17253.jpg","","2"
"13729","Breakfast & Dairy","Dairy & Eggs","Packaged Cheese","Market Basket","Market Basket Colby Jack Cheese Block","","Market Basket Colby Jack Cheese Block","2.49","0.0","Market Basket","8 oz","8 oz","Market Basket.jpg","","1"
"32876","Breakfast & Dairy","Breads & Rolls","Pizza Crust","Market Basket","Market Basket Thin & Crispy Pizza Crust","047905542204","Market Basket Thin & Crispy Pizza Crust","3.74","0.0","Market Basket","16 oz","16 oz","X1340.jpg","","4"
"3775","Fresh Produce","Fresh Organic Fruits","Blueberries","Market Basket","Organic Blueberries Package","","Organic Blueberries Package","5.62","0.0","Market Basket","4.4 oz container","4.4 oz container","14221.jpg","","20"
"6129","Beverages & Juices","Soft Drinks & Seltzers","Soft Drinks","Fresca","Fresca Original Citrus Soda Sparkling Flavored Soft Drink Zero Calorie And Sugar Free","","Fresca Original Citrus Soda Sparkling Flavored Soft Drink Zero Calorie And Sugar Free","1.24","0.0","Market Basket","2 L","2 L","16603.jpg","","17"
"5576","Chips, Cookies & Snacks","Candy & Chocolates","Candy & Chocolate","Skittles","Skittles Original Candy","","Skittles Original Candy","3.29","0.0","Market Basket","14 oz","14 oz","14967.jpg","","3"
"6429","Chips, Cookies & Snacks","Nuts, Seeds & Dried Fruit","Nuts, Seeds & Dried Fruit","Peeled Snacks","Peeled Snacks Organic Apple 2 The Core","","Peeled Snacks Organic Apple 2 The Core","3.75","0.0","Market Basket","2.8 oz","2.8 oz","15305.jpg","","6"
"7448","Cooking Needs","Canned Food","Canned & Jarred Vegetables","Goya","Goya Pink Beans","","Goya Pink Beans","1.49","0.0","Market Basket","15 oz","15 oz","5047.jpg","","9"
"13964","Breakfast & Dairy","Dairy & Eggs","Specialty Cheeses","Market Basket","Market Basket Shredded Cheddar Cheese","","Market Basket Shredded Cheddar Cheese","4.89","0.0","Market Basket","16 oz","16 oz","Market Basket.jpg","","1"
"32511","Frozen Food","Frozen Dinners & Entrees","Frozen Meal","Lean Cuisine ","Lean Cuisine Four Cheese Pizza","013800047199","Lean Cuisine Four Cheese Pizza","3.13","0.0","Market Basket","6 oz","6 oz","X4230.jpg","","18"
"6778","Cooking Needs","Baking & Cooking","Baking Ingredients","Baker's","Baker's Sweetened German's Chocolate Baking Bar","","Baker's Sweetened German's Chocolate Baking Bar","2.79","0.0","Market Basket","4 oz","4 oz","15721.jpg","","8"
"32501","Frozen Food","Frozen Dinners & Entrees","Frozen Meal","Lean Cuisine ","Lean Cuisine Santa Fe-Style Rice & Beans","013800172198","Lean Cuisine Santa Fe-Style Rice & Beans","2.5","0.0","Market Basket","                10 3/8 oz","                10 3/8 oz","X4218.jpg","","18"
"33381","Frozen Food","Frozen Dinners & Entrees","Frozen Appetizers & Sides","Mrs.Paul's","Mrs.Paul's Fish Sticks","011162111275","Mrs.Paul's Fish Sticks","6.24","0.0","Market Basket","24.6 oz","24.6 oz","X4398.jpg","","18"
"30760","Condiments & Dressings","Pickled Goods & Olives","Relish","Cains","Cains Tangy Dill relish ","041660205503","Cains Tangy Dill relish ","2.5","0.0","Market Basket","12 oz","12 oz","X2202.jpg","","2"
"7282","Cooking Needs","Spices & Seasonings","Spices & Seasonings","McCormick","McCormick GourmetÃ¢âÂ¢ Ancho Chile Pepper","","McCormick GourmetÃ¢âÂ¢ Ancho Chile Pepper","4.89","0.0","Market Basket","1.62 oz","1.62 oz","2199.jpg","","9"
"5270","Chips, Cookies & Snacks","Chips & Fruit Snacks","Chips & Pretzels","Good Health","Good Health Veggie Chips Monster Shaped","","Good Health Veggie Chips Monster Shaped","4.69","0.0","Market Basket","6.25 oz","6.25 oz","No Image.jpg","","0"
"14519","Breakfast & Dairy","Tea & Coffee","Tea","Bigelow ","Bigelow Chamomile Mint","","Bigelow Chamomile Mint","2.49","0.0","Market Basket","1.09 oz","1.09 oz","3414.jpg","","8"
"495","Laundry & Paper Goods","Laundry","Laundry Detergent","Tide","Tide purclean plant based detergent Honey Lavender","","Tide purclean plant based detergent Honey Lavender","14.99","1.0","Market Basket","69 fl oz","69 fl oz","No Image.jpg","","15"
"10116","Frozen Food","Ice Cream & Ice","Ice Cream & Ice","Kemps","Kemps Low Fat Strawberry Frozen Yogurt","","Kemps Low Fat Strawberry Frozen Yogurt","3.69","0.0","Market Basket","1.5 quart","1.5 quart","16157.jpg","","21"
"7303","Cooking Needs","Spices & Seasonings","Spices & Seasonings","McCormick","McCormick Grill Mates 25% Less Sodium Montreal Chicken Seasoning","","McCormick Grill Mates 25% Less Sodium Montreal Chicken Seasoning","2.49","0.0","Market Basket","2.87 oz","2.87 oz","2268.jpg","","9"
"9369","Frozen Food","Frozen Fruit & Juice","Frozen Juice","4C","4C Drink Mix Fruit Punch","","4C Drink Mix Fruit Punch","6.09","0.0","Market Basket","63 oz","63 oz","2948.jpg","","21"
"33294","Frozen Food","Frozen Dinners & Entrees","Frozen Appetizers & Sides","Michelina's","Michelina's Pizza Snack Rolls","717854152105","Michelina's Pizza Snack Rolls","1.25","0.0","Market Basket","4.5 oz","4.5 oz","X4118.jpg","","18"
"15239","Personal Care","Personal Needs","Oral Hygiene","Orajel","Orajel Sesame Street Berry Fun Training Toothpaste","","Orajel Sesame Street Berry Fun Training Toothpaste","4.93","1.0","Market Basket","1.5 oz","1.5 oz","17779.jpg","","13"
"10240","Frozen Food","Ice Cream & Ice","Ice Cream & Ice","Toll House","Toll House Cookie Dough Ice Cream","","Toll House Cookie Dough Ice Cream","3.69","0.0","Market Basket","1.5 quart","1.5 quart","18015.jpg","","21"
"31991","Beverages & Juices","Juices & Refrigerated Drinks","Juice & Nectars","Juicy Juice","Juicy Juice Apple Raspberry 100% Juice No Sugar Added","889497641503","Juicy Juice Apple Raspberry 100% Juice No Sugar Added","3.74","0.0","Market Basket","64 fl oz","64 fl oz","X2869.jpg","","10"
"35021","Pasta & Sauces","Gluten Free Pasta","Pasta Sauce","Victoria","Victoria Premium Sauce Fradiavolo Gluten Free","070234004556","Victoria Premium Sauce Fradiavolo Gluten Free","5.61","0.0","Market Basket","24 oz","24 oz","X1526.jpg","","4"
"4818","Chips, Cookies & Snacks","Chips & Fruit Snacks","Chips & Pretzels","Cape Cod","Cape Cod Kettle Cooked Original Reduced Fat Potato Chips Party Size","","Cape Cod Kettle Cooked Original Reduced Fat Potato Chips Party Size","6.23","0.0","Market Basket","14 oz","14 oz","927.jpg","","0"
"124","Kitchen & Cleaning","Cleaning Products","Disinfecting Wipes & Sprays","Lysol","Lysol Disinfecting Wipes Lemon & Lime Blossom","","Lysol Disinfecting Wipes Lemon & Lime Blossom","6.09","1.0","Market Basket","20.3 oz","20.3 oz","16811.jpg","","15"
"35148","Condiments & Dressings","Marinades, Ketchup & Sauces","Mustard Sauce","Woeber's","Woebers Reserve Whole Grain Dijon Mastard  ","074680003750","Woebers Reserve Whole Grain Dijon Mastard  ","6.24","0.0","Market Basket","5.3 oz","5.3 oz","X2170.jpg","","2"
"13868","Breakfast & Dairy","Dairy & Eggs","Soy & Lactose-Free","Blue Diamond Almond Breeze Almondmilk","Blue Diamond Almond Breeze Almondmilk Blue Diamond Almond Breeze Almond Cashew Blend Unsweetened Vanilla","","Blue Diamond Almond Breeze Almondmilk Blue Diamond Almond Breeze Almond Cashew Blend Unsweetened Vanilla","3.69","0.0","Market Basket","0.5 gal","0.5 gal","746.jpg","","1"
"3941","Fresh Produce","Fresh Vegetables","Pepper","Prime Time","Prime Time Sweet Mini Peppers","","Prime Time Sweet Mini Peppers","6.77","0.0","Market Basket","2 lb","2 lb","FP127.jpg","","20"
"3906","Fresh Produce","Fresh Vegetables","Onion","Fresh from the Start","Fresh from the Start Bag of Onions","","Fresh from the Start Bag of Onions","5.51","0.0","Market Basket","5 lb bag","5 lb bag","49.jpg","","20"
"5982","Beverages & Juices","Cocoa & Drink Mixes","Cocoa & Drink Mixes","Master of Mixes","Master of Mixes Agave Syrup","","Master of Mixes Agave Syrup","3.74","0.0","Market Basket","375 ml","375 ml","No Image.jpg","","17"
"5853","Richardson's Farm Ice Cream","Ice Cream Toppings","Ice Cream Toppings","Market Basket","Market Basket Chocolate Syrup","","Market Basket Chocolate Syrup","1.89","0.0","Market Basket","22 oz","22 oz","Market Basket.jpg","","8"
"13036","Breakfast & Dairy","Cereal","Cereal","Honey Bunches","Honey Bunches Of Oats Honey Roasted Cereal","","Honey Bunches Of Oats Honey Roasted Cereal","3.69","0.0","Market Basket","14.5 oz","14.5 oz","17544.jpg","","5"
"34092","Breakfast & Dairy","Cereal","Cereal","Post","Post Wheat 'N Bran Shredded Wheat Cereal ","884912180599","Post Wheat 'N Bran Shredded Wheat Cereal ","3.13","0.0","Market Basket","18 oz","18 oz","X3313.jpg","","5"
"4114","Meat & Seafood","Meat & Seafood Counter","Chicken","Perdue","Perdue Chicken","","Perdue Chicken","5.59","0.0","Market Basket","1 lb","1 lb","No Image.jpg","","22"
"6506","Chips, Cookies & Snacks","Nuts, Seeds & Dried Fruit","Nuts, Seeds & Dried Fruit","Blue Diamond","Blue Diamond Oven Roasted Almonds","","Blue Diamond Oven Roasted Almonds","9.99","0.0","Market Basket","16 oz","16 oz","No Image.jpg","","6"
"9103","Frozen Food","Frozen Dinners & Entrees","Frozen Appetizers & Sides","Birds Eye","Birds Eye Steamfresh ChefÃ¢â¬â¢s Favorites Lightly Sauced & Vegetables with Tomato Parmesan Sauce","","Birds Eye Steamfresh ChefÃ¢â¬â¢s Favorites Lightly Sauced & Vegetables with Tomato Parmesan Sauce","2.49","0.0","Market Basket","10.8 oz","10.8 oz","15821.jpg","","18"
"7403","Cooking Needs","Canned Food","Canned & Jarred Vegetables","CHI-CHI'S","Chi Chi's Diced Fiesta Green Chilis","","Chi Chi's Diced Fiesta Green Chilis","1.29","0.0","Market Basket","4 oz","4 oz","No Image.jpg","","9"
"6448","Beverages & Juices","Soft Drinks & Seltzers","Soft Drinks","Market Basket","Market Basket Orange Soda","","Market Basket Orange Soda","3.75","0.0","Market Basket","12 x 12 fl oz","12 x 12 fl oz","Market Basket.jpg","","17"
"6966","Cooking Needs","Baking & Cooking","Doughs, Gelatins & Bake Mixes","Jell-O","Jell O Banana Cream Instant Pudding Mix Mix","","Jell O Banana Cream Instant Pudding Mix Mix","1.09","0.0","Market Basket","3.4 oz","3.4 oz","2062.jpg","","8"
"485","Laundry & Paper Goods","Laundry","Laundry Detergent","Purex","Purex 4 in 1 Pacs Mountain Breeze 19 pack Laundry Detergent","","Purex 4 in 1 Pacs Mountain Breeze 19 pack Laundry Detergent","4.99","1.0","Market Basket","19 pack","19 pack","No Image.jpg","","15"
"10397","Cooking Needs","Canned Food","Canned Food","Cedar","Cedar Lane Red Lentil","","Cedar Lane Red Lentil","3.69","0.0","Market Basket","32 oz","32 oz","No Image.jpg","","1"
"32660","Breakfast & Dairy","Cereal","Cereal","Malt O Meal","Malt O meal Berry Colossal Crunch ","042400069348","Malt O meal Berry Colossal Crunch ","3.75","0.0","Market Basket","23 oz","23 oz","X3474.jpg","","5"
"5419","Chips, Cookies & Snacks","Cookies & Crackers","Cookies & Cakes","Nabisco","Mini Chips Ahoy! Go Paks","","Mini Chips Ahoy! Go Paks","1.56","0.0","Market Basket","3.5 oz","3.5 oz","No Image.jpg","","6"
"7296","Cooking Needs","Spices & Seasonings","Spices & Seasonings","McCormick","McCormick GourmetÃ¢âÂ¢ Organic Oregano Leaves","","McCormick GourmetÃ¢âÂ¢ Organic Oregano Leaves","4.89","0.0","Market Basket","0.5 oz","0.5 oz","2198.jpg","","9"
"3659","Fresh Produce","Fresh Fruits","Grapes","Market Basket","Valdovinos Red Seedless Grapes","","Valdovinos Red Seedless Grapes","4.93","0.0","Market Basket","1 lb","1 lb","14255.jpg","","20"
"6604","Beverages & Juices","Juices & Refrigerated Drinks","Refrigerated Drinks","Market Basket","Market Basket NO PULP PREMIUM 100% JUICE With Calcium PASTEURIZED ORANGE JUICE With CALICIUM + Vitamin D NOT FROM CONCENTRATE","","Market Basket NO PULP PREMIUM 100% JUICE With Calcium PASTEURIZED ORANGE JUICE With CALICIUM + Vitamin D NOT FROM CONCENTRATE","6.11","0.0","Market Basket","89 fl oz","89 fl oz","X589.jpg","","1"
"9850","Frozen Food","Frozen Produce","Frozen Produce","Market Basket","Market Basket Cut Corn","","Market Basket Cut Corn","1.89","0.0","Market Basket","24 oz","24 oz","Market Basket.jpg","","19"
"4796","Meat & Seafood","Frozen Meat & Seafood","Frozen Fish (All)","Market Basket","Market Basket Sea Scallops","","Market Basket Sea Scallops","15.89","0.0","Market Basket","12 oz","12 oz","Market Basket.jpg","","18"
"32970","Cooking Needs","Canned Food","Canned Tomatoes","Market Basket","Market Basket Petite Diced Tomatoes with Onion, Celery, Green Pepper in Tomato Juice","049705036877","Market Basket Petite Diced Tomatoes with Onion, Celery, Green Pepper in Tomato Juice","1.66","0.0","Market Basket","14.5 oz","14.5 oz","X1351.jpg","","4"
"33402","Condiments & Dressings","Pickled Goods & Olives","Pickles","Mt. Olive","Mt.Olive Simply Pickles Select Ingredients Breads & butter Chips ","090300005319","Mt.Olive Simply Pickles Select Ingredients Breads & butter Chips ","2.74","0.0","Market Basket","24 fl oz","24 fl oz","X3294.jpg","","2"
"5331","Breakfast & Dairy","Bars & Pastries","Breakfast Bars","Nature's Bakery","Nature's Bakery Fig Bar Raspberry","","Nature's Bakery Fig Bar Raspberry","4.69","0.0","Market Basket","6 x 2 oz","6 x 2 oz","No Image.jpg","","6"
"9096","Frozen Food","Frozen Dinners & Entrees","Frozen Appetizers & Sides","Applegate","Applegate Natural Gluten Free Chicken Nuggets","","Applegate Natural Gluten Free Chicken Nuggets","7.39","0.0","Market Basket","8 oz","8 oz","15819.jpg","","1"
"6351","Beverages & Juices","Soft Drinks & Seltzers","Soft Drinks","Polar","Polar Diet Pink Grapefruit Dry","","Polar Diet Pink Grapefruit Dry","1.49","0.0","Market Basket","1 L","1 L","No Image.jpg","","11"
"32682","Frozen Food","Frozen Pasta","Frozen Pasta","Mama Rosie's","Mama Rosie's Four Cheese Stuffed Shells","076239424306","Mama Rosie's Four Cheese Stuffed Shells","8.74","0.0","Market Basket","48 oz","48 oz","X4339.jpg","","18"
"9595","Frozen Food","Frozen Dinners & Entrees","Frozen Meal","On Cor","On Cor Clear Bags Chicken Strips","","On Cor Clear Bags Chicken Strips","5.79","0.0","Market Basket","36 oz","36 oz","15879.jpg","","1"
"4042","Fresh Produce","Fresh Vegetables","Yuca","Market Basket","Yuca","","Yuca","1.42","0.0","Market Basket","1 lb","1 lb","f302.jpg","","20"
"7987","Cooking Needs","Canned Food","Soup, Broth & Bouillon","College Inn","College Inn 100% Natural Garden Vegetable Broth","","College Inn 100% Natural Garden Vegetable Broth","3.09","0.0","Market Basket","32 oz","32 oz","5389.jpg","","9"
"10140","Frozen Food","Ice Cream & Ice","Ice Cream & Ice","Luigi's","Luigi's Real Italian Ice Lemon","","Luigi's Real Italian Ice Lemon","2.49","0.0","Market Basket","1 oz","1 oz","16105.jpg","","21"
"9869","Frozen Food","Frozen Produce","Frozen Produce","Market Basket","Market Basket Frozen Mixed Vegetables","","Market Basket Frozen Mixed Vegetables","2.49","0.0","Market Basket","32 oz","32 oz","Market Basket.jpg","","19"
"30888","Frozen Food","Frozen Dinners & Entrees","Frozen Appetizers & Sides","Chef Gusto","Chef Gusto Bacon and Cheddar Potato Skins","664114500711","Chef Gusto Bacon and Cheddar Potato Skins","3.13","0.0","Market Basket","7.6 oz","7.6 oz","X4793.jpg","","19"
"33577","Beverages & Juices","Energy & Sports Drinks","Energy & Sports Drinks","Neuro Sonic","Neuro Sonic Tangerine Dream","899407005004","Neuro Sonic Tangerine Dream","2.5","0.0","Market Basket","14.5 fl oz","14.5 fl oz","X2726.jpg","","10"
"9399","Frozen Food","Frozen Dinners & Entrees","Frozen Meal","Atkins","Atkins Chicken & Broccoli Alfredo","637480090407","Atkins Chicken & Broccoli Alfredo","4.36","0.0","Market Basket","9 oz","9 oz","X4186.jpg","","18"
"30775","Cooking Needs","Canned Food","Baked Beans","Campbell's","Campbell's Real Value of Over 100Years Pork & Beans ","","Campbell's Real Value of Over 100Years Pork & Beans ","1.11","0.0","Market Basket","14.8 oz","14.8 oz","X1807.jpg","","2"
"32565","Condiments & Dressings","Pickled Goods & Olives","Olives","Levant  ","Levant  Mediterranean Delicacies Black Olives ","859215006617","Levant  Mediterranean Delicacies Black Olives ","4.99","0.0","Market Basket","23 oz","23 oz","X2303.jpg","","2"
"13391","Breakfast & Dairy","Dairy & Eggs","Cream","Nestle","NestlÃÂ© Coffee Mate The Original Powder Coffee Creamer","","NestlÃÂ© Coffee Mate The Original Powder Coffee Creamer","2.09","0.0","Market Basket","6 oz","6 oz","546.jpg","","1"
"14557","Breakfast & Dairy","Tea & Coffee","Tea","Celestial Seasonings","Celestial Seasonings Tea Bags Sleepytime","","Celestial Seasonings Tea Bags Sleepytime","2.49","0.0","Market Basket","20 x 1.1 oz","20 x 1.1 oz","3474.jpg","","8"
"8733","Condiments & Dressings","Preserved Dips & Spreads","Preserved Dips & Salsa","Goya","Goya Mexican Green Salsa","","Goya Mexican Green Salsa","1.29","0.0","Market Basket","7 oz","7 oz","2012.jpg","","7"
"4844","Chips, Cookies & Snacks","Chips & Fruit Snacks","Chips & Pretzels","Food Should Taste Good","Food Should Taste Good Sweet Potato Tortilla Chips, Gluten Free","","Food Should Taste Good Sweet Potato Tortilla Chips, Gluten Free","4.69","0.0","Market Basket","5.5 oz","5.5 oz","No Image.jpg","","0"
"9484","Frozen Food","Frozen Dinners & Entrees","Frozen Meal","InnovAsian","InnovAsian Cuisine Orange Chicken","","InnovAsian Cuisine Orange Chicken","6.09","0.0","Market Basket","18 oz","18 oz","15954.jpg","","18"
"32764","Meat & Seafood","Packaged Meat & Seafood","Pizza","Mariokart ","Mariokart Extra Cheesy Pizza ","","Mariokart Extra Cheesy Pizza ","2.86","0.0","Market Basket","4.6 oz","4.6 oz","X4546.jpg","","1"
"34573","Beverages & Juices","Tea, Coffee, Milk & Coconut Water","Tea","Snapple","Snapple All Natural Peach Tea ","076183643563","Snapple All Natural Peach Tea ","3.13","0.0","Market Basket","64 fl oz","64 fl oz","X2986.jpg","","10"
"5292","Chips, Cookies & Snacks","Chips & Fruit Snacks","Chips & Pretzels","Pringles","Pringles BBQ Potato Crisps","","Pringles BBQ Potato Crisps","1.55","0.0","Market Basket","2.5 oz","2.5 oz","No Image.jpg","","0"
"10136","Frozen Food","Ice Cream & Ice","Ice Cream & Ice","Lindy's","Lindy's Homemade Watermelon Italian Ice","","Lindy's Homemade Watermelon Italian Ice","2.49","0.0","Market Basket","6 fl oz","6 fl oz","16087.jpg","","21"
"13340","Breakfast & Dairy","Dairy & Eggs","Cream","Dunkin' Donuts","Dunkin' Donuts Coffee Creamer Extra Extra","","Dunkin' Donuts Coffee Creamer Extra Extra","3.69","0.0","Market Basket","32 fl oz","32 fl oz","582.jpg","","1"
"15326","Personal Care","Vitamins & Proteins","Vitamins & Supplements","Nature Made","Nature Made Burpless Fish Oil 1000 mg Softgels","","Nature Made Burpless Fish Oil 1000 mg Softgels","18.27","1.0","Market Basket","150 count","150 count","18193.jpg","","13"
"10199","Frozen Food","Ice Cream & Ice","Ice Cream & Ice","Popsicle","Popsicle Fudgsicle Fudge Bars","","Popsicle Fudgsicle Fudge Bars","4.39","0.0","Market Basket","30 fl oz","30 fl oz","3151.jpg","","21"
"31504","Chips, Cookies & Snacks","Candy & Chocolates","Candy & Chocolate","Ghirardelli","Ghirardelli Chocolate Intense Dark 92% Cocoa Moonlight Mystique Dark Chocolate ","","Ghirardelli Chocolate Intense Dark 92% Cocoa Moonlight Mystique Dark Chocolate ","3.13","0.0","Market Basket","3.17 oz","3.17 oz","X290.jpg","","3"
"13798","Breakfast & Dairy","Dairy & Eggs","Packaged Cheese","Sargento","Sargento Reduced Fat Mozzarella Shredded Cheese","","Sargento Reduced Fat Mozzarella Shredded Cheese","3.29","0.0","Market Basket","8 oz","8 oz","168.jpg","","1"
"9585","Frozen Food","Frozen Dinners & Entrees","Frozen Meal","Monterey","El Monterey Southwest Chicken Extra Crunchy Taquitos","","El Monterey Southwest Chicken Extra Crunchy Taquitos","6.69","0.0","Market Basket","21 x 24.2 oz","21 x 24.2 oz","15893.jpg","","18"
"32006","Condiments & Dressings","Marinades, Ketchup & Sauces","Sauce","Kabuto","Kabuto Less Sodium Soy Sauce","081652032427","Kabuto Less Sodium Soy Sauce","3.36","0.0","Market Basket","10 fl oz","10 fl oz","X3218.jpg","","2"
"30411","Chips, Cookies & Snacks","Chips & Fruit Snacks","Fruit & Vegetable Snacks","Betty Crocker","Fruit Roll-Ups Unicorn Tongue Tattoos Strawberry Sensation ","016000355408","Fruit Roll-Ups Unicorn Tongue Tattoos Strawberry Sensation ","2.5","0.0","Market Basket","5 oz","5 oz","X5175.jpg","","19"
"5305","Chips, Cookies & Snacks","Cookies & Crackers","Crackers","Nabisco","Nabisco Nilla Wafers","","Nabisco Nilla Wafers","5.14","0.0","Market Basket","11 oz","11 oz","No Image.jpg","","6"
"4170","Meat & Seafood","Packaged Meat & Seafood","Beef","Creekstone Farm","Creekstone Farm Black Angus Ground Beef","","Creekstone Farm Black Angus Ground Beef","8.69","0.0","Market Basket","1 lb","1 lb","16705.jpg","","22"
"34094","Breakfast & Dairy","Cereal","Cereal","Post","Post Oats of Honey Bunches Cereal with Almonds","884912014252","Post Oats of Honey Bunches Cereal with Almonds","3.75","0.0","Market Basket","14.5 oz","14.5 oz","X3315.jpg","","5"
"33488","Breakfast & Dairy","Breads & Rolls","Bread","Nature's Own","Nature's Own 100% Whole Wheat Bread","072250037129","Nature's Own 100% Whole Wheat Bread","4.36","0.0","Market Basket","20 oz","20 oz","X2473.jpg","","18"
"33879","Condiments & Dressings","Pickled Goods & Olives","Pickled Goods & Olives","Pastene","Pastene Minced Garlic ","066086140726","Pastene Minced Garlic ","4.49","0.0","Market Basket","8 fl oz","8 fl oz","X2316.jpg","","2"
"6029","Beverages & Juices","Energy & Sports Drinks","Energy & Sports Drinks","Red Bull","Red Bull Red Edition - Cranberry","","Red Bull Red Edition - Cranberry","3.13","0.0","Market Basket","12 fl oz","12 fl oz","No Image.jpg","","17"
"170","Kitchen & Cleaning","Cleaning Products","Other Cleaning Products","Pledge","Pledge Enhancing Polish Lemon","","Pledge Enhancing Polish Lemon","3.69","1.0","Market Basket","9.7 oz","9.7 oz","16793.jpg","","15"
"13639","Breakfast & Dairy","Dairy & Eggs","Packaged Cheese","Cabot","Cabot Shredded Cheddar Cheese Sharp Light","","Cabot Shredded Cheddar Cheese Sharp Light","3.09","0.0","Market Basket","8 oz","8 oz","182.jpg","","1"
"30976","Breakfast & Dairy","Bars & Pastries","Breakfast Bars","Clif","Clif Kid ZBar Chcolate Bownie","722252192035","Clif Kid ZBar Chcolate Bownie","4.99","0.0","Market Basket","7.62 oz","7.62 oz","X3914.jpg","","5"
"33635","Meat & Seafood","Packaged Meat & Seafood","Hot Dogs & Franks","North Country ","North Country Delictessen Franks ","","North Country Delictessen Franks ","8.74","0.0","Market Basket","16 oz","16 oz","X4618.jpg","","1"
"7571","Cooking Needs","Canned Food","Canned & Jarred Vegetables","Pastene","Pastene Hearts of Palm","","Pastene Hearts of Palm","3.69","0.0","Market Basket","7.7 oz","7.7 oz","4975.jpg","","9"
"30484","Cooking Needs","Rice & Grains","Grains, Rice & Dried Goods","Bob's Red Mill","Bob's Red Mill Organic Whole Grain Tri Color Quinoa Gluten Free The traditional Grain of Andes","039978019462","Bob's Red Mill Organic Whole Grain Tri Color Quinoa Gluten Free The traditional Grain of Andes","7.49","0.0","Market Basket","13 oz","13 oz","X1072.jpg","","4"
"34323","Frozen Food","Frozen Dinners & Entrees","Frozen Meal","Rao's","RAO'S Penne Alla Vodka","747479300094","RAO'S Penne Alla Vodka","5.36","0.0","Market Basket","9 oz","9 oz","X3996.jpg","","18"
"5006","Chips, Cookies & Snacks","Chips & Fruit Snacks","Chips & Pretzels","Utz","Utz Wavy Original Potato Chips","","Utz Wavy Original Potato Chips","4.69","0.0","Market Basket","9.5 oz","9.5 oz","867.jpg","","0"
"33477","Cooking Needs","Rice & Grains","Grains, Rice & Dried Goods","Nature's Earthly Choice","Nature's Earthly Choice Premium Quinoa ","897034002267","Nature's Earthly Choice Premium Quinoa ","8.74","0.0","Market Basket","2 lb","2 lb","X1090.jpg","","4"
"6705","Chips, Cookies & Snacks","Cookies & Crackers","Donuts","Entenmann's","Entenmann's Soft'ees Assorted With Frosted Donuts","","Entenmann's Soft'ees Assorted With Frosted Donuts","3.69","0.0","Market Basket","21 oz","21 oz","6222.jpg","","19"
"31322","Breakfast & Dairy","Breads & Rolls","English Muffins","Fiber One","Fiber One English Muffins 100% Whole Wheat","835841005286","Fiber One English Muffins 100% Whole Wheat","4.36","0.0","Market Basket","12 oz","12 oz","X2641.jpg","","18"
"5228","Chips, Cookies & Snacks","Cookies & Crackers","Crackers","Nabisco","Nabisco Wheat Thins Crackers, Sundried Tomato & Basil Flavor","","Nabisco Wheat Thins Crackers, Sundried Tomato & Basil Flavor","3.91","0.0","Market Basket","9 oz","9 oz","1210.jpg","","6"
"5993","Beverages & Juices","Energy & Sports Drinks","Energy & Sports Drinks","Gatorade","Gatorade Thirst Quencher Powder Mix Lemon Lime","","Gatorade Thirst Quencher Powder Mix Lemon Lime","5.61","0.0","Market Basket","18.3 oz","18.3 oz","3712.jpg","","17"
"13634","Breakfast & Dairy","Dairy & Eggs","Packaged Cheese","Cabot","Cabot Cheese Cheese, Sharp Lite Cheddar Slices","","Cabot Cheese Cheese, Sharp Lite Cheddar Slices","3.59","0.0","Market Basket","8 oz","8 oz","14593.jpg","","1"
"35234","Cooking Needs","Rice & Grains","Instant Rice","Zatarains","Zatarains Black Beans & Rice Long grain rice mix with Beans, vegetables & Spices","071429099432","Zatarains Black Beans & Rice Long grain rice mix with Beans, vegetables & Spices","2.11","0.0","Market Basket","7 oz","7 oz","X1019.jpg","","4"
"33924","Condiments & Dressings","Pickled Goods & Olives","Olives","Pearls ","Pearls Reduced Stuffed Manzanilla Olives ","072999249036","Pearls Reduced Stuffed Manzanilla Olives ","2.86","0.0","Market Basket","8.11 oz","8.11 oz","X2264.jpg","","2"
"30896","Breakfast & Dairy","Dairy & Eggs","Yogurt","Chobani","Chobani Greek Yogurt Strawberry Banana On The Bottom ","","Chobani Greek Yogurt Strawberry Banana On The Bottom ","1.25","0.0","Market Basket","5.3 oz","5.3 oz","X103.jpg","","1"
"13402","Breakfast & Dairy","Dairy & Eggs","Eggs","Eggland's Best","Eggland's Best Cage Free Grade A Large Brown Eggs","","Eggland's Best Cage Free Grade A Large Brown Eggs","3.61","0.0","Market Basket","12 count","12 count","597.jpg","","1"
"30990","Cooking Needs","Oils & Vinegars","Oils & Vinegars","Colavita","Colavita Raspberry Wine Vinegar Product Of Italy ","","Colavita Raspberry Wine Vinegar Product Of Italy ","4.99","0.0","Market Basket","17 oz","17 oz","X1766.jpg","","2"
"10035","Frozen Food","Ice Cream & Ice","Ice Cream & Ice","Friendly's","Friendly's Premium Ice Cream Black Raspberry","","Friendly's Premium Ice Cream Black Raspberry","3.69","0.0","Market Basket","1.5 quart","1.5 quart","3061.jpg","","21"
"31486","Breakfast & Dairy","Cereal","Cereal","General Mills","General Mills Lucky Charms Large Size","016000124998","General Mills Lucky Charms Large Size","4.38","0.0","Market Basket","14.9 oz","14.9 oz","X3463.jpg","","5"
"34414","Pasta & Sauces","Gluten Free Pasta","Raw Pasta","Ronzoni","Ronzoni Gluten Free Pasta Thin Spaghetti","071300040089","Ronzoni Gluten Free Pasta Thin Spaghetti","3.13","0.0","Market Basket","12 oz","12 oz","X1583.jpg","","4"
"4879","Chips, Cookies & Snacks","Chips & Fruit Snacks","Chips & Pretzels","Lay's","Lay's Honey Barbeque","","Lay's Honey Barbeque","3.91","0.0","Market Basket","7.75 oz","7.75 oz","No Image.jpg","","0"
"34019","Breakfast & Dairy","Dairy & Eggs","Yogurt","Pillars","Pillars Drinkable Greek Yogurt Coconut Pre& Probiotics ","","Pillars Drinkable Greek Yogurt Coconut Pre& Probiotics ","3.13","0.0","Market Basket","12 oz","12 oz","X731.jpg","","1"
"9157","Frozen Food","Frozen Dinners & Entrees","Frozen Appetizers & Sides","McCain","McCain Crinkle Fries Crinkle Cut Potatoes","","McCain Crinkle Fries Crinkle Cut Potatoes","2.49","0.0","Market Basket","32 oz","32 oz","2581.jpg","","19"
"14596","Breakfast & Dairy","Tea & Coffee","Tea","Salada","Salada Lively Lemon Green Salada Lively Lemon Green Tea Bags","","Salada Lively Lemon Green Salada Lively Lemon Green Tea Bags","3.69","0.0","Market Basket","2.61 oz","2.61 oz","16311.jpg","","8"
"33829","Cooking Needs","Canned Food","Canned Tomatoes","Pastene","Pastene Ground Peeled Tomatoes Kitchen Ready No Added Salt","066086080220","Pastene Ground Peeled Tomatoes Kitchen Ready No Added Salt","2.24","0.0","Market Basket","28 oz","28 oz","X1379.jpg","","4"
"14887","Personal Care","Feminine Care","Menstrual Pads","Always","Always Xtra Protection Long","","Always Xtra Protection Long","4.93","1.0","Market Basket","40 count","40 count","6498.jpg","","13"
"34939","Cooking Needs","Rice & Grains","Instant Rice","Uncle Ben's","Uncle Ben's Boiling Bag Enriched Long Grain Rice","054800040230","Uncle Ben's Boiling Bag Enriched Long Grain Rice","2.74","0.0","Market Basket","15.8 oz","15.8 oz","X969.jpg","","4"
"90","Kitchen & Cleaning","Cleaning Products","All Purpose Cleaner","Mr. Clean","Mr. Clean with Gain Scent Original Fresh Multi-Purpose Cleaner","","Mr. Clean with Gain Scent Original Fresh Multi-Purpose Cleaner","3.69","1.0","Market Basket","40 fl oz","40 fl oz","4279.jpg","","15"
"5311","Chips, Cookies & Snacks","Cookies & Crackers","Cookies & Cakes","Newman's Own","Newman's Own Original Cookies","","Newman's Own Original Cookies","3.91","0.0","Market Basket","8 oz","8 oz","No Image.jpg","","6"
"13303","Breakfast & Dairy","Dairy & Eggs","Butter","Land O' Lakes","Land O' Lakes Spread Butter With Canola Oil","","Land O' Lakes Spread Butter With Canola Oil","4.29","0.0","Market Basket","15 oz","15 oz","619.jpg","","1"
"31110","Breakfast & Dairy","Dairy & Eggs","Yogurt","Dannon","Dannon Light+Fit Greek Strawberry Naturally & Artifically Flavored ","","Dannon Light+Fit Greek Strawberry Naturally & Artifically Flavored ","1.25","0.0","Market Basket","5.3 oz","5.3 oz","X212.jpg","","1"
"6651","Beverages & Juices","Juices & Refrigerated Drinks","Refrigerated Drinks","POM Wonderful","POM Wonderful Wonderful 100% Pomegranate Juice","","POM Wonderful Wonderful 100% Pomegranate Juice","4.59","0.0","Market Basket","16 fl oz","16 fl oz","16543.jpg","","20"
"35063","Richardson's Farm Ice Cream","Ice Cream Toppings","Ice Cream Toppings","Walden Farms ","Walden Farms Chocolate Syrup ","072457880559","Walden Farms Chocolate Syrup ","4.36","0.0","Market Basket","12 oz","12 oz","X5137.jpg","","20"
"33977","Breakfast & Dairy","Breads & Rolls","Bread","Pepperidge Farm","Pepperidge Farm Very Thin 100% Whole Wheat Bread","014100071327","Pepperidge Farm Very Thin 100% Whole Wheat Bread","4.74","0.0","Market Basket","16 oz","16 oz","X2544.jpg","","18"
"5831","Breakfast & Dairy","Bars & Pastries","Protien Bars","Thats It","Thats It Fruit Bar, Apple + Pear","","Thats It Fruit Bar, Apple + Pear","1.59","0.0","Market Basket","1.2 oz","1.2 oz","15240.jpg","","3"
"5886","Beverages & Juices","Tea, Coffee, Milk & Coconut Water","Single To-Go Coffee","Dunkin' Donuts","Dunkin' Donuts Cold Brew Coffee Midnight Black","","Dunkin' Donuts Cold Brew Coffee Midnight Black","1.88","0.0","Market Basket","9 fl oz","9 fl oz","No Image.jpg","","17"
"34961","Beverages & Juices","Juices & Refrigerated Drinks","Juice & Nectars","V8","V8 Splash Diet Berry Blend Juice","051000144126","V8 Splash Diet Berry Blend Juice","2.5","0.0","Market Basket","64 fl oz","64 fl oz","X2925.jpg","","10"
"7360","Cooking Needs","Spices & Seasonings","Spices & Seasonings","Morton","Morton Salt, Kosher, Coarse, Box","","Morton Salt, Kosher, Coarse, Box","2.49","0.0","Market Basket","48 oz","48 oz","15632.jpg","","9"
"33775","Frozen Food","Frozen Dinners & Entrees","Frozen Meal","P.F.Chang's","P.F.Chang's Chicken Lo Mein","031000700119","P.F.Chang's Chicken Lo Mein","8.11","0.0","Market Basket","22 oz","22 oz","X3976.jpg","","18"
"34914","Breakfast & Dairy","Dairy & Eggs","Yogurt","Two Good","Two Good 2G Sugar Raspberry Flavored Greek Yogurt ","","Two Good 2G Sugar Raspberry Flavored Greek Yogurt ","1.25","0.0","Market Basket","5.3 oz","5.3 oz","X867.jpg","","1"
"33139","Condiments & Dressings","Pickled Goods & Olives","Pickles","Market Basket ","Market Basket Sweet Whole Gherkin Pickels Splenda ","049705018866","Market Basket Sweet Whole Gherkin Pickels Splenda ","2.5","0.0","Market Basket","16 fl oz","16 fl oz","X3278.jpg","","2"
"35324","Richardson's Farm Ice Cream","Frozen Yogurt","Coffee","Richarson's Farm","Richarson's Farm Coffee Toffee with Health Barï¿½ Frozen Yogurt 95% Fat Free","","Coffee yogurt with Heathï¿½ Bar pices, chocolate chips and toffee","29.99","0.0","Richardson's Farm","3 Gal. Tub","3 Gal. Tub","RichardsonsFarm.jpg","",""
"31539","Condiments & Dressings","Salad Dressings & Toppings","Dressing Mix","Gold Seasons","Gold Seasons Italian Dressing & Recipe Mix","","Gold Seasons Italian Dressing & Recipe Mix","1.86","0.0","Market Basket","0.7 oz","0.7 oz","X1741.jpg","","2"
"5514","Chips, Cookies & Snacks","Candy & Chocolates","Candy & Chocolate","M&M's","M&M's Milk Chocolate Candies","","M&M's Milk Chocolate Candies","1.89","0.0","Market Basket","3.4 oz","3.4 oz","1009.jpg","","3"
"10493","Cooking Needs","Rice & Grains","Instant Rice","Goya","Goya Yellow Rice Spanish Style","","Goya Yellow Rice Spanish Style","5.79","0.0","Market Basket","24 oz","24 oz","5748.jpg","","7"
"9098","Frozen Food","Frozen Dinners & Entrees","Frozen Appetizers & Sides","Bagel Bites","Bagel Bites Cheese & Pepperoni Pizza Snacks","","Bagel Bites Cheese & Pepperoni Pizza Snacks","2.09","0.0","Market Basket","9 count","9 count","15823.jpg","","19"
"65","Kitchen & Cleaning","Air Fresheners & Candles","Other Air Fresheners & Candles","Glade","Glade Carpet & Room Refresher Clean Linen","","Glade Carpet & Room Refresher Clean Linen","2.49","1.0","Market Basket","32 oz","32 oz","4221.jpg","","15"
"3620","Fresh Produce","Fresh Fruits","Apple","Market Basket","Cortland Apples","","Cortland Apples","0.64","0.0","Market Basket","1 ct","1 ct","FP15.jpg","","20"
"32219","Breakfast & Dairy","Cereal","Mini Cereal","Kellogg's ","Kellogg's Corn Pops","038000218474","Kellogg's Corn Pops","0.41","0.0","Market Basket","0.95 oz","0.95 oz","X3633.jpg","","5"
"34827","Breakfast & Dairy","Bars & Pastries","Oatmeal Squares","Thomas","Thomas Pick me ups Soft Baked Oatmeal Squares Chocolate Chips","048121502003","Thomas Pick me ups Soft Baked Oatmeal Squares Chocolate Chips","4.99","0.0","Market Basket","7 oz","7 oz","X3848.jpg","","5"
"9973","Frozen Food","Ice Cream & Ice","Ice Cream & Ice","Breyer's","Breyer's Lactose Free Vanilla Light Ice Cream","","Breyer's Lactose Free Vanilla Light Ice Cream","4.79","0.0","Market Basket","48 oz","48 oz","18033.jpg","","21"
"5433","Chips, Cookies & Snacks","Candy & Chocolates","Candy & Chocolate","Dove","Dove Promises Silky Smooth Milk Chocolate","","Dove Promises Silky Smooth Milk Chocolate","4.59","0.0","Market Basket","8.87 oz","8.87 oz","14937.jpg","","3"
"31963","Meat & Seafood","Packaged Meat & Seafood","Sausage","Jones Dairy Farm","Jones Dairy Farm Pork Sausage Fully Cooked ","","Jones Dairy Farm Pork Sausage Fully Cooked ","2.86","0.0","Market Basket","7 oz","7 oz","X4746.jpg","","1"
"6912","Cooking Needs","Baking & Cooking","Baking Ingredients","Splenda","Splenda Granulated No Calorie Sweetener","","Splenda Granulated No Calorie Sweetener","8.29","0.0","Market Basket","9.7 oz","9.7 oz","15671.jpg","","8"
"6032","Beverages & Juices","Energy & Sports Drinks","Energy & Sports Drinks","Red Bull","Red Bull Coconut Edition - Coconut Berry","","Red Bull Coconut Edition - Coconut Berry","3.13","0.0","Market Basket","12 fl oz","12 fl oz","No Image.jpg","","17"
"14156","Breakfast & Dairy","Dairy & Eggs","Yogurt","Lifeway","Lifeway Pomegranate Cultured Lowfat Milk","","Lifeway Pomegranate Cultured Lowfat Milk","3.69","0.0","Market Basket","32 oz","32 oz","14684.jpg","","1"
"32266","Condiments & Dressings","Salad Dressings & Toppings","Salad Dressing & Toppings","Ken's Steak House","Ken's Seak HouseLite Buttermilk Ranch Dressing ","041335359210","Ken's Seak HouseLite Buttermilk Ranch Dressing ","3.49","0.0","Market Basket","16 fl oz","16 fl oz","X434.jpg","","2"
"3776","Fresh Produce","Fresh Organic Fruits","Blueberries","naturipe","naturipe Organic Blueberries Bleuets","","naturipe Organic Blueberries Bleuets","5.62","0.0","Market Basket","6 oz container","6 oz container","19.jpg","","20"
"34169","Pasta & Sauces","Raw Pasta","Raw Pasta","Prince","Prince Pasta Cavatappi","041129051610","Prince Pasta Cavatappi","1.56","0.0","Market Basket","16 oz","16 oz","X1659.jpg","","4"
"5418","Chips, Cookies & Snacks","Cookies & Crackers","Crackers","Nabisco","Oreo Mini Go Paks","","Oreo Mini Go Paks","1.56","0.0","Market Basket","3.5 oz","3.5 oz","No Image.jpg","","6"
"35098","Chips, Cookies & Snacks","Chips & Fruit Snacks","Fruit & Vegetable Snacks","Welch's","Welch's Concord Grape Fruit Snacks ","034856028802","Welch's Concord Grape Fruit Snacks ","2.5","0.0","Market Basket","9 oz","9 oz","X5153.jpg","","19"
"34940","Cooking Needs","Rice & Grains","Instant Rice","Uncle Ben's","Uncle Ben's Whole Grain Instant Brown Rice","054800120017","Uncle Ben's Whole Grain Instant Brown Rice","2.74","0.0","Market Basket","14 oz","14 oz","X970.jpg","","4"
"13333","Breakfast & Dairy","Dairy & Eggs","Cream","Coffee-mate","Coffee mate Italian Sweet Creme Liquid Coffee Creamer","","Coffee mate Italian Sweet Creme Liquid Coffee Creamer","4.29","0.0","Market Basket","32 fl oz","32 fl oz","553.jpg","","1"
"62","Kitchen & Cleaning","Air Fresheners & Candles","Other Air Fresheners & Candles","Febreze","Febreze Air Effects Air Refresher, Linen & Sky","","Febreze Air Effects Air Refresher, Linen & Sky","3.49","1.0","Market Basket","9.7 oz","9.7 oz","4235.jpg","","15"
"5556","Chips, Cookies & Snacks","Candy & Chocolates","Candy & Chocolate","Nestle","After Eight Mint Chocolatey Thins","","After Eight Mint Chocolatey Thins","3.09","0.0","Market Basket","7.05 oz","7.05 oz","14979.jpg","","3"
"3476","Fresh Produce","Fresh Herbs","Flowers","Market Basket","Banana Flowers","","Banana Flowers","3.29","0.0","Market Basket","1 lb","1 lb","f64.jpg","","20"
"33745","Meat & Seafood","Packaged Meat & Seafood","Chicken","Oscar Mayer","Oscar Mayer Boogna Made with Chiken And Pork Beef Added ","","Oscar Mayer Boogna Made with Chiken And Pork Beef Added ","2.24","0.0","Market Basket","12 oz","12 oz","X4494.jpg","","1"
"14923","Personal Care","First Aid & Healthcare","Cold, Flu & Allergy","Benadryl","Benadryl Allergy Ultratabs Tablets","","Benadryl Allergy Ultratabs Tablets","7.0","1.0","Market Basket","24 count","24 count","6661.jpg","","13"
"13862","Breakfast & Dairy","Dairy & Eggs","Soy & Lactose-Free","8th Continent","8th Continent Soymilk Original","","8th Continent Soymilk Original","3.69","0.0","Market Basket","64 fl oz","64 fl oz","14806.jpg","","1"
"14752","Personal Care","Body Wash, Soap & Hair Care","Hair Care","Herbal Essences","Herbal Essences Set Me Up Hair Mousse","","Herbal Essences Set Me Up Hair Mousse","5.39","1.0","Market Basket","6.8 fl oz","6.8 fl oz","18172.jpg","","13"
"31066","Condiments & Dressings","Marinades, Ketchup & Sauces","Sauce","Dai Day ","Dai Day Garlic Souce ","070258014173","Dai Day Garlic Souce ","3.74","0.0","Market Basket","9.5 oz","9.5 oz","X5384.jpg","","3"
"35252","Richardson's Farm Ice Cream","Ice Cream","Chocolate Chip","Richarson's Farm","Richarson's Farm Toll House Cookie Ice Cream 16% Butterfat","","Vanilla ice cream with baked chocolate chip cookies","32.99","0.0","Richardson's Farm","3 Gal. Tub","3 Gal. Tub","RichardsonsFarm.jpg","",""
"34499","Beverages & Juices","Juices & Refrigerated Drinks","Refrigerated Drinks","Simply","Simply Orange HIGH PULP NOT FROM CONCENTRATE 100% ORANGE JUICE","","Simply Orange HIGH PULP NOT FROM CONCENTRATE 100% ORANGE JUICE","3.74","0.0","Market Basket","52 fl oz","52 fl oz","X772.jpg","","1"
"13405","Breakfast & Dairy","Dairy & Eggs","Eggs","Eggland's Best","Eggland's Best Grade A Brown Large Cage Free Organic Eggs","","Eggland's Best Grade A Brown Large Cage Free Organic Eggs","4.79","0.0","Market Basket","12 count","12 count","598.jpg","","1"
"32237","Condiments & Dressings","Salad Dressings & Toppings","Salad Dressing & Toppings","Ken's Steak House","Ken's Seak House Simply Vinaigette Balsamic ","041335363811","Ken's Seak House Simply Vinaigette Balsamic ","3.49","0.0","Market Basket","16 fl oz","16 fl oz","X405.jpg","","2"
"10155","Frozen Food","Ice Cream & Ice","Ice Cream & Ice","Market Basket","Drumstick Vanilla Frozen Dairy Dessert Cones","","Drumstick Vanilla Frozen Dairy Dessert Cones","4.29","0.0","Market Basket","4 count","4 count","16151.jpg","","21"
"31657","Frozen Food","Frozen Dinners & Entrees","Frozen Meal","Healthy Choice","Healthy Choice Barbecue Seasoned Steak with Potatoes","072655405097","Healthy Choice Barbecue Seasoned Steak with Potatoes","3.13","0.0","Market Basket","9.5 oz","9.5 oz","X4070.jpg","","18"
"4330","Meat & Seafood","Meat & Seafood Counter","Pork","Market Basket","Sirloin End Pork Chops","","Sirloin End Pork Chops","5.04","0.0","Market Basket","Approx: 2.11 lb at $2.39/lb","Approx: 2.11 lb at $2.39/lb","Market Basket.jpg","","22"
"7786","Cooking Needs","Canned Food","Canned Meals & Beans","Market Basket","Market Basket Cut Green Beans","","Market Basket Cut Green Beans","0.79","0.0","Market Basket","14.5 oz","14.5 oz","Market Basket.jpg","","2"
"34686","Beverages & Juices","Tea, Coffee, Milk & Coconut Water","Tea","Straight Up Tea","Straight Up Tea Sorta Sweet","076183002223","Straight Up Tea Sorta Sweet","1.25","0.0","Market Basket","6 x 18.5 fl oz","6 x 18.5 fl oz","X3032.jpg","","10"
"6215","Beverages & Juices","Soft Drinks & Seltzers","Soft Drinks","Sunkist","Sunkist Orange Soda Box of Cans","","Sunkist Orange Soda Box of Cans","5.63","0.0","Market Basket","10 x 7.5 fl oz","10 x 7.5 fl oz","16627.jpg","","17"
"7258","Cooking Needs","Spices & Seasonings","Spices & Seasonings","McCormick","McCormick California Style Garlic Pepper with Red Bell & Black Pepper Coarse Grind Seasoning","","McCormick California Style Garlic Pepper with Red Bell & Black Pepper Coarse Grind Seasoning","3.69","0.0","Market Basket","2.75 oz","2.75 oz","15660.jpg","","9"
"4117","Meat & Seafood","Meat & Seafood Counter","Chicken Breast","Harvestland","Harvestland Fully Cooked Grilled Chicken Breast Strips","","Harvestland Fully Cooked Grilled Chicken Breast Strips","8.59","0.0","Market Basket","1 lb","1 lb","No Image.jpg","","22"
"13641","Breakfast & Dairy","Dairy & Eggs","Packaged Cheese","Cabot Creamery","Cabot Creamery Aged Seriously Sharp Cheddar Cheese","","Cabot Creamery Aged Seriously Sharp Cheddar Cheese","2.99","0.0","Market Basket","8 oz","8 oz","134.jpg","","1"
"5999","Beverages & Juices","Energy & Sports Drinks","Energy & Sports Drinks","Monster","Monster Energy 10 Pack","","Monster Energy 10 Pack","19.36","0.0","Market Basket","10 x 16 fl oz","10 x 16 fl oz","No Image.jpg","","17"
"15241","Personal Care","Personal Needs","Oral Hygiene","Oral-B","Oral-B Complete Satin Floss Mint","","Oral-B Complete Satin Floss Mint","4.24","1.0","Market Basket","55 yd","55 yd","6429.jpg","","13"
"10311","Pasta & Sauces","Raw Pasta","Raw Pasta","Goya","Goya Spaghetti, Enriched","","Goya Spaghetti, Enriched","1.29","0.0","Market Basket","16 oz","16 oz","5611.jpg","","7"
"31971","Richardson's Farm Ice Cream","Cups, Cones & Bowls","Cones","Joy ","Joy Waffles Cone ","072092012124","Joy Waffles Cone ","3.13","0.0","Market Basket","7 oz","7 oz","X5115.jpg","","20"
"30016","Frozen Food","Frozen Pizza","Frozen Pizza","Against The Grain Gourmet ","Against The Grain Gourmet Pizza Three Cheese ","892453001082","Against The Grain Gourmet Pizza Three Cheese ","12.49","0.0","Market Basket","24 oz","24 oz","X4869.jpg","","19"
"6122","Beverages & Juices","Soft Drinks & Seltzers","Soft Drinks","Fanta","Fanta Orange Soda","","Fanta Orange Soda","1.24","0.0","Market Basket","2 L","2 L","16605.jpg","","17"
"32695","Breakfast & Dairy","Pancake & Waffle Mix","Pancake & Waffle Mix","Maple Grove Farms","Maple Grove Farms Gluten Free Pancake and Waffle Mix","074683007922","Maple Grove Farms Gluten Free Pancake and Waffle Mix","4.99","0.0","Market Basket","16 oz","16 oz","X3164.jpg","","2"
"7337","Cooking Needs","Spices & Seasonings","Spices & Seasonings","McCormick","McCormick Perfect Pinch Cajun Seasoning","","McCormick Perfect Pinch Cajun Seasoning","2.79","0.0","Market Basket","3.18 oz","3.18 oz","15631.jpg","","9"
"31556","Frozen Food","Frozen Dinners & Entrees","Frozen Meal","Good Food Made Simple","Good Food Made Simple White Cheddar Mac ","080618476312","Good Food Made Simple White Cheddar Mac ","3.13","0.0","Market Basket","9.4 oz","9.4 oz","X4179.jpg","","18"
"3898","Fresh Produce","Fresh Vegetables","Okra","Market Basket","Market Basket Okra container (Approx 0.70 lb)","","Market Basket Okra container (Approx 0.70 lb)","4.99","0.0","Market Basket","1 container","1 container","FP80.jpg","","20"
"9797","Frozen Food","Frozen Produce","Frozen Produce","Dole","Dole Dippers Dark Chocolate Banana Slices","","Dole Dippers Dark Chocolate Banana Slices","4.09","0.0","Market Basket","6 x 1.55 oz","6 x 1.55 oz","2479.jpg","","19"
"13321","Breakfast & Dairy","Dairy & Eggs","Cream","Classic Cream","Classic Cream Whipped Cream, Real Light","","Classic Cream Whipped Cream, Real Light","1.89","0.0","Market Basket","7 oz","7 oz","593.jpg","","1"
"8144","Cooking Needs","Canned Food","Soup, Broth & Bouillon","Wolfgang Puck","Wolfgang Puck Organic Chicken with Tuscan Style White Bean & Pesto Soup","","Wolfgang Puck Organic Chicken with Tuscan Style White Bean & Pesto Soup","3.09","0.0","Market Basket","14.5 oz","14.5 oz","17243.jpg","","2"
"14857","Personal Care","Body Wash, Soap & Hair Care","Soap","Market Basket","Market Basket Clear Liquid Hand Soap Refill","","Market Basket Clear Liquid Hand Soap Refill","4.7","1.0","Market Basket","56 fl oz","56 fl oz","Market Basket.jpg","","13"
"30187","Beverages & Juices","Tea, Coffee, Milk & Coconut Water","Tea","AriZona","AriZona Lite Half & Half Iced Tea Lemonade","613008720858","AriZona Lite Half & Half Iced Tea Lemonade","3.74","0.0","Market Basket","128 fl oz","128 fl oz","X3059.jpg","","10"
"6310","Beverages & Juices","Water","Sparkling Water","Poland Spring","Poland Spring Sparkling Water, White Peach Ginger","","Poland Spring Sparkling Water, White Peach Ginger","3.74","0.0","Market Basket","8 x 16.9 fl oz","8 x 16.9 fl oz","No Image.jpg","","11"
"34178","Meat & Seafood","Packaged Meat & Seafood","Meatballs","Pure Farmland ","Pure Farmland Plant Based Meatballs","","Pure Farmland Plant Based Meatballs","8.11","0.0","Market Basket","16 oz","16 oz","X4714.jpg","","1"
"6511","Chips, Cookies & Snacks","Nuts, Seeds & Dried Fruit","Nuts, Seeds & Dried Fruit","True North","True North Chocolate Nut Crunch","","True North Chocolate Nut Crunch","3.74","0.0","Market Basket","5 oz","5 oz","No Image.jpg","","6"
"33899","Condiments & Dressings","Pickled Goods & Olives","Peppers","Pastene","Pastene Since 1874 Sliced Sweet Garlic Peppers ","066086100652","Pastene Since 1874 Sliced Sweet Garlic Peppers ","4.99","0.0","Market Basket","16 oz","16 oz","X2332.jpg","","2"
"4857","Chips, Cookies & Snacks","Chips & Fruit Snacks","Chips & Pretzels","Lay's","Lay's Baked Sour Cream And Onion Potato Crisps","","Lay's Baked Sour Cream And Onion Potato Crisps","5.14","0.0","Market Basket","6.25 oz","6.25 oz","875.jpg","","0"
"31490","Breakfast & Dairy","Cereal","Cereal","General Mills","General Mills Cinnamon Cheerios Large Size","016000162549","General Mills Cinnamon Cheerios Large Size","4.38","0.0","Market Basket","14.3 oz","14.3 oz","X3467.jpg","","5"
"8280","Condiments & Dressings","Fresh Dips & Tapenades","Hommus","Cedar","Cedar Hommus Artichoke Kalamata","","Cedar Hommus Artichoke Kalamata","2.49","0.0","Market Basket","8 oz","8 oz","5503.jpg","","1"
"5825","Breakfast & Dairy","Bars & Pastries","Protien Bars","Quest","Quest Protein Bar Cookies & Cream Flavor","","Quest Protein Bar Cookies & Cream Flavor","2.5","0.0","Market Basket","2.12 oz","2.12 oz","15267.jpg","","3"
"30085","Frozen Food","Frozen Dessert","Frozen Dessert","Amy's ","Amy's Vegetable Pot Pie","042272000203","Amy's Vegetable Pot Pie","3.74","0.0","Market Basket","7.5 oz","7.5 oz","X4164.jpg","","18"
"4124","Meat & Seafood","Meat & Seafood Counter","Chicken Breast","Perdue","Perdue Boneless Skinless Chicken Breast","","Perdue Boneless Skinless Chicken Breast","8.59","0.0","Market Basket","1 lb","1 lb","4058.jpg","","22"
"32283","Condiments & Dressings","Salad Dressings & Toppings","Salad Dressing & Toppings","Ken's Steak House","Ken's Seak House Raspberry Walnut Dressing ","014335162018","Ken's Seak House Raspberry Walnut Dressing ","1.25","0.0","Market Basket","16 fl oz","16 fl oz","X451.jpg","","2"
"35028","Condiments & Dressings","Salad Dressings & Toppings","Salad Dressing & Toppings","Virginia Brand ","Virginia Brand Vidalia Onion Vinegarette Dressing ","072736012091","Virginia Brand Vidalia Onion Vinegarette Dressing ","4.99","0.0","Market Basket","33.81 fl oz","33.81 fl oz","X886.jpg","","2"
"5002","Chips, Cookies & Snacks","Chips & Fruit Snacks","Chips & Pretzels","Utz","Utz Ripples Barbeque Potato Chips","","Utz Ripples Barbeque Potato Chips","4.69","0.0","Market Basket","9 oz","9 oz","No Image.jpg","","0"
"13696","Breakfast & Dairy","Dairy & Eggs","Packaged Cheese","High Valley Farm","High Valley Farm Sharp Vermont Cheddar Cheese Block","","High Valley Farm Sharp Vermont Cheddar Cheese Block","3.09","0.0","Market Basket","10 oz","10 oz","Market Basket.jpg","","1"
"10027","Frozen Food","Ice Cream & Ice","Ice Cream & Ice","Elan","Elan Low Fat Frozen Yogurt Chocolate","","Elan Low Fat Frozen Yogurt Chocolate","4.79","0.0","Market Basket","1 quart","1 quart","16112.jpg","","21"
"3808","Fresh Produce","Fresh Organic Vegetables","Bell Pepper","Market Basket","Organic Red Bell Pepper","","Organic Red Bell Pepper","3.51","0.0","Market Basket","1 count","1 count","14359.jpg","","20"
"30910","Breakfast & Dairy","Dairy & Eggs","Yogurt","Chobani","Chobani Complete Advance Nutrition Yogurt Banana Cream ","","Chobani Complete Advance Nutrition Yogurt Banana Cream ","2.36","0.0","Market Basket","10 fl oz","10 fl oz","X117.jpg","","1"
"7219","Cooking Needs","Spices & Seasonings","Spices & Seasonings","Goya","Goya Adobo Seasoning with Cumin","","Goya Adobo Seasoning with Cumin","2.79","0.0","Market Basket","16.5 oz","16.5 oz","2245.jpg","","9"
"32093","Breakfast & Dairy","Bars & Pastries","Breakfast Bars","Kellogg's ","Kellogg's Special K Pastry Crisps Brown Sugar Caramel Late","038000235818","Kellogg's Special K Pastry Crisps Brown Sugar Caramel Late","3.13","0.0","Market Basket","6 x 0.88 oz","6 x 0.88 oz","X3948.jpg","","5"
"15113","Personal Care","Personal Needs","Facial Care","Olay","Olay Deeply Clean Face Cleanser + Scrub, 150mL/ 5 fl oz Female Skin Care","","Olay Deeply Clean Face Cleanser + Scrub, 150mL/ 5 fl oz Female Skin Care","10.57","1.0","Market Basket","5 fl oz","5 fl oz","6252.jpg","","13"
"13613","Breakfast & Dairy","Dairy & Eggs","Packaged Cheese","Alouette","Alouette Soft Spreadable Cheese Garlic & Herbs","","Alouette Soft Spreadable Cheese Garlic & Herbs","3.69","0.0","Market Basket","6.5 oz","6.5 oz","14563.jpg","","1"
"6644","Beverages & Juices","Juices & Refrigerated Drinks","Refrigerated Drinks","Odwalla","Odwalla Superfood Fruit Smoothie Berries GoMega","","Odwalla Superfood Fruit Smoothie Berries GoMega","2.99","0.0","Market Basket","12 fl oz","12 fl oz","3806.jpg","","20"
"9951","Frozen Food","Ice Cream & Ice","Ice Cream & Ice","Ben & Jerry's","Ben & Jerry's Ice Cream Peanut Buttah Cookie Core","","Ben & Jerry's Ice Cream Peanut Buttah Cookie Core","3.69","0.0","Market Basket","1 pint","1 pint","2997.jpg","","21"
"5996","Beverages & Juices","Energy & Sports Drinks","Energy & Sports Drinks","Monster","Monster Energy Low Carb 4 Pack","","Monster Energy Low Carb 4 Pack","8.74","0.0","Market Basket","4 x 16 fl oz","4 x 16 fl oz","No Image.jpg","","17"
"34181","Beverages & Juices","Tea, Coffee, Milk & Coconut Water","Tea","Pure Leaf","Pure Leaf Diet Lemon Real Brewed Tea","012000286230","Pure Leaf Diet Lemon Real Brewed Tea","1.24","0.0","Market Basket","18.5 fl oz","18.5 fl oz","X2949.jpg","","10"
"13507","Breakfast & Dairy","Dairy & Eggs","Milk","Market Basket","Market Basket Reduced Fat Milk","","Market Basket Reduced Fat Milk","4.59","0.0","Market Basket","64 oz","64 oz","Market Basket.jpg","","1"
"5963","Beverages & Juices","Cocoa & Drink Mixes","Cocoa & Drink Mixes","Lipton","Lipton Iced Tea Mix Lemon","","Lipton Iced Tea Mix Lemon","6.24","0.0","Market Basket","4 lb","4 lb","4031.jpg","","17"
"30581","Cooking Needs","Baking & Cooking","Flour","Bob's Red Mill","Bob's Red Mill Buckwheat Flour Whole Grain Non GMO","039979113023","Bob's Red Mill Buckwheat Flour Whole Grain Non GMO","4.99","0.0","Market Basket","22 oz","22 oz","X5289.jpg","","3"
"4367","Meat & Seafood","Meat & Seafood Counter","Tilapia","Market Basket","Market Basket Frozen Talipia","","Market Basket Frozen Talipia","14.59","0.0","Market Basket","1 lb","1 lb","4070.jpg","","22"
"8439","Condiments & Dressings","Marinades, Ketchup & Sauces","Marinades & Meat Preparation","Market Basket","Market Basket Golden Bread Crumbs","","Market Basket Golden Bread Crumbs","1.09","0.0","Market Basket","15 oz","15 oz","Market Basket.jpg","","1"
"4240","Meat & Seafood","Packaged Meat & Seafood","Ham","Smithfield","Smithfield Anytime Favorites Hardwood Smoked Steak Ham","","Smithfield Anytime Favorites Hardwood Smoked Steak Ham","4.49","0.0","Market Basket","1.23 oz","1.23 oz","No Image.jpg","","22"
"6555","Chips, Cookies & Snacks","Nuts, Seeds & Dried Fruit","Nuts, Seeds & Dried Fruit","Ocean Spray","Ocean Spray Cranberry & Chocolate Trail Mix","","Ocean Spray Cranberry & Chocolate Trail Mix","2.49","0.0","Market Basket","5 oz","5 oz","No Image.jpg","","6"
"10044","Frozen Food","Ice Cream & Ice","Ice Cream & Ice","Friendly's","Friendly's Premium Ice Cream Orange Creme Fruit Swirl","","Friendly's Premium Ice Cream Orange Creme Fruit Swirl","3.69","0.0","Market Basket","1.5 quart","1.5 quart","3051.jpg","","21"
"3729","Fresh Produce","Fresh Fruits","Watermelon","Market Basket","Seedless Watermelon","","Seedless Watermelon","6.14","0.0","Market Basket","1 count","1 count","14238.jpg","","20"
"7011","Cooking Needs","Baking & Cooking","Doughs, Gelatins & Bake Mixes","Pillsbury","Pillsbury Cinnamon Rolls, Original Icing","","Pillsbury Cinnamon Rolls, Original Icing","2.69","0.0","Market Basket","8 x 12.4 oz","8 x 12.4 oz","2018.jpg","","1"
"31533","Beverages & Juices","Tea, Coffee, Milk & Coconut Water","Tea","Gold Peak Tea","Gold Peak Tea Diet Zero Calories No Sugar","083900005535","Gold Peak Tea Diet Zero Calories No Sugar","6.24","0.0","Market Basket","6 x 16.9 fl oz","6 x 16.9 fl oz","X2940.jpg","","10"
"31596","Frozen Food","Frozen Produce","Frozen Produce","Goya","Goya Congelado Sofreto","041331090643","Goya Congelado Sofreto","4.99","0.0","Market Basket","28 oz","28 oz","X4421.jpg","","18"
"6067","Beverages & Juices","Ginger Ale & Ginger Beer","Ginger Ale","Canada Dry","Canada Dry Ginger Ale Box of Cans","","Canada Dry Ginger Ale Box of Cans","6.86","0.0","Market Basket","12 x 12 fl oz","12 x 12 fl oz","16559.jpg","","17"
"13378","Breakfast & Dairy","Dairy & Eggs","Cream","Market Basket","Market Basket Whipping Cream","","Market Basket Whipping Cream","2.49","0.0","Market Basket","16 fl oz","16 fl oz","Market Basket.jpg","","1"
"4086","Meat & Seafood","Meat & Seafood Counter","Beef","Market Basket","Market Basket Beef Loin Strip Boneless Sirloin Steak","","Market Basket Beef Loin Strip Boneless Sirloin Steak","12.75","0.0","Market Basket","Approx: 1.17 lb at $10.9/lb","Approx: 1.17 lb at $10.9/lb","Market Basket.jpg","","22"
"32794","Chips, Cookies & Snacks","Candy & Chocolates","Candy & Chocolate","Market Basket","Market Baset Atomic Frieballs ","","Market Baset Atomic Frieballs ","1.24","0.0","Market Basket","4.25 oz","4.25 oz","X510.jpg","","3"
"30195","Meat & Seafood","Packaged Meat & Seafood","Turkey","Armour","Armour Turkey & American Cheese ","","Armour Turkey & American Cheese ","1.24","0.0","Market Basket","2.39 oz","2.39 oz","X4547.jpg","","1"
"33872","Condiments & Dressings","Pickled Goods & Olives","Olives","Pastene","Pastene Imported Since 1874 Kalamata Olives ","066086100065","Pastene Imported Since 1874 Kalamata Olives ","4.99","0.0","Market Basket","10 oz","10 oz","X2346.jpg","","2"
"35223","Breakfast & Dairy","Dairy & Eggs","Yogurt","Yoplait","Yoplait original smooth style Vanilla ","","Yoplait original smooth style Vanilla ","3.11","0.0","Market Basket","2 lb","2 lb","X957.jpg","","1"
"5914","Beverages & Juices","Tea, Coffee, Milk & Coconut Water","Single To-Go Coffee","StarBucks","Starbucks Frappuccino Mocha Almondmilk 4 Pack","","Starbucks Frappuccino Mocha Almondmilk 4 Pack","6.24","0.0","Market Basket","4 x 9.5 fl oz","4 x 9.5 fl oz","No Image.jpg","","17"
"6271","Beverages & Juices","Water","Water","Glaceau","Glaceau Vapor Distilled Premium Water Bottle Antitoxidant","","Glaceau Vapor Distilled Premium Water Bottle Antitoxidant","9.99","0.0","Market Basket","6 x 1 L","6 x 1 L","No Image.jpg","","11"
"4265","Meat & Seafood","Packaged Meat & Seafood","Salmon","Acme","Acme Smoked Fish Smoked Nova Salmon Brooklyn Classic","","Acme Smoked Fish Smoked Nova Salmon Brooklyn Classic","18.29","0.0","Market Basket","12 oz","12 oz","4132.jpg","","22"
"30040","Meat & Seafood","Hot Dogs, Bacon & Sausage","Sausage","Alfresco","Alfresco all natural ROASTED GARLIC & HERB with oregano,thyme and basil CHICKEN SAUSAGE","","Alfresco all natural ROASTED GARLIC & HERB with oregano,thyme and basil CHICKEN SAUSAGE","4.99","0.0","Market Basket","13 oz","13 oz","X18.jpg","","1"
"30182","Beverages & Juices","Tea, Coffee, Milk & Coconut Water","Tea","AriZona","AriZona Sweet Tea ","613008725730","AriZona Sweet Tea ","1.25","0.0","Market Basket","20 fl oz","20 fl oz","X3048.jpg","","10"
"30630","Frozen Food","Frozen Dinners & Entrees","Frozen Meal","Boston Market","Boston Market Salisbury Steak","738912022314","Boston Market Salisbury Steak","3.36","0.0","Market Basket","14.5 oz","14.5 oz","X4137.jpg","","18"
"6154","Beverages & Juices","Soft Drinks & Seltzers","Soft Drinks","Mountain Dew","Mountain Dew Original","","Mountain Dew Original","1.49","0.0","Market Basket","1.25 L","1.25 L","3964.jpg","","17"
"6343","Beverages & Juices","Ginger Ale & Ginger Beer","Ginger Ale","Polar","Polar Premium Ginger Ale Cans","","Polar Premium Ginger Ale Cans","4.99","0.0","Market Basket","12 x 12 fl oz","12 x 12 fl oz","No Image.jpg","","11"
"3987","Fresh Produce","Fresh Vegetables","Speciality Produce","Market Basket","Wangderm Banana Leaves","","Wangderm Banana Leaves","2.4","0.0","Market Basket","1 lb","1 lb","Market Basket.jpg","","20"
"4838","Chips, Cookies & Snacks","Chips & Fruit Snacks","Chips & Pretzels","Doritos","Doritos Nacho Cheese Flavored Tortilla Chips","","Doritos Nacho Cheese Flavored Tortilla Chips","5.47","0.0","Market Basket","9.75 oz","9.75 oz","955.jpg","","0"
"309","Kitchen & Cleaning","Food Storage & Kitchen Supplies","Plastic/Cling Wrap","Glad","Glad Cling Wrap","","Glad Cling Wrap","2.99","1.0","Market Basket","200 sq ft","200 sq ft","No Image.jpg","","12"
"4899","Chips, Cookies & Snacks","Chips & Fruit Snacks","Chips & Pretzels","PiratesBrands","Pirate's Booty Aged White Cheddar Rice and Corn Puffs","","Pirate's Booty Aged White Cheddar Rice and Corn Puffs","3.91","0.0","Market Basket","4 oz","4 oz","14811.jpg","","0"
"3695","Fresh Produce","Fresh Fruits","Other Special fruits","Market Basket","Pomegranates","","Pomegranates","3.78","0.0","Market Basket","1 count","1 count","FP34.jpg","","20"
"5180","Chips, Cookies & Snacks","Cookies & Crackers","Crackers","Good Thins","Good Thins Three Cheese flavoured Rice Snacks Gluten Free","","Good Thins Three Cheese flavoured Rice Snacks Gluten Free","5.47","0.0","Market Basket","3.5 oz","3.5 oz","No Image.jpg","","6"
"34992","Pasta & Sauces","Instant Pasta","Instant Pasta","Kraft","Kraft Velveeta Skillets Ultimate Cheeseburger Mac, Creamy Cheese Sauce with Pasta and Premium Seasoning","021000034055","Kraft Velveeta Skillets Ultimate Cheeseburger Mac, Creamy Cheese Sauce with Pasta and Premium Seasoning","3.36","0.0","Market Basket","12.8 oz","12.8 oz","X1138.jpg","","4"
"398","Laundry & Paper Goods","Laundry","Laundry Detergent","Tide","Tide Plus Febreze, Sport Odor Defense Liquid Laundry Detergent Pacs","","Tide Plus Febreze, Sport Odor Defense Liquid Laundry Detergent Pacs","16.24","1.0","Market Basket","32 x 30 oz","32 x 30 oz","18077.jpg","","15"
"4858","Chips, Cookies & Snacks","Chips & Fruit Snacks","Chips & Pretzels","Lay's","Lay's Baked Original","","Lay's Baked Original","5.14","0.0","Market Basket","6.25 oz","6.25 oz","No Image.jpg","","0"
"6177","Beverages & Juices","Soft Drinks & Seltzers","Soft Drinks","Pepsi","Pepsi Original","","Pepsi Original","1.49","0.0","Market Basket","1.25 L","1.25 L","No Image.jpg","","17"
"32295","Condiments & Dressings","Marinades, Ketchup & Sauces","Sauce","Kikkoman ","Kikkiman Teriyaki Marinade & Sauce ","041390010255","Kikkiman Teriyaki Marinade & Sauce ","2.08","0.0","Market Basket","10 fl oz","10 fl oz","X5368.jpg","","3"
"14831","Personal Care","Body Wash, Soap & Hair Care","Soap","Dial","Dial Hand Soap, Hydrating, Antibacterial, Aloe","","Dial Hand Soap, Hydrating, Antibacterial, Aloe","2.17","1.0","Market Basket","7.5 oz","7.5 oz","6338.jpg","","13"
"32509","Frozen Food","Frozen Dinners & Entrees","Frozen Meal","Lean Cuisine ","Lean Cuisine Supreme Pizza","013800047182","Lean Cuisine Supreme Pizza","3.13","0.0","Market Basket","6 oz","6 oz","X4228.jpg","","18"
"33550","Breakfast & Dairy","Granola & Oats","Granola","Nature's Path ","Nature's Path orignal Peanut Butter Granola ","058449890096","Nature's Path orignal Peanut Butter Granola ","4.99","0.0","Market Basket","11.5 oz","11.5 oz","X3732.jpg","","5"
"31173","Condiments & Dressings","Preserved Dips & Spreads","Spreads","Dicrinson's","Dicrinson's Country Pumpkin Butter","","Dicrinson's Country Pumpkin Butter","2.5","0.0","Market Basket","9 oz","9 oz","X223.jpg","","3"
"7882","Cooking Needs","Canned Food","Canned Meat & Seafood","Snow's","Snow's Premium Chunk in Water White Chicken","","Snow's Premium Chunk in Water White Chicken","3.09","0.0","Market Basket","10 oz","10 oz","17161.jpg","","2"
"14689","Personal Care","Body Wash, Soap & Hair Care","Body Wash","Dove","Dove Body Wash Sensitive Skin","","Dove Body Wash Sensitive Skin","9.88","1.0","Market Basket","22 fl oz","22 fl oz","18136.jpg","","13"
"31943","Frozen Food","Frozen Breakfast","Frozen Breakfast","JimmyDean","JimmyDean Skillets Sausage ","077900491603","JimmyDean Skillets Sausage ","5.49","0.0","Market Basket","18 oz","18 oz","X4987.jpg","","19"
"34759","Condiments & Dressings","Marinades, Ketchup & Sauces","Marinades & Meat Preparation","Sweet Baby Ray's","Sweet Baby Ray's Gourmet Sauces Award Winning Barbecue Sauce ","013409352311","Sweet Baby Ray's Gourmet Sauces Award Winning Barbecue Sauce ","4.36","0.0","Market Basket","18 oz","18 oz","X2058.jpg","","2"
"13831","Breakfast & Dairy","Dairy & Eggs","Refrigerated Pudding & Desserts","Jell-O","Jell O Ready to Eat Strawberry Kiwi Sugar Free Gelatin","","Jell O Ready to Eat Strawberry Kiwi Sugar Free Gelatin","3.09","0.0","Market Basket","3.125 oz","3.125 oz","800.jpg","","19"
"14862","Personal Care","Body Wash, Soap & Hair Care","Soap","Market Basket","Market Basket Moisturizing She's Butter Bath Bars","","Market Basket Moisturizing She's Butter Bath Bars","5.62","1.0","Market Basket","24 oz","24 oz","Market Basket.jpg","","13"
"30657","Breakfast & Dairy","Dairy & Eggs","Cottage Cheese","Breakstone's ","Breakstone's ESTABLISHED 1882 2% MILK FAT LOWFAT COTTAGE CHEESE SMALL CURD","","Breakstone's ESTABLISHED 1882 2% MILK FAT LOWFAT COTTAGE CHEESE SMALL CURD","2.11","0.0","Market Basket","16 oz","16 oz","X57.jpg","","1"
"3501","Fresh Produce","Fresh Organic Vegetables","Cucumber","Market Basket","Organic European Cucumbers","","Organic European Cucumbers","3.29","0.0","Market Basket","1 count","1 count","f110.jpg","","20"
"35037","Beverages & Juices","Energy & Sports Drinks","Energy & Sports Drinks","Vitamin Water","Vitamin Water Power-C Dragonfruit","786162010001","Vitamin Water Power-C Dragonfruit","1.1","0.0","Market Basket","20 fl oz","20 fl oz","X2766.jpg","","10"
"10305","Pasta & Sauces","Raw Pasta","Raw Pasta","Light 'n Fluffy","Light 'N Fluffy Extra Wide Egg Noodles","","Light 'N Fluffy Extra Wide Egg Noodles","1.89","0.0","Market Basket","12 oz","12 oz","17332.jpg","","4"
"8093","Cooking Needs","Canned Food","Soup, Broth & Bouillon","Pacific","Pacific Organic Vegetable Broth","","Pacific Organic Vegetable Broth","4.89","0.0","Market Basket","32 oz","32 oz","5361.jpg","","9"
"31780","Breakfast & Dairy","Dairy & Eggs","Cottage Cheese","Hood","Hood NO SALT ADDED  LowFat Cottage Cheese SMALL CURD1% MILKFAT","","Hood NO SALT ADDED  LowFat Cottage Cheese SMALL CURD1% MILKFAT","2.09","0.0","Market Basket","16 OZ","16 OZ","X343.jpg","","1"
"31878","Condiments & Dressings","Marinades, Ketchup & Sauces","Sauce","Huy Fong","Huy Fong Tuong Ot Toi Viet-nam Chili Garlic Sauce","024463061040","Huy Fong Tuong Ot Toi Viet-nam Chili Garlic Sauce","2.24","0.0","Market Basket","8 oz","8 oz","X3231.jpg","","2"
"5102","Chips, Cookies & Snacks","Cookies & Crackers","Cookies & Cakes","Oreo","Oreo Double Stuf Chocolate Sandwich Cookies, Family Size Pack","","Oreo Double Stuf Chocolate Sandwich Cookies, Family Size Pack","5.47","0.0","Market Basket","1 lb","1 lb","1110.jpg","","6"
"30791","Breakfast & Dairy","Breads & Rolls","Buns","Canyon Bakehouse","Canyon Bakehouse Gluten Free Burger Buns","835841002386","Canyon Bakehouse Gluten Free Burger Buns","7.49","0.0","Market Basket","12 oz","12 oz","X2572.jpg","","18"
"15121","Personal Care","Personal Needs","Facial Care","Oxy","Oxy Acne Medication Rapid Spot Treatment Maximum Action","","Oxy Acne Medication Rapid Spot Treatment Maximum Action","8.84","1.0","Market Basket","1 oz","1 oz","17678.jpg","","13"
"13326","Breakfast & Dairy","Dairy & Eggs","Cream","Coffee-mate","Coffee mate Coconut Creme Liquid Coffee Creamer","","Coffee mate Coconut Creme Liquid Coffee Creamer","4.29","0.0","Market Basket","32 fl oz","32 fl oz","557.jpg","","1"
"7743","Cooking Needs","Canned Food","Canned Meals & Beans","Goya","Goya Cannellini","","Goya Cannellini","1.29","0.0","Market Basket","15.5 oz","15.5 oz","5108.jpg","","7"
"13794","Breakfast & Dairy","Dairy & Eggs","Packaged Cheese","Sargento","Sargento Off The Block 4 Cheese Mexican Fine Cut Shredded Cheese","","Sargento Off The Block 4 Cheese Mexican Fine Cut Shredded Cheese","3.29","0.0","Market Basket","8 oz","8 oz","14585.jpg","","1"
"35219","Breakfast & Dairy","Dairy & Eggs","Yogurt","Yoplait","Yoplait light Made With Real Fruit 4 Strawberry & 4 mixed Berry","","Yoplait light Made With Real Fruit 4 Strawberry & 4 mixed Berry","5.61","0.0","Market Basket","8 x 6 oz","8 x 6 oz","X953.jpg","","1"
"14783","Personal Care","Body Wash, Soap & Hair Care","Hair Care","Scunci","Scunci No Damage Everyday Fashion Hair Elastics","","Scunci No Damage Everyday Fashion Hair Elastics","4.24","1.0","Market Basket","30 count","30 count","6613.jpg","","13"
"499","Laundry & Paper Goods","Laundry","Laundry Detergent","Tide","Tide Plus Febreeze freshness spring & renewal Laundry Detergent","","Tide Plus Febreeze freshness spring & renewal Laundry Detergent","14.99","1.0","Market Basket","92 fl oz","92 fl oz","No Image.jpg","","15"
"33085","Breakfast & Dairy","Cereal","Cereal","Market Basket ","Market Basket Apple Cinnamon Toasted Oats","049705004906","Market Basket Apple Cinnamon Toasted Oats","2.5","0.0","Market Basket","12.9 oz","12.9 oz","X3396.jpg","","5"
"129","Kitchen & Cleaning","Cleaning Products","Mop","Libman","Libman Mop, Microfiber, Wet & Dry","","Libman Mop, Microfiber, Wet & Dry","18.29","1.0","Market Basket","1 count","1 count","4319.jpg","","15"
"12947","Breakfast & Dairy","Breads & Rolls","Tortillas & Flat Bread","Boghosian","Boghosian Valley Bread Tomato & Basil Lavash","","Boghosian Valley Bread Tomato & Basil Lavash","3.09","0.0","Market Basket","12 oz","12 oz","4812.jpg","","18"
"34956","Beverages & Juices","Juices & Refrigerated Drinks","Juice & Nectars","V8","V8 Splash Topical Blend Juice","051000125736","V8 Splash Topical Blend Juice","2.5","0.0","Market Basket","64 fl oz","64 fl oz","X2920.jpg","","10"
"30943","Breakfast & Dairy","Dairy & Eggs","Yogurt","Chobani","Chobani Gimmies Banana Split Berry Yogurt Milk Shake ","","Chobani Gimmies Banana Split Berry Yogurt Milk Shake ","3.74","0.0","Market Basket","24 oz","24 oz","X150.jpg","","1"
"8575","Cooking Needs","Oils & Vinegars","Oils & Vinegars","Smart Balance","Smart Balance Non Stick Original Cooking Spray","","Smart Balance Non Stick Original Cooking Spray","3.09","0.0","Market Basket","6 oz","6 oz","15504.jpg","","2"
"34023","Frozen Food","Frozen Dessert","Frozen Dessert","Pillsbury","Pillsbury Toster Strudel Pestries Strawberry","018000426980","Pillsbury Toster Strudel Pestries Strawberry","3.13","0.0","Market Basket","11.7 oz","11.7 oz","X5073.jpg","","19"
"7209","Cooking Needs","Spices & Seasonings","Spices & Seasonings","Concord Foods","Concord Foods Stir Fry Mix Asian Style","","Concord Foods Stir Fry Mix Asian Style","0.99","0.0","Market Basket","1.1 oz","1.1 oz","15657.jpg","","3"
"7224","Cooking Needs","Spices & Seasonings","Spices & Seasonings","Goya","Goya Garlic Powder","","Goya Garlic Powder","4.89","0.0","Market Basket","8 oz","8 oz","2248.jpg","","9"
"5110","Chips, Cookies & Snacks","Cookies & Crackers","Cookies & Cakes","Pepperidge Farm","Pepperidge Farm Chesapeake Crispy Chesapeake Dark Chocolate Pecan Cookies","","Pepperidge Farm Chesapeake Crispy Chesapeake Dark Chocolate Pecan Cookies","4.69","0.0","Market Basket","7.2 oz","7.2 oz","15044.jpg","","6"
"32978","Cooking Needs","Canned Food","Canned Tomatoes","Market Basket","Market Basket Kitchen Recipe Crushed Tomatoes on Heavy Puree","049705037072","Market Basket Kitchen Recipe Crushed Tomatoes on Heavy Puree","1.49","0.0","Market Basket","28 oz","28 oz","X1392.jpg","","4"
"32610","Cooking Needs","Oils & Vinegars","Oils & Vinegars","LouAna","LouAna 100% Pure Coconut Oil Non-Hydrogenated Usda Organic ","026700152115","LouAna 100% Pure Coconut Oil Non-Hydrogenated Usda Organic ","4.36","0.0","Market Basket","54 fl oz","54 fl oz","X1970.jpg","","2"
"9345","Frozen Food","Frozen Dessert","Frozen Dessert","Luigi's","Luigi's Italian Ice, Blue Raspberry & Watermelon","","Luigi's Italian Ice, Blue Raspberry & Watermelon","2.49","0.0","Market Basket","6 x fl oz","6 x fl oz","16065.jpg","","21"
"32085","Breakfast & Dairy","Bars & Pastries","Breakfast Bars","Kellogg's ","Kellogg's NutriGrain Kids Awesome Apple Soft Baked Mini Bars","038000224843","Kellogg's NutriGrain Kids Awesome Apple Soft Baked Mini Bars","3.75","0.0","Market Basket","5 x 1.3 oz","5 x 1.3 oz","X3940.jpg","","5"
"3831","Fresh Produce","Fresh Organic Vegetables","Mushroom","Monterey","Monterey Mushrooms Whole Organic Baby Bella Mushrooms","","Monterey Mushrooms Whole Organic Baby Bella Mushrooms","4.24","0.0","Market Basket","8 oz container","8 oz container","45.jpg","","20"
"14732","Personal Care","Body Wash, Soap & Hair Care","Hair Care","Garnier","Garnier Fructis For Normal Hair Daily Care Shampoo","","Garnier Fructis For Normal Hair Daily Care Shampoo","4.93","1.0","Market Basket","13 fl oz","13 fl oz","6611.jpg","","13"
"4671","Meat & Seafood","Canned Meat & Seafood","Canned Sardines","King Oscar","King Oscar Sardines Olive Oil Skinless & Boneless","","King Oscar Sardines Olive Oil Skinless & Boneless","2.69","0.0","Market Basket","4.38 oz","4.38 oz","5230.jpg","","2"
"9770","Frozen Food","Frozen Produce","Frozen Produce","Birds Eye","Birds Eye Steamfresh Broccoli Cauliflower & Carrots","","Birds Eye Steamfresh Broccoli Cauliflower & Carrots","2.49","0.0","Market Basket","12 oz","12 oz","2468.jpg","","19"
"32255","Condiments & Dressings","Salad Dressings & Toppings","Salad Dressing & Toppings","Ken's Steak House","Ken's Seak House Simply Lite Thousand Island Dressing ","041335349556","Ken's Seak House Simply Lite Thousand Island Dressing ","3.49","0.0","Market Basket","16 fl oz","16 fl oz","X423.jpg","","2"
"33498","Breakfast & Dairy","Bars & Pastries","Granola Bars","Nature's Path","Nature's Path Dark Chocolate Macaroon Organic Granola Bars","058449173106","Nature's Path Dark Chocolate Macaroon Organic Granola Bars","4.99","0.0","Market Basket","6 x 1.06 oz","6 x 1.06 oz","X3895.jpg","","5"
"34813","Condiments & Dressings","Marinades, Ketchup & Sauces","Paste","Thai Kitchen ","Thai Kitchen Green Curry Paste ","737628004003","Thai Kitchen Green Curry Paste ","3.74","0.0","Market Basket","4 Oz","4 Oz","X5361.jpg","","3"
"8047","Cooking Needs","Canned Food","Soup, Broth & Bouillon","Market Basket","Market Basket Chicken With Rice Condensed Soup","","Market Basket Chicken With Rice Condensed Soup","0.99","0.0","Market Basket","10.5 oz","10.5 oz","Market Basket.jpg","","2"
"6827","Cooking Needs","Baking & Cooking","Baking Ingredients","Domino","Domino Sugar Pure Cane Granulated","","Domino Sugar Pure Cane Granulated","2.79","0.0","Market Basket","4 lb","4 lb","2328.jpg","","8"
"7026","Cooking Needs","Baking & Cooking","Doughs, Gelatins & Bake Mixes","Pillsbury","Pillsbury Ready To Bake Chocolate Chip Cookies","","Pillsbury Ready To Bake Chocolate Chip Cookies","3.59","0.0","Market Basket","16 oz","16 oz","2041.jpg","","1"
"6196","Beverages & Juices","Soft Drinks & Seltzers","Soft Drinks","7 up","7 Up Diet Lemon Lime","","7 Up Diet Lemon Lime","2.11","0.0","Market Basket","2 L","2 L","No Image.jpg","","17"
"6077","Beverages & Juices","Soft Drinks & Seltzers","Soft Drinks","Green Cola","Green Cola No Sugar Box of Cans","","Green Cola No Sugar Box of Cans","6.24","0.0","Market Basket","8 x 12 fl oz","8 x 12 fl oz","No Image.jpg","","17"
"14515","Breakfast & Dairy","Tea & Coffee","Tea","Bigelow ","Bigelow Black Tea Early Grey","","Bigelow Black Tea Early Grey","4.89","0.0","Market Basket","40 count","40 count","3424.jpg","","8"
"13924","Breakfast & Dairy","Dairy & Eggs","Soy & Lactose-Free Milk","Lactaid","Lactaid Lowfat Lactose Free Milk","","Lactaid Lowfat Lactose Free Milk","6.24","0.0","Market Basket","96 fl oz","96 fl oz","767.jpg","","1"
"6820","Cooking Needs","Baking & Cooking","Baking Ingredients","Domino","Domino Brownulated Pure Cane Light Brown Granulated Sugar","","Domino Brownulated Pure Cane Light Brown Granulated Sugar","1.49","0.0","Market Basket","14 oz","14 oz","2335.jpg","","8"
"5328","Breakfast & Dairy","Bars & Pastries","Breakfast Bars","Nature's Bakery","Nature's Bakery Fig Bar Original Fig","","Nature's Bakery Fig Bar Original Fig","4.69","0.0","Market Basket","6 x 2 oz","6 x 2 oz","No Image.jpg","","6"
"5183","Chips, Cookies & Snacks","Cookies & Crackers","Crackers","Keebler","Keebler Sandwich Crackers Club and Cheddar","","Keebler Sandwich Crackers Club and Cheddar","3.91","0.0","Market Basket","11 oz","11 oz","1190.jpg","","6"
"34251","Breakfast & Dairy","Granola & Oats","Oats","Quaker","Quaker Gluten Free Orignal Instant Oatmeal","030000317983","Quaker Gluten Free Orignal Instant Oatmeal","3.75","0.0","Market Basket","10 x 1.23 oz","10 x 1.23 oz","X3589.jpg","","5"
"8123","Cooking Needs","Canned Food","Soup, Broth & Bouillon","Progresso","Progresso Traditional, New England Clam Chowder Soup, Gluten Free","","Progresso Traditional, New England Clam Chowder Soup, Gluten Free","2.79","0.0","Market Basket","18.5 oz","18.5 oz","5276.jpg","","2"
"32066","Meat & Seafood","Packaged Meat & Seafood","Hot Dogs & Franks","Kayem ","Kayem Old Time Reds ","","Kayem Old Time Reds ","6.24","0.0","Market Basket","12 oz","12 oz","X4588.jpg","","1"
"7940","Cooking Needs","Canned Food","Soup, Broth & Bouillon","Campbell's","Campbell's Condensed 25% Less Sodium Chicken Noodle Soup","","Campbell's Condensed 25% Less Sodium Chicken Noodle Soup","2.09","0.0","Market Basket","10.75 oz","10.75 oz","5300.jpg","","2"
"31303","Breakfast & Dairy","Bars & Pastries","Breakfast Bars","Fiber One","Fiber One Soft-baked bars Cinnamon Coffee Bar","016000457010","Fiber One Soft-baked bars Cinnamon Coffee Bar","3.75","0.0","Market Basket","6 x 0.89 oz","6 x 0.89 oz","X3843.jpg","","5"
"7795","Cooking Needs","Canned Food","Canned Meals & Beans","Market Basket","Market Basket No Salt Added French Style Green Beans","","Market Basket No Salt Added French Style Green Beans","0.79","0.0","Market Basket","14.5 oz","14.5 oz","Market Basket.jpg","","2"
"10129","Frozen Food","Ice Cream & Ice","Ice Cream & Ice","Klondike","Klondike Ice Cream Tacos Vanilla","","Klondike Ice Cream Tacos Vanilla","4.09","0.0","Market Basket","4 x 3.5 fl oz","4 x 3.5 fl oz","18001.jpg","","21"
"4639","Meat & Seafood","Canned Meat & Seafood","Canned Oysters","Bumble Bee","Bumble Bee Premium Select Fancy Smoked Oysters","","Bumble Bee Premium Select Fancy Smoked Oysters","2.49","0.0","Market Basket","3.75 oz","3.75 oz","5189.jpg","","2"
"33406","Condiments & Dressings","Pickled Goods & Olives","Whole Sours","Mt. Olive","Mt.Olive Whole Sours Snice 1926 ","009300000468","Mt.Olive Whole Sours Snice 1926 ","3.74","0.0","Market Basket","16 fl oz","16 fl oz","X3272.jpg","","2"
"5988","Beverages & Juices","Cocoa & Drink Mixes","Cocoa & Drink Mixes","Master of Mixes","Master of Mixes Classic Bloody Mary Mixer","","Master of Mixes Classic Bloody Mary Mixer","7.49","0.0","Market Basket","1.75 L","1.75 L","No Image.jpg","","17"
"31554","Frozen Food","Frozen Dinners & Entrees","Frozen Meal","Good Food Made Simple","Good Food Made Simple Cavatappi Bolognese","080618476060","Good Food Made Simple Cavatappi Bolognese","3.13","0.0","Market Basket","9 oz","9 oz","X4177.jpg","","18"
"31840","Frozen Food","Frozen Dinners & Entrees","Frozen Appetizers & Sides","Hungry-Man","Hungry-Man Boneless Fried Chicken","051000062765","Hungry-Man Boneless Fried Chicken","3.74","0.0","Market Basket","16 oz","16 oz","X4010.jpg","","18"
"31195","Condiments & Dressings","Marinades, Ketchup & Sauces","Paste","Dragonfly","Dragonfly Vegetarian Tom Yum Paste","721557214008","Dragonfly Vegetarian Tom Yum Paste","2.74","0.0","Market Basket","8 oz","8 oz","X3234.jpg","","2"
"4958","Chips, Cookies & Snacks","Chips & Fruit Snacks","Chips & Pretzels","Utz","Classic Mix","","Classic Mix","9.36","0.0","Market Basket","20 x 1 oz","20 x 1 oz","14816.jpg","","0"
"3739","Fresh Produce","Fresh Herbs","Basil","Market Basket","Basil","","Basil","2.86","0.0","Market Basket","1 count","1 count","14546.jpg","","20"
"8714","Condiments & Dressings","Preserved Dips & Spreads","Preserved Dips & Salsa","Cabot Creamery","Cabot Creamery Garden Veggie Dip","","Cabot Creamery Garden Veggie Dip","2.09","0.0","Market Basket","12 oz","12 oz","15593.jpg","","1"
"31562","Beverages & Juices","Juices & Refrigerated Drinks","Refrigerated Drinks","Goodbelly","GOODBELLY PROBIOTIC ORGANIC Cranberry Water melon FLAVOR JuiceDrink 20 Billion Probiotics Per Serving FROM","","GOODBELLY PROBIOTIC ORGANIC Cranberry Water melon FLAVOR JuiceDrink 20 Billion Probiotics Per Serving FROM","4.61","0.0","Market Basket","32 fl oz","32 fl oz","X308.jpg","","1"
"6436","Beverages & Juices","Soft Drinks & Seltzers","Soft Drinks","Market Basket","Market Basket Cola","","Market Basket Cola","2.24","0.0","Market Basket","6 x 8 fl oz","6 x 8 fl oz","Market Basket.jpg","","17"
"4478","Meat & Seafood","Hot Dogs, Bacon & Sausage","Sausage","Market Basket","Market Basket Sweet Italian Sausage","","Market Basket Sweet Italian Sausage","3.89","0.0","Market Basket","1.23 lb","1.23 lb","Market Basket.jpg","","22"
"4207","Meat & Seafood","Packaged Meat & Seafood","Chicken Breast","Perdue","Perdue Carved Chicken BreastHoney Roasted","","Perdue Carved Chicken BreastHoney Roasted","4.89","0.0","Market Basket","0.56 lb","0.56 lb","4111.jpg","","22"
"14377","Breakfast & Dairy","Tea & Coffee","Coffee","Folgers ","Folgers Instant Coffee Crystals Classic Roast Single Serve Packets","","Folgers Instant Coffee Crystals Classic Roast Single Serve Packets","1.29","0.0","Market Basket","7 count","7 count","3338.jpg","","8"
"34549","Frozen Food","Frozen Breakfast","Frozen Breakfast","Smucker's","Smucker's Uncrestables Peanut Butter & Strawberry Jam Sandwich","051500048160","Smucker's Uncrestables Peanut Butter & Strawberry Jam Sandwich","3.36","0.0","Market Basket","8 oz","8 oz","X4977.jpg","","19"
"6133","Beverages & Juices","Soft Drinks & Seltzers","Soft Drinks","Market Basket","Market Basket Diet Orange Soda","","Market Basket Diet Orange Soda","1.1","0.0","Market Basket","2 L","2 L","Market Basket.jpg","","17"
"31123","Breakfast & Dairy","Breads & Rolls","Bread","Dave's Killer Bread","Dave's Killer Bread Organic Bread Thin Sliced 21 Whole Grains and Seeds","013764027138","Dave's Killer Bread Organic Bread Thin Sliced 21 Whole Grains and Seeds","6.61","0.0","Market Basket","20.5 oz","20.5 oz","X2433.jpg","","18"
"13852","Breakfast & Dairy","Dairy & Eggs","Refrigerated Pudding & Desserts","Snack Pack","Snack Pack Pudding Tapioca","","Snack Pack Pudding Tapioca","1.49","0.0","Market Basket","3.25 oz","3.25 oz","818.jpg","","19"
"8417","Condiments & Dressings","Marinades, Ketchup & Sauces","Marinades & Meat Preparation","KC Masterpiece","KC Masterpiece BBQ Sauce","","KC Masterpiece BBQ Sauce","3.69","0.0","Market Basket","40 Oz","40 Oz","1984.jpg","","9"
"31230","Frozen Food","Frozen Pizza","Frozen Pizza","Ellio's ","Ellio's Supereme Pizza ","041118009813","Ellio's Supereme Pizza ","3.36","0.0","Market Basket","19.64 oz","19.64 oz","X4851.jpg","","19"
"34592","Frozen Food","Frozen Dinners & Entrees","Frozen Appetizers & Sides","Soup Singles","Soup Singles Gluten Free Split Pea ","071262290126","Soup Singles Gluten Free Split Pea ","1.86","0.0","Market Basket","11 oz","11 oz","X4325.jpg","","18"
"14547","Breakfast & Dairy","Tea & Coffee","Tea","Celestial Seasonings","Celestial Seasonings Cinnamon Apple Spice Tea","","Celestial Seasonings Cinnamon Apple Spice Tea","2.49","0.0","Market Basket","20 count","20 count","3477.jpg","","8"
"3807","Fresh Produce","Fresh Organic Vegetables","Bell Pepper","Market Basket","Organic Orange Bell Pepper","","Organic Orange Bell Pepper","2.13","0.0","Market Basket","1 count","1 count","14295.jpg","","20"
"30244","Meat & Seafood","Packaged Meat & Seafood","Hot Dogs & Franks","Ball Park","Ball Park Bun Size Franks ","","Ball Park Bun Size Franks ","3.74","0.0","Market Basket","15 oz","15 oz","X4569.jpg","","1"
"14631","Breakfast & Dairy","Tea & Coffee","Tea","Twinings","Twinings Green Tea, K Cup Pods","","Twinings Green Tea, K Cup Pods","8.59","0.0","Market Basket","12 x 0.1 fl oz","12 x 0.1 fl oz","16309.jpg","","8"
"33771","Frozen Food","Frozen Pizza","Frozen Pizza","Outsiders Pizza Company ","Outsiders Pizza Company Detroit Style Pizza ","071921878832","Outsiders Pizza Company Detroit Style Pizza ","9.36","0.0","Market Basket","26.60 oz","26.60 oz","X4935.jpg","","19"
"31954","Chips, Cookies & Snacks","Candy & Chocolates","Candy & Chocolate","Jolly Rancher","Jolly Rancher Gummies","","Jolly Rancher Gummies","7.49","0.0","Market Basket","28.8 oz","28.8 oz","X389.jpg","","3"
"34123","Beverages & Juices","Energy & Sports Drinks","Energy & Sports Drinks","Powerade","Powerade Zero Sugar Sports Drink Orange","049000079333","Powerade Zero Sugar Sports Drink Orange","1.1","0.0","Market Basket","28 fl oz","28 fl oz","X2704.jpg","","10"
"376","Kitchen & Cleaning","Food Storage & Kitchen Supplies","Utensils & Kitchen Supplies","Imusa","Imusa Skewers, Bamboo","","Imusa Skewers, Bamboo","1.89","1.0","Market Basket","100 count","100 count","16867.jpg","","12"
"33987","Breakfast & Dairy","Breads & Rolls","Buns","Pepperidge Farm","Pepperidge Farm 8 Golden Potato Hamburger Buns","014100091417","Pepperidge Farm 8 Golden Potato Hamburger Buns","4.36","0.0","Market Basket","15 oz","15 oz","X2503.jpg","","18"
"13427","Breakfast & Dairy","Dairy & Eggs","Eggs","Market Basket","Market Basket Grade A Jumbo Eggs Brown","","Market Basket Grade A Jumbo Eggs Brown","3.59","0.0","Market Basket","12 count","12 count","Market Basket.jpg","","1"
"34691","Condiments & Dressings","Marinades, Ketchup & Sauces","Marinades & Meat Preparation","Stubb's","Stubb's Sweet Black Pepper Easte, Dip Or Marinade Anytime Savce ","734756002178","Stubb's Sweet Black Pepper Easte, Dip Or Marinade Anytime Savce ","3.75","0.0","Market Basket","12 oz","12 oz","X2026.jpg","","2"
"9991","Frozen Food","Ice Cream & Ice","Ice Cream & Ice","Brigham's Ice Cream","Brigham's Ice Cream Just Jimmies","","Brigham's Ice Cream Just Jimmies","3.69","0.0","Market Basket","1 quart","1 quart","16169.jpg","","21"
"31519","Condiments & Dressings","Pickled Goods & Olives","Pickled Goods & Olives","Giuliano","Giuliano Snice 1959 Hot & Spicy Jalapeno Spread ","076479640160","Giuliano Snice 1959 Hot & Spicy Jalapeno Spread ","4.99","0.0","Market Basket","16 fl oz","16 fl oz","X2361.jpg","","2"
"30462","Breakfast & Dairy","Cereal","Muesli Cereal","Bob's Red Mill","Bob's Red Mills  Gluten Free Tropical Muesli Hot or cold cereal","039978003683","Bob's Red Mills  Gluten Free Tropical Muesli Hot or cold cereal","7.49","0.0","Market Basket","14 oz","14 oz","X3657.jpg","","5"
"31926","Chips, Cookies & Snacks","Candy & Chocolates","Candy & Chocolate","Jet puffed","Jet Puffed Mallow Bites Have With your Yum ! Tosted Coconut Marshmallows ","","Jet Puffed Mallow Bites Have With your Yum ! Tosted Coconut Marshmallows ","1.61","0.0","Market Basket","8 oz","8 oz","X378.jpg","","3"
"291","Kitchen & Cleaning","Food Storage & Kitchen Supplies","Cake Pans","Hefty","Hefty Ez Foil 8.5"" Dia. X 1.5"" Cake Pans","","Hefty Ez Foil 8.5"" Dia. X 1.5"" Cake Pans","1.89","1.0","Market Basket","3 count","3 count","4470.jpg","","12"
"34236","Breakfast & Dairy","Granola & Oats","Cup Oatmeal","Quaker","Quaker Real Medleys Apple Walnut ","030000315507","Quaker Real Medleys Apple Walnut ","1.88","0.0","Market Basket","2.64 oz","2.64 oz","X3608.jpg","","5"
"30233","Frozen Food","Frozen Fruit & Juice","Frozen Juice","Bacardi Mixers ","Bacardi Mixers Margarita ","02562508","Bacardi Mixers Margarita ","3.36","0.0","Market Basket","10 oz","10 oz","X5095.jpg","","19"
"14799","Personal Care","Body Wash, Soap & Hair Care","Hair Care","TRESemme","TRESemme Conditioner 24 Hour Volume","","TRESemme Conditioner 24 Hour Volume","4.93","1.0","Market Basket","32 fl oz","32 fl oz","6556.jpg","","13"
"34087","Breakfast & Dairy","Cereal","Cereal","Post","Post Banana Nut Crunch Great Grains Cereal","884912116505","Post Banana Nut Crunch Great Grains Cereal","3.75","0.0","Market Basket","15.5 oz","15.5 oz","X3306.jpg","","5"
"6948","Cooking Needs","Baking & Cooking","Doughs, Gelatins & Bake Mixes","Concord Foods","Concord Foods Apple Crisp","","Concord Foods Apple Crisp","1.49","0.0","Market Basket","8.5 oz","8.5 oz","15618.jpg","","22"
"30612","Beverages & Juices","Energy & Sports Drinks","Energy & Sports Drinks","Body Armor","Body Armor Super Drink Blackout Berry","858176002119","Body Armor Super Drink Blackout Berry","1.88","0.0","Market Basket","16 fl oz","16 fl oz","X2760.jpg","","10"
"3593","Fresh Produce","Fresh Vegetables","Corn","Market Basket","Whole Butter & Sugar Corn Pack - 5 CT","","Whole Butter & Sugar Corn Pack - 5 CT","4.24","0.0","Market Basket","1 pack","1 pack","FP93.jpg","","20"
"3625","Fresh Produce","Fresh Fruits","Apple","Market Basket","Gala Apples","","Gala Apples","0.7","0.0","Market Basket","1 count","1 count","14193.jpg","","20"
"31622","Breakfast & Dairy","Dairy & Eggs","Sour Cream","Green valley ","Green Valley Creamery ORGANIC SOUR CREAM","","Green Valley Creamery ORGANIC SOUR CREAM","4.36","0.0","Market Basket","12 oz","12 oz","X314.jpg","","1"
"5010","Chips, Cookies & Snacks","Chips & Fruit Snacks","Chips & Pretzels","Utz","Utz Siurdough Nuggets Pretzels","","Utz Siurdough Nuggets Pretzels","4.69","0.0","Market Basket","16 oz","16 oz","No Image.jpg","","0"
"33473","Breakfast & Dairy","Bars & Pastries","Granola Bars","Nature Valley ","Nature Valley Crunch Granola Bars Oats N' Honey","016000441446","Nature Valley Crunch Granola Bars Oats N' Honey","11.24","0.0","Market Basket","30 x 1.49 oz","30 x 1.49 oz","X3823.jpg","","5"
"32052","Frozen Food","Frozen Breakfast","Frozen Waffles","Kashi","Kashi Protein Waffles","018627111771","Kashi Protein Waffles","5.61","0.0","Market Basket","10.7 oz","10.7 oz","X5014.jpg","","19"
"31128","Breakfast & Dairy","Breads & Rolls","Bread","Dave's Killer Bread","Dave's Killer Bread Organic Bread Powerseed","013764027282","Dave's Killer Bread Organic Bread Powerseed","9.99","0.0","Market Basket","25 oz","25 oz","X2438.jpg","","18"
"13526","Breakfast & Dairy","Dairy & Eggs","Milk","Oakhurst","Oakhurst Whole Milk","","Oakhurst Whole Milk","1.69","0.0","Market Basket","1 count","1 count","Market Basket.jpg","","1"
"34324","Frozen Food","Frozen Dinners & Entrees","Frozen Meal","Rao's","RAO'S Chicken Parmesan","747479300056","RAO'S Chicken Parmesan","5.36","0.0","Market Basket","8.5 oz","8.5 oz","X3997.jpg","","18"
"8135","Cooking Needs","Canned Food","Soup, Broth & Bouillon","Swanson","Swanson Chicken Broth","","Swanson Chicken Broth","1.29","0.0","Market Basket","14.5 oz","14.5 oz","5395.jpg","","2"
"35106","Chips, Cookies & Snacks","Candy & Chocolates","Candy & Chocolate","Werther's","Werther's Original Soft Caramels Soft And Creamy Caramels Made With Real Butter And Fresh Cream ","","Werther's Original Soft Caramels Soft And Creamy Caramels Made With Real Butter And Fresh Cream ","2.5","0.0","Market Basket","4.51 oz","4.51 oz","X897.jpg","","3"
"7199","Cooking Needs","Spices & Seasonings","Spices & Seasonings","Badia","Badia Nutmeg, Ground","","Badia Nutmeg, Ground","0.89","0.0","Market Basket","0.5 oz","0.5 oz","2229.jpg","","9"
"9807","Frozen Food","Frozen Produce","Frozen Produce","Wyman's","Wyman's Of Maine Fresh Frozen Mixed Berries Frozen Fruit","","Wyman's Of Maine Fresh Frozen Mixed Berries Frozen Fruit","5.89","0.0","Market Basket","15 oz","15 oz","2489.jpg","","19"
"13503","Breakfast & Dairy","Dairy & Eggs","Milk","Market Basket","Market Basket Organic Milk","","Market Basket Organic Milk","4.59","0.0","Market Basket","0.5 gal","0.5 gal","Market Basket.jpg","","1"
"10209","Frozen Food","Ice Cream & Ice","Ice Cream & Ice","Popsicle","Popsicle Ice Pops Sugar Free Orange Cherry Grape","","Popsicle Ice Pops Sugar Free Orange Cherry Grape","4.39","0.0","Market Basket","24 count","24 count","3141.jpg","","21"
"31908","Condiments & Dressings","Pickled Goods & Olives","Jalapeno","Italica","Italica Sliced Jalapenos ","070118004993","Italica Sliced Jalapenos ","3.11","0.0","Market Basket","24 fl oz","24 fl oz","X3253.jpg","","2"
"6125","Beverages & Juices","Soft Drinks & Seltzers","Soft Drinks","Fanta","Fanta Strawberry Soda","","Fanta Strawberry Soda","1.24","0.0","Market Basket","2 L","2 L","No Image.jpg","","17"
"30862","Frozen Food","Frozen Pizza","Frozen Pizza","Celeste ","Celeste Sausage & Pepperoni Pizza","019600046202","Celeste Sausage & Pepperoni Pizza","1.25","0.0","Market Basket","5.5  oz","5.5  oz","X4858.jpg","","19"
"6321","Beverages & Juices","Soft Drinks & Seltzers","Seltzer","Polar","Polar Seltzer Minotaur Mayhem","","Polar Seltzer Minotaur Mayhem","3.74","0.0","Market Basket","6 x 8 fl oz","6 x 8 fl oz","No Image.jpg","","11"
"467","Laundry & Paper Goods","Laundry","Laundry Detergent","Sun","Sun Triple Clean plus OXI original fresh 156 medium loads laundry detergent","","Sun Triple Clean plus OXI original fresh 156 medium loads laundry detergent","9.86","1.0","Market Basket","250 fl oz","250 fl oz","No Image.jpg","","15"
"7277","Cooking Needs","Spices & Seasonings","Spices & Seasonings","McCormick","McCormick GourmetÃ¢âÂ¢ All Natural Chives","","McCormick GourmetÃ¢âÂ¢ All Natural Chives","4.89","0.0","Market Basket","0.12 oz container","0.12 oz container","2190.jpg","","9"
"35319","Richardson's Farm Ice Cream","Ice Cream","Chocolate","Richarson's Farm","Richarson's Farm Rocky Road Ice Cream 16% Butterfat","","Chocolate ice cream with mini marshmallows, chocolate chips, and chopped mixed nuts","7.99","0.0","Richardson's Farm","1-2 Gal. Container","1-2 Gal. Container","RichardsonsFarm.jpg","",""
"33733","Chips, Cookies & Snacks","Chips & Fruit Snacks","Popcorn","Orville Redenbacher's ","Orville Redenbacher's Kettle Corn ","027000520079","Orville Redenbacher's Kettle Corn ","2.5","0.0","Market Basket","9.95 oz","9.95 oz","X4936.jpg","","19"
"34904","Beverages & Juices","Juices & Refrigerated Drinks","Refrigerated Drinks","Tropicana ","Tropicana PURE PRIMIUM HOMESTYLE SOME PULP 100% ORANGE JUICE NEVER FROM CONCENTRATE","","Tropicana PURE PRIMIUM HOMESTYLE SOME PULP 100% ORANGE JUICE NEVER FROM CONCENTRATE","4.61","0.0","Market Basket","52 fl oz","52 fl oz","X853.jpg","","1"
"7878","Cooking Needs","Canned Food","Canned Meat & Seafood","Roland","Roland White Crab Meat","","Roland White Crab Meat","4.89","0.0","Market Basket","6 oz","6 oz","5246.jpg","","2"
"34486","Breakfast & Dairy","Dairy & Eggs","Yogurt","Siggi's","Siggi's Icelandic Cream-Skyr 4% Milk Strained Whole Milk Yogurt Strawberry & Rhubarb","","Siggi's Icelandic Cream-Skyr 4% Milk Strained Whole Milk Yogurt Strawberry & Rhubarb","1.56","0.0","Market Basket","4.4 oz","4.4 oz","X756.jpg","","1"
"4233","Meat & Seafood","Packaged Meat & Seafood","Ham","Kentucky Legend","Kentucky Legend Brown Sugar Ham Steak","","Kentucky Legend Brown Sugar Ham Steak","3.49","0.0","Market Basket","8 oz","8 oz","16696.jpg","","22"
"6641","Beverages & Juices","Juices & Refrigerated Drinks","Refrigerated Drinks","Odwalla","Odwalla Mo Beta Fruit Juice Drink","","Odwalla Mo Beta Fruit Juice Drink","3.09","0.0","Market Basket","15.2 oz","15.2 oz","16551.jpg","","20"
"30895","Breakfast & Dairy","Dairy & Eggs","Yogurt","Chobani","Chobani Greek Yogurt Vanilla Blended","","Chobani Greek Yogurt Vanilla Blended","1.25","0.0","Market Basket","5.3 oz","5.3 oz","X102.jpg","","1"
"61","Kitchen & Cleaning","Air Fresheners & Candles","Other Air Fresheners & Candles","Air Wick","Air Wick Scented Oil Warmer","","Air Wick Scented Oil Warmer","1.29","1.0","Market Basket","1 count","1 count","4199.jpg","","15"
"7390","Cooking Needs","Spices & Seasonings","Spices & Seasonings","Spice Classics","Spice Classics Red Pepper","","Spice Classics Red Pepper","1.29","0.0","Market Basket","1.75 oz","1.75 oz","2256.jpg","","9"
"32273","Condiments & Dressings","Salad Dressings & Toppings","Salad Dressing & Toppings","Ken's Steak House","Ken's Seak House Lite Balasmic Vinaigette Dressing ","041335329558","Ken's Seak House Lite Balasmic Vinaigette Dressing ","3.49","0.0","Market Basket","16 fl oz","16 fl oz","X441.jpg","","2"
"8455","Condiments & Dressings","Marinades, Ketchup & Sauces","Marinades & Meat Preparation","Shake 'N Bake","Shake 'N Bake Original Chicken Seasoned Coating Mix","","Shake 'N Bake Original Chicken Seasoned Coating Mix","2.49","0.0","Market Basket","4.5 oz","4.5 oz","15563.jpg","","1"
"32121","Breakfast & Dairy","Cereal","Cereal","Kellogg's ","Kellogg's Frosted Mini Wheats Orignal ","038000199349","Kellogg's Frosted Mini Wheats Orignal ","3.75","0.0","Market Basket","18 oz","18 oz","X3370.jpg","","5"
"9877","Frozen Food","Frozen Produce","Frozen Produce","Market Basket","Market Basket Quick And Steamy Broccoli Florets","","Market Basket Quick And Steamy Broccoli Florets","1.29","0.0","Market Basket","12 oz","12 oz","Market Basket.jpg","","19"
"34532","Richardson's Farm Ice Cream","Ice Cream Toppings","Ice Cream Toppings","Smucker's","Smucker's Fudge Topping ","051500021231","Smucker's Fudge Topping ","2.5","0.0","Market Basket","15.5 oz","15.5 oz","X5122.jpg","","20"
"33334","Meat & Seafood","Packaged Meat & Seafood","Burger","Morning Stars Farms ","Morning Stars Farms Mediterranea Chikpea ","","Morning Stars Farms Mediterranea Chikpea ","4.61","0.0","Market Basket","9.5 oz","9.5 oz","X4772.jpg","","1"
"7335","Cooking Needs","Spices & Seasonings","Spices & Seasonings","McCormick","McCormick Parsley Flakes","","McCormick Parsley Flakes","4.89","0.0","Market Basket","1.2 oz","1.2 oz","2156.jpg","","9"
"3675","Fresh Produce","Fresh Fruits","Mandarin","Market Basket","Mandarins Bag","","Mandarins Bag","7.69","0.0","Market Basket","3 lb","3 lb","14189.jpg","","20"
"8018","Cooking Needs","Canned Food","Soup, Broth & Bouillon","Kitchen Basics","Kitchen Basics All Natural Original Chicken Stock","","Kitchen Basics All Natural Original Chicken Stock","3.09","0.0","Market Basket","32 fl oz","32 fl oz","17172.jpg","","2"
"31597","Frozen Food","Frozen Produce","Frozen Produce","Goya","Goya Frozen Recaito","041331090551","Goya Frozen Recaito","4.99","0.0","Market Basket","28 oz","28 oz","X4422.jpg","","18"
"5637","Chips, Cookies & Snacks","Candy & Chocolates","Mint & Gum","Dentyne","Dentyne Ice Pepermint Sugar Free Gum","","Dentyne Ice Pepermint Sugar Free Gum","1.29","0.0","Market Basket","16 ct","16 ct","1514.jpg","","3"
"12734","Breakfast & Dairy","Breads & Rolls","Bread","Market Basket","Roasted Garlic Ciabatta Bread","","Roasted Garlic Ciabatta Bread","4.39","0.0","Market Basket","15 oz","15 oz","Market Basket.jpg","","18"
"9907","Frozen Food","Frozen Dinners & Entrees","Frozen Vegan & Vegetarian","Boca","Boca Original Chik'n Vegan Patties","","Boca Original Chik'n Vegan Patties","4.09","0.0","Market Basket","4 x 10 oz","4 x 10 oz","2937.jpg","","1"
"31383","Breakfast & Dairy","Dairy & Eggs","Cottage Cheese","Friendship ","Friendship DAIRIES 1% MILKFAT LOW FAT COTTAGE CHEESE SPREADABLE Whipped","","Friendship DAIRIES 1% MILKFAT LOW FAT COTTAGE CHEESE SPREADABLE Whipped","3.36","0.0","Market Basket","16 oz","16 oz","X282.jpg","","1"
"34840","Breakfast & Dairy","Breads & Rolls","Bagels","Thomas","Thomas Bagels Cinnamon Raisin","048121292089","Thomas Bagels Cinnamon Raisin","5.86","0.0","Market Basket","20 oz","20 oz","X2610.jpg","","18"
"35104","Chips, Cookies & Snacks","Chips & Fruit Snacks","Fruit & Vegetable Snacks","Welch's","Welch's Fruit'n Yogurt Sncaks Strowberry ","034856810865","Welch's Fruit'n Yogurt Sncaks Strowberry ","2.5","0.0","Market Basket","6.4 oz","6.4 oz","X5159.jpg","","19"
"33763","Breakfast & Dairy","Dairy & Eggs","Yogurt","Yoplait","Oui By Yoplait lemon French Style Yogurt ","","Oui By Yoplait lemon French Style Yogurt ","1.74","0.0","Market Basket","5 oz","5 oz","X712.jpg","","1"
"35295","Richardson's Farm Ice Cream","Ice Cream","Blueberry","Richarson's Farm","Richarson's Farm Blueberry Pie Ice Cream 16% Butterfat","","Vanilla ice cream with pie crust crumble and blueberry pie filling","32.99","0.0","Richardson's Farm","3 Gal. Tub","3 Gal. Tub","RichardsonsFarm.jpg","",""
"35210","Breakfast & Dairy","Dairy & Eggs","Yogurt","Yoplait","Yoplait Original Made With Real fruit Strawberry ","","Yoplait Original Made With Real fruit Strawberry ","0.81","0.0","Market Basket","6 oz","6 oz","X944.jpg","","1"
"32864","Breakfast & Dairy","Breads & Rolls","Bread","Market Basket","Market Basket French Toast Bread 0 Grams Trans Fat","835841003527","Market Basket French Toast Bread 0 Grams Trans Fat","2.49","0.0","Market Basket","16 oz","16 oz","X2393.jpg","","18"
"14580","Beverages & Juices","Tea, Coffee, Milk & Coconut Water","Tea","POM","POM Super Tea Pomegranate Peach Passion White Tea","","POM Super Tea Pomegranate Peach Passion White Tea","1.89","0.0","Market Basket","12 oz","12 oz","16322.jpg","","8"
"7497","Cooking Needs","Canned Food","Canned & Jarred Vegetables","Libby's","Libby's Cream Style Sweet Corn","","Libby's Cream Style Sweet Corn","0.99","0.0","Market Basket","14.75 oz","14.75 oz","5091.jpg","","9"
"33970","Breakfast & Dairy","Breads & Rolls","Bread","Pepperidge Farm","Pepperidge Farm Farmhouse Honey Wheat Bread","014100098959","Pepperidge Farm Farmhouse Honey Wheat Bread","4.99","0.0","Market Basket","24 oz","24 oz","X2537.jpg","","18"
"15200","Personal Care","Personal Needs","Oral Hygiene","Efferdent","Efferdent Anti-Bacterial Denture Cleanser","","Efferdent Anti-Bacterial Denture Cleanser","4.93","1.0","Market Basket","40 count","40 count","17777.jpg","","13"
"33496","Breakfast & Dairy","Bars & Pastries","Breakfast Bars","Nature's Path","Nature's Path Sunrise Breakfast Bars Pumpkin - N - Spice","058449891017","Nature's Path Sunrise Breakfast Bars Pumpkin - N - Spice","4.99","0.0","Market Basket","6 x 1.2 oz","6 x 1.2 oz","X3529.jpg","","5"
"9172","Frozen Food","Frozen Dinners & Entrees","Frozen Appetizers & Sides","Ore-Ida","Ore Ida Golden Crispers French Fried Potatoes","","Ore Ida Golden Crispers French Fried Potatoes","3.59","0.0","Market Basket","20 oz","20 oz","2576.jpg","","19"
"7213","Cooking Needs","Spices & Seasonings","Spices & Seasonings","Emeril's","Emeril's Italian Seasoning Blend","","Emeril's Italian Seasoning Blend","3.69","0.0","Market Basket","0.77 oz","0.77 oz","15664.jpg","","9"
"35048","Frozen Food","Frozen Dessert","Frozen Dessert","Vitatops","Vitatops Wild Blueberry ","826246871996","Vitatops Wild Blueberry ","4.99","0.0","Market Basket","8 oz","8 oz","X5070.jpg","","19"
"32553","Condiments & Dressings","Pickled Goods & Olives","Pickled Goods & Olives","Levant ","Levant Mediterranean Delicacies Pure Carbo Molasses ","859215008000","Levant Mediterranean Delicacies Pure Carbo Molasses ","3.74","0.0","Market Basket","16 oz","16 oz","X2294.jpg","","2"
"14914","Personal Care","Feminine Care","Tampon","Tampax","Tampax Pearl Tampons Super","","Tampax Pearl Tampons Super","6.31","1.0","Market Basket","18 count","18 count","6510.jpg","","13"
"33213","Meat & Seafood","Packaged Meat & Seafood","Hot Dogs & Franks","Market Basket ","Market Basket Beef Franks ","","Market Basket Beef Franks ","9.99","0.0","Market Basket","2.5 lb","2.5 lb","X4566.jpg","","1"
"6578","Beverages & Juices","Juices & Refrigerated Drinks","Refrigerated Drinks","Bolthouse Farms","Bolthouse Farms Vanilla Chai Tea","","Bolthouse Farms Vanilla Chai Tea","6.09","0.0","Market Basket","52 fl oz","52 fl oz","3826.jpg","","20"
"33116","Condiments & Dressings","Marinades, Ketchup & Sauces","Ketchup","Market Basket ","Market Basket Organic Tomato Ketchup Lactose Free Vegan Gluten Free","049705027516","Market Basket Organic Tomato Ketchup Lactose Free Vegan Gluten Free","1.88","0.0","Market Basket","12 oz","12 oz","X2133.jpg","","2"
"7140","Cooking Needs","Oils & Vinegars","Oils & Vinegars","Marukan","Marukan Lite Rice Vinegar Dressing","","Marukan Lite Rice Vinegar Dressing","3.69","0.0","Market Basket","12 fl oz","12 fl oz","15515.jpg","","2"
"6520","Chips, Cookies & Snacks","Nuts, Seeds & Dried Fruit","Nuts, Seeds & Dried Fruit","Sunmaid","Sunmaid Raisins","","Sunmaid Raisins","5.36","0.0","Market Basket","22.58 oz","22.58 oz","No Image.jpg","","6"
"6924","Cooking Needs","Baking & Cooking","Baking Ingredients","Toll House","Toll House Premier White Morsels","","Toll House Premier White Morsels","3.09","0.0","Market Basket","12 oz","12 oz","2359.jpg","","8"
"31218","Cooking Needs","Canned Food","Baked Beans","Eden","Eden Orgaic Baked Beans With SWeet Sorghum Hearty Low Sodium ","","Eden Orgaic Baked Beans With SWeet Sorghum Hearty Low Sodium ","3.99","0.0","Market Basket","15 oz","15 oz","X1810.jpg","","2"
"31044","Breakfast & Dairy","Granola & Oats","Oats","Cream of Wheat ","Cream of Wheat Instant Banana's & Cream Hot Cereal","072400060472","Cream of Wheat Instant Banana's & Cream Hot Cereal","4.49","0.0","Market Basket","10 x 1.23 oz","10 x 1.23 oz","X3556.jpg","","5"
"32756","Frozen Food","Frozen Dessert","Frozen Dessert","Marie Callender's","Marie Callender's Turkey Pot Pie","021131501143","Marie Callender's Turkey Pot Pie","2.5","0.0","Market Basket","10 oz","10 oz","X4132.jpg","","18"
"31204","Pasta & Sauces","Raw Pasta","Raw Pasta","Dreamfields","Dreamfields Vegan Pasta Penne Rigate","767387034195","Dreamfields Vegan Pasta Penne Rigate","2.5","0.0","Market Basket","13.25 oz","13.25 oz","X1582.jpg","","4"
"4990","Chips, Cookies & Snacks","Chips & Fruit Snacks","Chips & Pretzels","Utz","Utz No Salt Added Original Potato Chips Family Size","","Utz No Salt Added Original Potato Chips Family Size","4.69","0.0","Market Basket","9 oz","9 oz","854.jpg","","0"
"31025","Breakfast & Dairy","Breads & Rolls","Bread","Country Kitchen","Country Kitchen Canadian Wheat Bread","073402112800","Country Kitchen Canadian Wheat Bread","3.74","0.0","Market Basket","22 oz","22 oz","X2463.jpg","","18"
"10031","Frozen Food","Ice Cream & Ice","Ice Cream & Ice","Friendly's","Friendly's Chocolate Cake Krunch Ice Cream Bar","","Friendly's Chocolate Cake Krunch Ice Cream Bar","3.69","0.0","Market Basket","6 x 2.75 fl oz","6 x 2.75 fl oz","3060.jpg","","21"
"5284","Chips, Cookies & Snacks","Chips & Fruit Snacks","Chips & Pretzels","Market Basket","Market Basket Cruncy Cheese Stix Cheddar Cheese","","Market Basket Cruncy Cheese Stix Cheddar Cheese","3.13","0.0","Market Basket","9 oz","9 oz","Market Basket.jpg","","0"
"10041","Frozen Food","Ice Cream & Ice","Ice Cream & Ice","Friendly's","Friendly's Premium Ice Cream Cookies 'n Cream","","Friendly's Premium Ice Cream Cookies 'n Cream","3.69","0.0","Market Basket","1.5 quart","1.5 quart","3056.jpg","","21"
"5596","Chips, Cookies & Snacks","Candy & Chocolates","Candy & Chocolate","Tootsie","Dots Assorted Fruit Flavored Gumdrops","","Dots Assorted Fruit Flavored Gumdrops","1.29","0.0","Market Basket","7.5 oz","7.5 oz","14916.jpg","","3"
"31206","Condiments & Dressings","Salad Dressings & Toppings","Salad Dressing & Toppings","Drew's","Drew's Orgaics Creamy Ranch Dressing ","","Drew's Orgaics Creamy Ranch Dressing ","4.36","0.0","Market Basket","12 fl oz","12 fl oz","X236.jpg","","2"
"3624","Fresh Produce","Fresh Fruits","Apple","Market Basket","Gala Apple","","Gala Apple","0.64","0.0","Market Basket","1 count","1 count","14186.jpg","","20"
"537","Laundry & Paper Goods","Laundry","Laundry Detergent","all","all stainlifters free clear detergent 24 Loads Laundry Detergent","","all stainlifters free clear detergent 24 Loads Laundry Detergent","3.74","1.0","Market Basket","36 fl oz","36 fl oz","No Image.jpg","","15"
"34190","Beverages & Juices","Tea, Coffee, Milk & Coconut Water","Tea","Pure Leaf","Pure Leaf Organic Green Tea ","01271700","Pure Leaf Organic Green Tea ","2.86","0.0","Market Basket","14 fl oz","14 fl oz","X2958.jpg","","10"
"14361","Breakfast & Dairy","Tea & Coffee","Coffee","Dunkin' Donuts","Dunkin' Donuts Medium Roast Whole Bean Coffee Original Blend","","Dunkin' Donuts Medium Roast Whole Bean Coffee Original Blend","8.59","0.0","Market Basket","12 oz","12 oz","3383.jpg","","8"
"4176","Meat & Seafood","Packaged Meat & Seafood","Beef","Market Basket","Market Basket 93% Lean Ground Beef","","Market Basket 93% Lean Ground Beef","6.75","0.0","Market Basket","Approx: 1.23 lb at $5.49/lb","Approx: 1.23 lb at $5.49/lb","4073.jpg","","22"
"32394","Beverages & Juices","Juices & Refrigerated Drinks","Juice & Nectars","Kool-Aid","Kool Aid Jammers Tropical Punch","043000028254","Kool Aid Jammers Tropical Punch","2.5","0.0","Market Basket","10 x 6 fl oz","10 x 6 fl oz","X3077.jpg","","10"
"31192","Frozen Food","Frozen Dinners & Entrees","Frozen Appetizers & Sides","Dr.Praeger's","Dr.Praeger's Kids Gluten Free Broccoli Littles","080868002460","Dr.Praeger's Kids Gluten Free Broccoli Littles","5.49","0.0","Market Basket","10 oz","10 oz","X4153.jpg","","18"
"33099","Cooking Needs","Oils & Vinegars","Oils & Vinegars","Market Basket ","Market Basket Naturally Cholosterol Free Vegetabe Oil ","049705041833","Market Basket Naturally Cholosterol Free Vegetabe Oil ","4.99","0.0","Market Basket","32 fl oz","32 fl oz","X1914.jpg","","2"
"13494","Breakfast & Dairy","Dairy & Eggs","Milk","Market Basket","Market Basket Almond Break All Natural Almondmilk","","Market Basket Almond Break All Natural Almondmilk","3.69","0.0","Market Basket","0.5 gal","0.5 gal","Market Basket.jpg","","1"
"7165","Cooking Needs","Oils & Vinegars","Oils & Vinegars","Pure Wesson","Pure Wesson Vegetable Oil","","Pure Wesson Vegetable Oil","4.29","0.0","Market Basket","48 fl oz","48 fl oz","1822.jpg","","2"
"3574","Fresh Produce","Fresh Vegetables","Cauliflower","Market Basket","Cauliflower Heads","","Cauliflower Heads","5.62","0.0","Market Basket","1 bag","1 bag","14448.jpg","","20"
"362","Kitchen & Cleaning","Food Storage & Kitchen Supplies","Storage Containers","Ziploc","Ziploc Containers & Lids, Square, Medium, 1.25 Quart","","Ziploc Containers & Lids, Square, Medium, 1.25 Quart","3.49","1.0","Market Basket","3 count","3 count","4395.jpg","","12"
"34482","Cooking Needs","Rice & Grains","Instant Rice","Seeds of Change","Seeds of Change Organic Spanish Style Rice with Quinoa, Peppers & Corn ","748404471056","Seeds of Change Organic Spanish Style Rice with Quinoa, Peppers & Corn ","3.13","0.0","Market Basket","8.5 oz","8.5 oz","X977.jpg","","4"
"31617","Frozen Food","Frozen Dinners & Entrees","Frozen Appetizers & Sides","Grando's","Grando's Hand Crafted Street Pizza Four Cheese","826105000574","Grando's Hand Crafted Street Pizza Four Cheese","3.74","0.0","Market Basket","6.35 oz","6.35 oz","X4795.jpg","","19"
"33513","Breakfast & Dairy","Cereal","Cereal","Nature's Path","Nature's Path Organic Purple Acai Cereal","058449189091","Nature's Path Organic Purple Acai Cereal","4.99","0.0","Market Basket","10.6 oz","10.6 oz","X3684.jpg","","5"
"13586","Breakfast & Dairy","Dairy & Eggs","Other Creams & Cheeses","Market Basket","Market Basket Cream Cheese","","Market Basket Cream Cheese","1.89","0.0","Market Basket","8 oz","8 oz","Market Basket.jpg","","1"
"6274","Beverages & Juices","Water","Water","Glaceau","Glaceau Smart Water","","Glaceau Smart Water","1.24","0.0","Market Basket","23.7 fl oz","23.7 fl oz","No Image.jpg","","11"
"30337","Pasta & Sauces","Raw Pasta","Raw Pasta","Barilla","Barilla Pasta Campanelle","076808514339","Barilla Pasta Campanelle","1.74","0.0","Market Basket","1 lb","1 lb","X1641.jpg","","4"
"9023","Condiments & Dressings","Preserved Dips & Spreads","Spreads","Peter Pan","Peter Pan Creamy Reduced Fat Peanut Spread","","Peter Pan Creamy Reduced Fat Peanut Spread","3.09","0.0","Market Basket","16.3 oz","16.3 oz","15419.jpg","","3"
"33570","Cooking Needs","Rice & Grains","Instant Rice","Near East ","Near East Couscous mix Parmeasan with other Natural flavor","072251001563","Near East Couscous mix Parmeasan with other Natural flavor","1.88","0.0","Market Basket","5.9 oz","5.9 oz","X1032.jpg","","4"
"4001","Fresh Produce","Fresh Vegetables","Squash","Market Basket","Spaghetti Squash","","Spaghetti Squash","1.42","0.0","Market Basket","1 lb","1 lb","f284.jpg","","20"
"3956","Fresh Produce","Fresh Vegetables","Radish","Market Basket","Cello Radishes","","Cello Radishes","1.64","0.0","Market Basket","1 bag(s)","1 bag(s)","f270.jpg","","20"
"10414","Cooking Needs","Canned Food","Canned Food","Goya","Goya Lima Beans Large","","Goya Lima Beans Large","2.49","0.0","Market Basket","16 oz","16 oz","5819.jpg","","7"
"30699","Meat & Seafood","Packaged Meat & Seafood","Ham","Buddig","Buddig Honey Ham ","","Buddig Honey Ham ","4.99","0.0","Market Basket","16 oz","16 oz","X4524.jpg","","1"
"4296","Meat & Seafood","Meat & Seafood Counter","Mackerel","Market Basket","Market Basket Spanish Mackerel","","Market Basket Spanish Mackerel","6.09","0.0","Market Basket","Approx: 1.00 lb at $6.09/lb","Approx: 1.00 lb at $6.09/lb","Market Basket.jpg","","22"
"6407","Beverages & Juices","Water","Sparkling Water","Spindrift","Spindrift Sparkling Water Cranberry Raspberry","","Spindrift Sparkling Water Cranberry Raspberry","6.24","0.0","Market Basket","8 x 12 fl oz","8 x 12 fl oz","16215.jpg","","11"
"33113","Condiments & Dressings","Pickled Goods & Olives","Dill Spears","Market Basket ","Market Basket Dill Kosher Spears Pickels ","049705018736","Market Basket Dill Kosher Spears Pickels ","2.5","0.0","Market Basket","24 fl oz","24 fl oz","X3298.jpg","","2"
"9398","Frozen Food","Frozen Dinners & Entrees","Frozen Meal","Atkins","Atkins Beef Merlot","","Atkins Beef Merlot","4.29","0.0","Market Basket","9 oz","9 oz","15953.jpg","","18"
"15030","Personal Care","Personal Needs","Deodorants","Dove","Dove Dry Spray Antiperspirant Cool Essentials","","Dove Dry Spray Antiperspirant Cool Essentials","9.88","1.0","Market Basket","3 oz","3 oz","18126.jpg","","13"
"5141","Chips, Cookies & Snacks","Cookies & Crackers","Cookies & Cakes","Stauffer's","Stauffer's Animal Crackers Original","","Stauffer's Animal Crackers Original","4.67","0.0","Market Basket","16 oz","16 oz","14984.jpg","","6"
"32243","Condiments & Dressings","Salad Dressings & Toppings","Salad Dressing & Toppings","Ken's Steak House","Ken's Seak House Garlic Parmesan Dressing ","041335365501","Ken's Seak House Garlic Parmesan Dressing ","3.49","0.0","Market Basket","16 fl oz","16 fl oz","X411.jpg","","2"
"7300","Cooking Needs","Spices & Seasonings","Spices & Seasonings","McCormick","McCormick GourmetÃ¢âÂ¢ Organic Whole Nutmeg","","McCormick GourmetÃ¢âÂ¢ Organic Whole Nutmeg","7.39","0.0","Market Basket","1.5 oz","1.5 oz","2186.jpg","","9"
"32519","Frozen Food","Frozen Dinners & Entrees","Frozen Meal","Lean Cuisine ","Lean Cuisine Vermont White Cheddar Mac & Cheese","013800366047","Lean Cuisine Vermont White Cheddar Mac & Cheese","3.13","0.0","Market Basket","8 oz","8 oz","X4240.jpg","","18"
"7442","Cooking Needs","Canned Food","Canned & Jarred Vegetables","Goya","Goya Crushed Tomatillos","","Goya Crushed Tomatillos","3.09","0.0","Market Basket","26 oz","26 oz","No Image.jpg","","9"
"32694","Cooking Needs","Oils & Vinegars","Oils & Vinegars","Manzola","Manzola Hearty Healthy 100% Pure Mazola Canola Oil Cholesterol Free ","761720980781","Manzola Hearty Healthy 100% Pure Mazola Canola Oil Cholesterol Free ","6.24","0.0","Market Basket","128 fl oz","128 fl oz","X1933.jpg","","2"
"30626","Frozen Food","Frozen Dinners & Entrees","Frozen Meal","Boston Market","Boston Market Meatloaf","738912022307","Boston Market Meatloaf","3.36","0.0","Market Basket","14 oz","14 oz","X4133.jpg","","18"
"32373","Cooking Needs","Rice & Grains","Rice/Pasta Sides","Knorr","Knorr Fiesta Sides Mexican Rice","041000023026","Knorr Fiesta Sides Mexican Rice","1.25","0.0","Market Basket","5.4 oz","5.4 oz","X1181.jpg","","4"
"10202","Frozen Food","Ice Cream & Ice","Ice Cream & Ice","Popsicle","Popsicle Ice Pops Jolly Rancher","","Popsicle Ice Pops Jolly Rancher","4.39","0.0","Market Basket","18 count","18 count","17993.jpg","","21"
"33118","Condiments & Dressings","Marinades, Ketchup & Sauces","Marinades & Meat Preparation","Market Basket ","Market Basket BBQ Barbecue Sauce Hickory Serving Suggestion","049705027462","Market Basket BBQ Barbecue Sauce Hickory Serving Suggestion","2.5","0.0","Market Basket","18 oz","18 oz","X2087.jpg","","2"
"35196","Breakfast & Dairy","Dairy & Eggs","Yogurt","Yoplait","Yoplait Go Gurt Fizzy Low Fat Yogurt Strawberry Mayhem & Bee Do Bee Do Berry","","Yoplait Go Gurt Fizzy Low Fat Yogurt Strawberry Mayhem & Bee Do Bee Do Berry","2.99","0.0","Market Basket","8 x 2 oz","8 x 2 oz","X298.jpg","","1"
"5126","Chips, Cookies & Snacks","Cookies & Crackers","Cookies & Cakes","Pepperidge Farm Milano","Pepperidge Farm Milano Mint Chocolate Cookies","","Pepperidge Farm Milano Mint Chocolate Cookies","4.69","0.0","Market Basket","7 oz","7 oz","1152.jpg","","6"
"33997","Breakfast & Dairy","Breads & Rolls","Buns","Pepperidge Farm","Pepperidge Farm Rustic Potato Bigger Boulder Burger Buns","014100046714","Pepperidge Farm Rustic Potato Bigger Boulder Burger Buns","4.99","0.0","Market Basket","20 oz","20 oz","X2513.jpg","","18"
"4664","Meat & Seafood","Canned Meat & Seafood","Canned Sardines","Goya","Goya Sardines with Lemon in Oil","","Goya Sardines with Lemon in Oil","2.49","0.0","Market Basket","4.25 oz","4.25 oz","5228.jpg","","2"
"9019","Condiments & Dressings","Preserved Dips & Spreads","Spreads","Nutella","Nutella Hazelnut Spread With Cocoa","","Nutella Hazelnut Spread With Cocoa","7.39","0.0","Market Basket","26.5 oz","26.5 oz","15405.jpg","","3"
"33276","Condiments & Dressings","Pickled Goods & Olives","Pepperonicini","Mezzetta ","Mezzetta Snice 1935 Family Co Golden Greek Peperoncini Medium Heat ","073214003280","Mezzetta Snice 1935 Family Co Golden Greek Peperoncini Medium Heat ","5.61","0.0","Market Basket","32 fl oz","32 fl oz","X3266.jpg","","2"
"34233","Breakfast & Dairy","Cereal","Cereal","Quaker","Quaker Oatmeal Squares Cinnamon","030000061534","Quaker Oatmeal Squares Cinnamon","4.61","0.0","Market Basket","14.5 oz","14.5 oz","X3415.jpg","","5"
"7266","Cooking Needs","Spices & Seasonings","Spices & Seasonings","McCormick","McCormick Coconut Extract With Other Natural Flavors","","McCormick Coconut Extract With Other Natural Flavors","3.69","0.0","Market Basket","1 fl oz","1 fl oz","2140.jpg","","9"
"136","Kitchen & Cleaning","Cleaning Products","Mop","Swiffer","Swiffer Sweeper Dry Sweeping Pad Multi Surface Refills for Dusters floor mop,","","Swiffer Sweeper Dry Sweeping Pad Multi Surface Refills for Dusters floor mop,","5.39","1.0","Market Basket","16 count","16 count","18054.jpg","","15"
"34740","Breakfast & Dairy","Bars & Pastries","Granola Bars","Sunbelt Bakery ","Sunbelt Bakery Apple Cinnamon Granola Bars","024300031816","Sunbelt Bakery Apple Cinnamon Granola Bars","3.13","0.0","Market Basket","11 oz","11 oz","X3800.jpg","","5"
"4917","Chips, Cookies & Snacks","Chips & Fruit Snacks","Chips & Pretzels","Ruffles","Ruffles Double Crunch Hot Wings","","Ruffles Double Crunch Hot Wings","6.23","0.0","Market Basket","7.75 oz","7.75 oz","No Image.jpg","","0"
"14787","Personal Care","Body Wash, Soap & Hair Care","Hair Care","Smooth'n Shine","Smooth'n Shine Polishing Bodifying Mousse Sweet Almond Oil Extra Hold","","Smooth'n Shine Polishing Bodifying Mousse Sweet Almond Oil Extra Hold","5.62","1.0","Market Basket","9 oz","9 oz","17845.jpg","","13"
"6696","Breakfast & Dairy","Bars & Pastries","Protien Bars","Atkins","Atkins Snack Bar Cranberry Almond","","Atkins Snack Bar Cranberry Almond","7.39","0.0","Market Basket","5 x 1.23 oz","5 x 1.23 oz","17672.jpg","","5"
"7564","Cooking Needs","Canned Food","Canned & Jarred Vegetables","Pastene","Pastene Chick Peas","","Pastene Chick Peas","1.29","0.0","Market Basket","14 oz","14 oz","4973.jpg","","9"
"4264","Meat & Seafood","Packaged Meat & Seafood","Salmon","Acme","Acme Salmon, Smoked Nova","","Acme Salmon, Smoked Nova","6.89","0.0","Market Basket","3 oz","3 oz","4142.jpg","","22"
"33380","Frozen Food","Frozen Dinners & Entrees","Frozen Appetizers & Sides","Mrs.Paul's","Mrs.Paul's Lightly Braded Haddock Fillets","011162102358","Mrs.Paul's Lightly Braded Haddock Fillets","4.86","0.0","Market Basket","8 oz","8 oz","X4392.jpg","","18"
"5152","Chips, Cookies & Snacks","Cookies & Crackers","Crackers","Blue Diamond","Blue Diamond Nut Thins Country Ranch Nut & Rice Cracker Snacks","","Blue Diamond Nut Thins Country Ranch Nut & Rice Cracker Snacks","4.69","0.0","Market Basket","4.25 oz","4.25 oz","1240.jpg","","6"
"32380","Breakfast & Dairy","Breads & Rolls","Buns","Koffee Kup Bakery","Koffee Kup Bakery Hot Dog Buns","074016016478","Koffee Kup Bakery Hot Dog Buns","3.74","0.0","Market Basket","14.4 oz","14.4 oz","X2581.jpg","","18"
"34267","Breakfast & Dairy","Granola & Oats","Oats","Quaker ","Quaker Fruit & Cream ( Strawberries & Cream, Peaches & Cream, Blueberries & Cream, Banana's & Cream) Instant Oatmeal","030000568286","Quaker Fruit & Cream ( Strawberries & Cream, Peaches & Cream, Blueberries & Cream, Banana's & Cream) Instant Oatmeal","3.13","0.0","Market Basket","8 x 1.05 oz","8 x 1.05 oz","X3590.jpg","","5"
"13693","Breakfast & Dairy","Dairy & Eggs","Packaged Cheese","High Valley Farm","High Valley Farm Extra Sharp Aged Cheddar Cheese","","High Valley Farm Extra Sharp Aged Cheddar Cheese","3.09","0.0","Market Basket","10 oz","10 oz","Market Basket.jpg","","1"
"241","Kitchen & Cleaning","Dish Detergents","Dish Liquid","Market Basket","Market Basket Green Apple Liquid Detergent","","Market Basket Green Apple Liquid Detergent","2.49","1.0","Market Basket","20 fl oz","20 fl oz","Market Basket.jpg","","15"
"14684","Personal Care","Body Wash, Soap & Hair Care","Body Wash","Dial","Dial Body Wash Coconut Water Hydrating Body Wash","","Dial Body Wash Coconut Water Hydrating Body Wash","5.62","1.0","Market Basket","16 fl oz","16 fl oz","17743.jpg","","13"
"14915","Personal Care","Feminine Care","Tampon","Tampax","Tampax Pearl Tampons Super Absorbency Scented","","Tampax Pearl Tampons Super Absorbency Scented","6.31","1.0","Market Basket","18 count","18 count","6507.jpg","","13"
"33773","Frozen Food","Frozen Dinners & Entrees","Frozen Appetizers & Sides","P.F.Chang's","P.F.Chang's Sweet & Sour Chicken","031000670061","P.F.Chang's Sweet & Sour Chicken","8.11","0.0","Market Basket","22 oz","22 oz","X3978.jpg","","18"
"32706","Condiments & Dressings","Salad Dressings & Toppings","Dressing","Maple Grove Farms","Maple Grove Farms of Vermont Maple Balsamic Vinigrette ","","Maple Grove Farms of Vermont Maple Balsamic Vinigrette ","3.11","0.0","Market Basket","15 fl oz","15 fl oz","X1710.jpg","","2"
"13858","Breakfast & Dairy","Dairy & Eggs","Refrigerated Pudding & Desserts","Swiss Miss","Swiss Miss Old Fashioned Tapioca Pudding","","Swiss Miss Old Fashioned Tapioca Pudding","3.09","0.0","Market Basket","6 x 4 oz","6 x 4 oz","828.jpg","","19"
"32218","Breakfast & Dairy","Cereal","Mini Cereal","Kellogg's ","Kellogg's Fruit Loops ","038000219740","Kellogg's Fruit Loops ","0.41","0.0","Market Basket","0.95 oz","0.95 oz","X3631.jpg","","5"
"13818","Breakfast & Dairy","Dairy & Eggs","Refrigerated Pudding & Desserts","Jell-O","Jell o Jell O Pudding Ready To Eat Chocolate Vanilla Swirl Fat Free","","Jell o Jell O Pudding Ready To Eat Chocolate Vanilla Swirl Fat Free","2.49","0.0","Market Basket","4 x 3.9 oz","4 x 3.9 oz","802.jpg","","1"
"6497","Chips, Cookies & Snacks","Nuts, Seeds & Dried Fruit","Nuts, Seeds & Dried Fruit","David","David Roasted & Salted Sunflower Kernels","","David Roasted & Salted Sunflower Kernels","2.74","0.0","Market Basket","8.5 oz","8.5 oz","No Image.jpg","","6"
"10201","Frozen Food","Ice Cream & Ice","Ice Cream & Ice","Popsicle","Popsicle Ice Pops Disney Frozen Minis","","Popsicle Ice Pops Disney Frozen Minis","4.39","0.0","Market Basket","20 count","20 count","3154.jpg","","21"
"546","Laundry & Paper Goods","Laundry","Laundry Detergent","Gain","Gain Aroma Boost Liquid Laundry Detergent, blissful breeze","","Gain Aroma Boost Liquid Laundry Detergent, blissful breeze","13.74","1.0","Market Basket","100 fl oz","100 fl oz","No Image.jpg","","15"
"30221","Cooking Needs","Canned Food","Baked Beans","B&M","B&M Brick Oven Baked Boston's Best Baked Beans ","","B&M Brick Oven Baked Boston's Best Baked Beans ","1.49","0.0","Market Basket","16 oz","16 oz","X1813.jpg","","2"
"31210","Meat & Seafood","Canned Meat & Seafood","Chicken","Dutch Colony ","Dutch Colony Luncheon Meat Pork & Chicken ","","Dutch Colony Luncheon Meat Pork & Chicken ","2.11","0.0","Market Basket","12 oz","12 oz","X1860.jpg","","2"
"14858","Personal Care","Body Wash, Soap & Hair Care","Soap","Market Basket","Market Basket Cucumber Melon Liquid Hand Soap","","Market Basket Cucumber Melon Liquid Hand Soap","1.71","1.0","Market Basket","7.5 fl oz","7.5 fl oz","Market Basket.jpg","","13"
"14757","Personal Care","Body Wash, Soap & Hair Care","Hair Care","L'Oreal","L'Oreal Paris Studio Line Max Hold Mega Spritz","","L'Oreal Paris Studio Line Max Hold Mega Spritz","6.77","1.0","Market Basket","8.5 fl oz","8.5 fl oz","17823.jpg","","13"
"31812","Meat & Seafood","Packaged Meat & Seafood","Bacon","Hormel ","Hormel Natural Choise Original Uncured Bacon","","Hormel Natural Choise Original Uncured Bacon","6.24","0.0","Market Basket","12 oz","12 oz","X4472.jpg","","1"
"42","Kitchen & Cleaning","Air Fresheners & Candles","Air Freshener","Citrus Magic","Citrus Magic Fresh Citrus Solid Air Freshener","","Citrus Magic Fresh Citrus Solid Air Freshener","4.69","1.0","Market Basket","8 oz","8 oz","4247.jpg","","15"
"15251","Personal Care","Personal Needs","Oral Hygiene","Plackers","Plackers Flossers, with Fluoride, Kids 1st","","Plackers Flossers, with Fluoride, Kids 1st","2.75","1.0","Market Basket","48 count","48 count","17780.jpg","","13"
"31256","Frozen Food","Frozen Breakfast","Frozen Burrito","Evol","Evol Chicken, Bean and Rice Burrito","891627002504","Evol Chicken, Bean and Rice Burrito","2.11","0.0","Market Basket","6 oz","6 oz","X4813.jpg","","19"
"6500","Chips, Cookies & Snacks","Nuts, Seeds & Dried Fruit","Nuts, Seeds & Dried Fruit","Planters","Planters Dry Roasted Pistachios","","Planters Dry Roasted Pistachios","9.99","0.0","Market Basket","12.75 oz","12.75 oz","No Image.jpg","","6"
"35254","Richardson's Farm Ice Cream","Ice Cream","Coffee","Richarson's Farm","Richarson's Farm Coffee Oreo Ice Cream 16% Butterfat","","Coffee ice cream with Oreo Cookies","32.99","0.0","Richardson's Farm","3 Gal. Tub","3 Gal. Tub","RichardsonsFarm.jpg","",""
"9905","Frozen Food","Frozen Dinners & Entrees","Frozen Vegan & Vegetarian","Boca","Boca All American Veggie Burgers","","Boca All American Veggie Burgers","4.09","0.0","Market Basket","4 x 10 oz","4 x 10 oz","2939.jpg","","1"
"31530","Beverages & Juices","Tea, Coffee, Milk & Coconut Water","Tea","Gold Peak Tea","Gold Peak Tea Sweet with real Sugar","083900005757","Gold Peak Tea Sweet with real Sugar","1.66","0.0","Market Basket","18.5 fl oz","18.5 fl oz","X2937.jpg","","10"
"9409","Frozen Food","Frozen Dinners & Entrees","Frozen Meal","Barber Foods","Barber Foods Breaded Raw Stuffed Chicken Breasts Cordon Blue 2Ct","","Barber Foods Breaded Raw Stuffed Chicken Breasts Cordon Blue 2Ct","4.89","0.0","Market Basket","2 count","2 count","15886.jpg","","1"
"4071","Meat & Seafood","Meat & Seafood Counter","Beef","Market Basket","Market Basket 85% Lean Ground Beef","","Market Basket 85% Lean Ground Beef","11.69","0.0","Market Basket","1 lb","1 lb","4045.jpg","","22"
"7217","Cooking Needs","Spices & Seasonings","Spices & Seasonings","Goya","Goya Adobo Light All Purpose Seasoning With Pepper","","Goya Adobo Light All Purpose Seasoning With Pepper","1.99","0.0","Market Basket","8 oz","8 oz","2236.jpg","","9"
"34057","Chips, Cookies & Snacks","Chips & Fruit Snacks","Popcorn","Pop Secret ","Pop Secret Movie Theater Butter Natural Flavor","023896577005","Pop Secret Movie Theater Butter Natural Flavor","4.74","0.0","Market Basket","19.20 oz","19.20 oz","X4961.jpg","","19"
"175","Kitchen & Cleaning","Cleaning Products","Other Cleaning Products","Scotch-Brite","Scotch-Brite Dobie Cleaning Pad","","Scotch-Brite Dobie Cleaning Pad","2.99","1.0","Market Basket","3 count","3 count","4304.jpg","","15"
"32013","Frozen Food","Frozen Dinners & Entrees","Frozen Meal","Kahiki","Kahiki Chicken fried rice, Bowl & Roll","054347311084","Kahiki Chicken fried rice, Bowl & Roll","3.13","0.0","Market Basket","12 oz","12 oz","X3959.jpg","","18"
"13889","Breakfast & Dairy","Dairy & Eggs","Soy & Lactose-Free","Market Basket","Market Basket Lactose Free Fat Free Milk","","Market Basket Lactose Free Fat Free Milk","3.69","0.0","Market Basket","0.5 gal","0.5 gal","Market Basket.jpg","","1"
"9870","Frozen Food","Frozen Produce","Frozen Produce","Market Basket","Market Basket Pearl Onions","","Market Basket Pearl Onions","1.69","0.0","Market Basket","16 oz","16 oz","Market Basket.jpg","","19"
"32032","Breakfast & Dairy","Cereal","Cereal","Kashi","Kashi Organic Blueberry Clusters","018627510031","Kashi Organic Blueberry Clusters","3.75","0.0","Market Basket","13.4 oz","13.4 oz","X3706.jpg","","5"
"15168","Personal Care","Personal Needs","Oral Hygiene","Colgate","Colgate Plus Toothbrush Medium","","Colgate Plus Toothbrush Medium","2.17","1.0","Market Basket","1 count","1 count","6387.jpg","","13"
"5462","Chips, Cookies & Snacks","Candy & Chocolates","Candy & Chocolate","Hershey's","Hershey's Nuggets Assortment Candy","","Hershey's Nuggets Assortment Candy","12.48","0.0","Market Basket","31.5 oz","31.5 oz","985.jpg","","3"
"31205","Condiments & Dressings","Salad Dressings & Toppings","Salad Dressing & Toppings","Drew's","Drew's Orgaics Rosemary Balsamic Dressing & Quick Marinade","","Drew's Orgaics Rosemary Balsamic Dressing & Quick Marinade","4.36","0.0","Market Basket","12 fl oz","12 fl oz","X235.jpg","","2"
"10131","Frozen Food","Ice Cream & Ice","Ice Cream & Ice","Lactaid","Lactaid 100% Lactose Free Ice Cream Vanilla","","Lactaid 100% Lactose Free Ice Cream Vanilla","3.89","0.0","Market Basket","1 quart","1 quart","16126.jpg","","21"
"10435","Cooking Needs","Rice & Grains","Grains, Rice & Dried Goods","Market Basket","Market Basket Enriched Long Grain Rice","","Market Basket Enriched Long Grain Rice","1.59","0.0","Market Basket","2.2 lb","2.2 lb","Market Basket.jpg","","4"
"7534","Cooking Needs","Canned Food","Canned & Jarred Vegetables","Market Basket","Market Basket Watermelon Sour Jacks","","Market Basket Watermelon Sour Jacks","1.29","0.0","Market Basket","5 oz","5 oz","Market Basket.jpg","","9"
"34578","Beverages & Juices","Tea, Coffee, Milk & Coconut Water","Tea","Snapple","Snapple All Natural Lemonade Iced Tea Half n half Low Calorie","","Snapple All Natural Lemonade Iced Tea Half n half Low Calorie","7.49","0.0","Market Basket","12 x 16 fl oz","12 x 16 fl oz","X2995.jpg","","10"
"7541","Cooking Needs","Canned Food","Canned & Jarred Vegetables","Market Basket","Market Basket Whole Peeled Tomatoes In Tomato Juice","","Market Basket Whole Peeled Tomatoes In Tomato Juice","1.29","0.0","Market Basket","28 oz","28 oz","Market Basket.jpg","","9"
"4104","Meat & Seafood","Meat & Seafood Counter","Beef","Market Basket","Obertos All-Natural Peppered Beef Jerky","","Obertos All-Natural Peppered Beef Jerky","6.69","0.0","Market Basket","1 lb","1 lb","Market Basket.jpg","","22"
"14947","Personal Care","First Aid & Healthcare","Digestion","Tums","Tums Antacid Ultra Strength 1000 Chewable Tablets Tropical Fruit","","Tums Antacid Ultra Strength 1000 Chewable Tablets Tropical Fruit","7.0","1.0","Market Basket","72 count","72 count","6647.jpg","","13"
"30590","Cooking Needs","Baking & Cooking","Flour","Bob's Red Mill","Bob's Red  Mill All-Purpose Baking Flour ","039978024527","Bob's Red  Mill All-Purpose Baking Flour ","5.36","0.0","Market Basket","22 oz","22 oz","X5298.jpg","","3"
"31261","Frozen Food","Frozen Dinners & Entrees","Frozen Appetizers & Sides","Evol ","Evol Teriyaki Chicken","891627009008","Evol Teriyaki Chicken","3.74","0.0","Market Basket","9 oz","9 oz","X4319.jpg","","18"
"3925","Fresh Produce","Fresh Vegetables","Pepper","Market Basket","Stoplight Peppers","","Stoplight Peppers","4.36","0.0","Market Basket","1 lb","1 lb","f254.jpg","","20"
"6635","Beverages & Juices","Juices & Refrigerated Drinks","Refrigerated Drinks","Odwalla","Odwalla Fruit Smooth Blend, Mango Tango","","Odwalla Fruit Smooth Blend, Mango Tango","9.79","0.0","Market Basket","64 oz","64 oz","3804.jpg","","20"
"8985","Condiments & Dressings","Preserved Dips & Spreads","Spreads","Jif","Jif Creamy Peanut Butter","","Jif Creamy Peanut Butter","7.39","0.0","Market Basket","28 oz","28 oz","1654.jpg","","3"
"30315","Pasta & Sauces","Gluten Free Pasta","Raw Pasta","Barilla","Barilla Gluten Free Pasta Elbows","076808003918","Barilla Gluten Free Pasta Elbows","3.13","0.0","Market Basket","12 oz","12 oz","X1614.jpg","","4"
"13320","Breakfast & Dairy","Dairy & Eggs","Cream","Califia Farms","Califia Farms Dairy Free Almond Milk Creamer Vanilla","","Califia Farms Dairy Free Almond Milk Creamer Vanilla","4.89","0.0","Market Basket","25.4 fl oz","25.4 fl oz","14749.jpg","","1"
"77","Kitchen & Cleaning","Air Fresheners & Candles","Scented Oil Refill","Air Wick","Air Wick Scented Oil Refills, Hawaii","","Air Wick Scented Oil Refills, Hawaii","6.09","1.0","Market Basket","1.34 fl oz","1.34 fl oz","4205.jpg","","15"
"7946","Cooking Needs","Canned Food","Soup, Broth & Bouillon","Campbell's","Campbell's Condensed Campbell's Condensed Cheddar Cheese Soup","","Campbell's Condensed Campbell's Condensed Cheddar Cheese Soup","2.19","0.0","Market Basket","10.5 oz","10.5 oz","5318.jpg","","2"
"30757","Breakfast & Dairy","Dairy & Eggs","Yogurt","Cabot","Cabot Greek Yogurt LOWFAT PLAIN ","","Cabot Greek Yogurt LOWFAT PLAIN ","4.86","0.0","Market Basket","2 lb","2 lb","X91.jpg","","1"
"4091","Meat & Seafood","Meat & Seafood Counter","Beef","Market Basket","Market Basket Beef Semi Boneless Large End Rib Steak","","Market Basket Beef Semi Boneless Large End Rib Steak","13.41","0.0","Market Basket","Approx: 1.11 lb at $12.1/lb","Approx: 1.11 lb at $12.1/lb","Market Basket.jpg","","22"
"15092","Personal Care","Personal Needs","Facial Care","Basis","Basis Face Wash, Cleaner Clean","","Basis Face Wash, Cleaner Clean","6.77","1.0","Market Basket","6 oz","6 oz","17682.jpg","","13"
"30064","Frozen Food","Frozen Dessert","Frozen Dessert","American Flatbread ","American Flatbread Farners' Tomato Pie ","731789130274","American Flatbread Farners' Tomato Pie ","9.99","0.0","Market Basket","9.9 oz","9.9 oz","X4875.jpg","","19"
"12735","Breakfast & Dairy","Breads & Rolls","Bread","Market Basket","Sourdough Loaf","","Sourdough Loaf","3.69","0.0","Market Basket","15 oz","15 oz","Market Basket.jpg","","18"
"5590","Chips, Cookies & Snacks","Candy & Chocolates","Candy & Chocolate","Store Brand","Bunch of Candy Beets","","Bunch of Candy Beets","3.09","0.0","Market Basket","1 ct","1 ct","Market Basket.jpg","","3"
"14788","Personal Care","Body Wash, Soap & Hair Care","Hair Care","Studio","Studio Line Above it All Invisi Gel - Max Hold","","Studio Line Above it All Invisi Gel - Max Hold","6.31","1.0","Market Basket","6.8 fl oz","6.8 fl oz","17830.jpg","","13"
"7885","Cooking Needs","Canned Food","Canned Meat & Seafood","Spam","Spam Lite Canned Meat","","Spam Lite Canned Meat","3.09","0.0","Market Basket","12 oz","12 oz","17149.jpg","","2"
"7376","Cooking Needs","Spices & Seasonings","Spices & Seasonings","Pride of Szeged","Pride of Szeged Paprika Hungarian","","Pride of Szeged Paprika Hungarian","4.89","0.0","Market Basket","4 oz","4 oz","15642.jpg","","9"
"35346","Richardson's Farm Ice Cream","Sherbet & Sorbet","Watermelon","Richarson's Farm","Richarson's Farm Watermelon Sherbet","","Delicious Sherbet for the lighter side","22.99","0.0","Richardson's Farm","3 Gal. Tub","3 Gal. Tub","RichardsonsFarm.jpg","",""
"34219","Breakfast & Dairy","Bars & Pastries","Chewy Bars","Quaker","Quaker Big Chewy Chocolate Chip","030000314074","Quaker Big Chewy Chocolate Chip","3.13","0.0","Market Basket","5 x 1.48 oz","5 x 1.48 oz","X3867.jpg","","5"
"6354","Beverages & Juices","Soft Drinks & Seltzers","Soft Drinks","Polar","Polar Premium Club Soda Lemon","","Polar Premium Club Soda Lemon","1.49","0.0","Market Basket","1 L","1 L","No Image.jpg","","11"
"4855","Chips, Cookies & Snacks","Chips & Fruit Snacks","Chips & Pretzels","Frito Lay's","Frito Lay's Classic Mix Party Size 28 Pack","","Frito Lay's Classic Mix Party Size 28 Pack","17.17","0.0","Market Basket","28 x 1 oz","28 x 1 oz","No Image.jpg","","0"
"31407","Beverages & Juices","Energy & Sports Drinks","Energy & Sports Drinks","Gatorade","Gatorade Thirst Quencher Lemon Lime","052000338775","Gatorade Thirst Quencher Lemon Lime","1.25","0.0","Market Basket","32 fl oz","32 fl oz","X2654.jpg","","10"
"33933","Condiments & Dressings","Pickled Goods & Olives","Olives","Pearls ","Pearls Extra Large Pitted Ripe OLives","072999443038","Pearls Extra Large Pitted Ripe OLives","1.24","0.0","Market Basket","9.75 oz","9.75 oz","X2276.jpg","","2"
"7221","Cooking Needs","Spices & Seasonings","Spices & Seasonings","Goya","Goya All Purpose Seasoning","","Goya All Purpose Seasoning","3.09","0.0","Market Basket","16.5 oz","16.5 oz","2246.jpg","","9"
"8717","Condiments & Dressings","Preserved Dips & Spreads","Preserved Dips & Salsa","Calavo","Calavo Single Serve Guacamole Mild 6 CT","","Calavo Single Serve Guacamole Mild 6 CT","3.69","0.0","Market Basket","2 oz","2 oz","2006.jpg","","1"
"576","Laundry & Paper Goods","Laundry","Laundry Detergent","Downy","Downy fresh Protect with febreze in wash ODOR Defense active fresh Laundry Detergent","","Downy fresh Protect with febreze in wash ODOR Defense active fresh Laundry Detergent","8.74","1.0","Market Basket","285 g","285 g","No Image.jpg","","15"
"31838","Frozen Food","Frozen Dinners & Entrees","Frozen Appetizers & Sides","Hungry-Man","Hungry-Man Classic Fried Chicken Strips","658276202712","Hungry-Man Classic Fried Chicken Strips","3.74","0.0","Market Basket","14 oz","14 oz","X4008.jpg","","18"
"5191","Chips, Cookies & Snacks","Cookies & Crackers","Crackers","Market Basket","Market Basket Oyster Crackers","","Market Basket Oyster Crackers","1.86","0.0","Market Basket","12 oz","12 oz","Market Basket.jpg","","6"
"9666","Frozen Food","Frozen Dinners & Entrees","Frozen Meal","Weight Watchers","Weight Watchers Smart Creations Salisbury Steak","","Weight Watchers Smart Creations Salisbury Steak","3.29","0.0","Market Basket","9 oz","9 oz","16009.jpg","","18"
"31888","Condiments & Dressings","Marinades, Ketchup & Sauces","Mayonnaise","Inglehoffer","Inglehoffer Seafood Tartar Sauce With Lemon & Capers ","071828011141","Inglehoffer Seafood Tartar Sauce With Lemon & Capers ","4.36","0.0","Market Basket","8.25 fl oz","8.25 fl oz","X1724.jpg","","2"
"7280","Cooking Needs","Spices & Seasonings","Spices & Seasonings","McCormick","McCormick GourmetÃ¢âÂ¢ All Natural Hot Hungarian Paprika","","McCormick GourmetÃ¢âÂ¢ All Natural Hot Hungarian Paprika","4.09","0.0","Market Basket","1.62 oz","1.62 oz","2210.jpg","","9"
"32248","Condiments & Dressings","Salad Dressings & Toppings","Salad Dressing & Toppings","Ken's Steak House","Ken's Seak House Simply Vinaigette Greek","041335363828","Ken's Seak House Simply Vinaigette Greek","3.49","0.0","Market Basket","16 fl oz","16 fl oz","X416.jpg","","2"
"31386","Beverages & Juices","Juices & Refrigerated Drinks","Juice & Nectars","Fruits of the Nile","Fruits of the Nile Guava Gourment Nectar","832770002102","Fruits of the Nile Guava Gourment Nectar","3.74","0.0","Market Basket","33.8 fl oz","33.8 fl oz","X2911.jpg","","10"
"612","Laundry & Paper Goods","Paper Goods","Paper Towels","Viva Choose-A-Sheet","Viva/Bounty Choose-A-Sheet Regular Roll Paper Towels","","Viva/Bounty Choose-A-Sheet Regular Roll Paper Towels","12.49","1.0","Market Basket","6 count","6 count","16923.jpg","","14"
"7017","Cooking Needs","Baking & Cooking","Doughs, Gelatins & Bake Mixes","Pillsbury","Pillsbury Grands!, Southern Homestyle, Buttermilk","","Pillsbury Grands!, Southern Homestyle, Buttermilk","2.09","0.0","Market Basket","8 x 16.3 oz","8 x 16.3 oz","2026.jpg","","1"
"4349","Meat & Seafood","Meat & Seafood Counter","Shrimp","Market Basket","41 to 50 Count Previously Frozen Cooked Shrimp","","41 to 50 Count Previously Frozen Cooked Shrimp","10.99","0.0","Market Basket","1 lb","1 lb","Market Basket.jpg","","22"
"5801","Breakfast & Dairy","Bars & Pastries","Protien Bars","Power Crunch","Power Crunch Protein Energy Bar Original Cookies & Creme","","Power Crunch Protein Energy Bar Original Cookies & Creme","1.87","0.0","Market Basket","1.4 oz","1.4 oz","15235.jpg","","3"
"31895","Condiments & Dressings","Marinades, Ketchup & Sauces","Sauces","Inglehoffer","Inglehoffer Extra Hot Horseradish","071828009018","Inglehoffer Extra Hot Horseradish","3.61","0.0","Market Basket","8 oz","8 oz","X2173.jpg","","2"
"13465","Breakfast & Dairy","Dairy & Eggs","Milk","Hood","Hood 1% Lowfat Milk","","Hood 1% Lowfat Milk","5.36","0.0","Market Basket","1 gal","1 gal","490.jpg","","1"
"10239","Frozen Food","Ice Cream & Ice","Ice Cream & Ice","Talenti","Talenti Tahitian Vanilla Bean Gelato","","Talenti Tahitian Vanilla Bean Gelato","4.89","0.0","Market Basket","1 pint","1 pint","3176.jpg","","21"
"30677","Condiments & Dressings","Salad Dressings & Toppings","Salad Dressing & Toppings","Briannas ","Briannas Home Style Dijon Honey Mustard Dressing ","","Briannas Home Style Dijon Honey Mustard Dressing ","4.36","0.0","Market Basket","12 fl oz","12 fl oz","X77.jpg","","2"
"34175","Meat & Seafood","Packaged Meat & Seafood","Dumplings","Pulmuone","Pulmuone Korean-Inspired Pork Dumplings ","","Pulmuone Korean-Inspired Pork Dumplings ","4.99","0.0","Market Basket","8 oz","8 oz","X4661.jpg","","1"
"14538","Breakfast & Dairy","Tea & Coffee","Tea","Bigelow ","Bigelow Plantation Mint Classic Tea Bags","","Bigelow Plantation Mint Classic Tea Bags","3.09","0.0","Market Basket","20 count","20 count","3423.jpg","","8"
"32136","Breakfast & Dairy","Cereal","Mini Cereal","Kellogg's ","Kellogg's Frosted Flakes of corn","038000635700","Kellogg's Frosted Flakes of corn","1.25","0.0","Market Basket","2.1 oz","2.1 oz","X3636.jpg","","5"
"4134","Meat & Seafood","Meat & Seafood Counter","Chicken Thighs","Market Basket","Chicken Thighs","","Chicken Thighs","1.09","0.0","Market Basket","1 lb","1 lb","Market Basket.jpg","","22"
"3661","Fresh Produce","Fresh Fruits","Grapes","Sun World","Sun World Scarlotta Seedless Red Seedless Grapes","","Sun World Scarlotta Seedless Red Seedless Grapes","4.24","0.0","Market Basket","1 lb","1 lb","FP40.jpg","","20"
"10203","Frozen Food","Ice Cream & Ice","Ice Cream & Ice","Popsicle","Popsicle Ice Pops Marvel Avengers","","Popsicle Ice Pops Marvel Avengers","4.39","0.0","Market Basket","18 count","18 count","3152.jpg","","21"
"31826","Condiments & Dressings","Marinades, Ketchup & Sauces","Sauce","House Of Tsang ","Hous Of Tsang Dipping Bangkok Peanut Sauce ","075050006166","Hous Of Tsang Dipping Bangkok Peanut Sauce ","4.99","0.0","Market Basket","11.50 oz","11.50 oz","X5317.jpg","","3"
"34016","Frozen Food","Frozen Dinners & Entrees","Frozen Appetizers & Sides","Pierre Drive Thru","Pierre Drive Thru Spicy Breaded Chicken","071421204476","Pierre Drive Thru Spicy Breaded Chicken","2.11","0.0","Market Basket","5.7 oz","5.7 oz","X3988.jpg","","18"
"12984","Breakfast & Dairy","Breads & Rolls","Tortillas & Flat Bread","Stonefire","Stonefire Authentic Flatbreads Naan Roasted Garlic","","Stonefire Authentic Flatbreads Naan Roasted Garlic","3.29","0.0","Market Basket","2 x 8.8 oz","2 x 8.8 oz","17030.jpg","","7"
"33180","Frozen Food","Frozen Fruit & Juice","Frozen Juice","Market Basket ","Market Basket Apple Juice ","049705720141","Market Basket Apple Juice ","2.49","0.0","Market Basket","12 oz","12 oz","X5098.jpg","","19"
"3678","Fresh Produce","Fresh Fruits","Melon","Market Basket","Melon","","Melon","5.62","0.0","Market Basket","1 each","1 each","14236.jpg","","20"
"9781","Frozen Food","Frozen Produce","Frozen Produce","Birds Eye","Birds Eye Steamfresh Singles Super Sweet Corn","","Birds Eye Steamfresh Singles Super Sweet Corn","2.99","0.0","Market Basket","3.25 oz","3.25 oz","2436.jpg","","19"
"30934","Breakfast & Dairy","Dairy & Eggs","Yogurt","Chobani","Chobani Greek Yogurt Peach On The Bottom 4 Value Pack ","","Chobani Greek Yogurt Peach On The Bottom 4 Value Pack ","4.36","0.0","Market Basket","4 x 5.3 oz","4 x 5.3 oz","X141.jpg","","1"
"30145","Beverages & Juices","Juices & Refrigerated Drinks","Juice & Nectars","Apple & Eve","Apple & Eve Cranberry Raspberry 100% Juice","076301722163","Apple & Eve Cranberry Raspberry 100% Juice","3.74","0.0","Market Basket","64 fl oz","64 fl oz","X2794.jpg","","10"
"6102","Beverages & Juices","Soft Drinks & Seltzers","Soft Drinks","Coca-Cola","Coca Cola Caffeine Free Diet Coke Box of Cans","","Coca Cola Caffeine Free Diet Coke Box of Cans","6.86","0.0","Market Basket","12 x 12 fl oz","12 x 12 fl oz","No Image.jpg","","17"
"32187","Breakfast & Dairy","Bars & Pastries","Breakfast Bars","Kellogg's ","Kellogg's Rice Krispies Treats M & M mini","038000156038","Kellogg's Rice Krispies Treats M & M mini","4.99","0.0","Market Basket","16 x 0.78 oz","16 x 0.78 oz","X3543.jpg","","5"
"6034","Beverages & Juices","Energy & Sports Drinks","Energy & Sports Drinks","Red Bull","Red Bull Blue Edition - Blueberry","","Red Bull Blue Edition - Blueberry","3.13","0.0","Market Basket","12 fl oz","12 fl oz","No Image.jpg","","17"
"7421","Cooking Needs","Canned Food","Canned & Jarred Vegetables","Del Monte","Del Monte Whole Kernel Corn","","Del Monte Whole Kernel Corn","0.99","0.0","Market Basket","8.75 oz","8.75 oz","5018.jpg","","9"
"13777","Breakfast & Dairy","Dairy & Eggs","Packaged Cheese","Market Basket","Swiss Cheese","","Swiss Cheese","7.39","0.0","Market Basket","1 lb","1 lb","Market Basket.jpg","","1"
"427","Kitchen & Cleaning","Trash Bags & Liners","Regular Trash Bags","Glad","Glad Kitchen Trash Bags","","Glad Kitchen Trash Bags","15.89","1.0","Market Basket","80 count","80 count","4667.jpg","","12"
"15207","Personal Care","Personal Needs","Oral Hygiene","Gum","GUM Crayola Suction Cup Base Toothbruch Soft","","GUM Crayola Suction Cup Base Toothbruch Soft","2.75","1.0","Market Basket","2 count","2 count","6444.jpg","","13"
"31106","Breakfast & Dairy","Dairy & Eggs","Yogurt","Dannon","Dannon Light+Fit Greek Vanilla Naturally & Artifically Flavored ","","Dannon Light+Fit Greek Vanilla Naturally & Artifically Flavored ","3.75","0.0","Market Basket","5.3 oz","5.3 oz","X208.jpg","","1"
"9127","Frozen Food","Frozen Dinners & Entrees","Frozen Appetizers & Sides","Green Giant","Green Giant Mashed Cauliflower Cheddar & Bacon","","Green Giant Mashed Cauliflower Cheddar & Bacon","6.09","0.0","Market Basket","20 oz","20 oz","15831.jpg","","18"
"6504","Chips, Cookies & Snacks","Nuts, Seeds & Dried Fruit","Nuts, Seeds & Dried Fruit","Blue Diamond","Blue Diamond Oven Roasted Almonds","","Blue Diamond Oven Roasted Almonds","9.99","0.0","Market Basket","14 oz","14 oz","No Image.jpg","","6"
"5808","Breakfast & Dairy","Bars & Pastries","Protien Bars","Pure Protein","Pure Protein Bar Dark Chocolate Coconut","","Pure Protein Bar Dark Chocolate Coconut","1.69","0.0","Market Basket","1.76 oz","1.76 oz","15205.jpg","","3"
"8727","Condiments & Dressings","Preserved Dips & Spreads","Preserved Dips & Salsa","Cedar","Cedar Party Size Fresh Taboule Salad","","Cedar Party Size Fresh Taboule Salad","4.29","0.0","Market Basket","14 oz","14 oz","2007.jpg","","1"
"34616","Condiments & Dressings","Marinades, Ketchup & Sauces","Marinades & Meat Preparation","Sticky","Sticky Fingers SmokeHouse Sweet Southern Heart Barbecue Sauce ","757339666666","Sticky Fingers SmokeHouse Sweet Southern Heart Barbecue Sauce ","1.74","0.0","Market Basket","18 oz","18 oz","X2093.jpg","","2"
"4540","Meat & Seafood","Lunch Meat","Other Meat","Del Duca","Del Duca Prosciutto & Provolone Cheese Slices","","Del Duca Prosciutto & Provolone Cheese Slices","6.09","0.0","Market Basket","6 oz","6 oz","No Image.jpg","","22"
"3534","Fresh Produce","Fresh Vegetables","Baby Carrot","Grimmway Farms","Grimmway Farms Cut & Peeled Baby Carrots","","Grimmway Farms Cut & Peeled Baby Carrots","2.17","0.0","Market Basket","16 oz bag","16 oz bag","FP65.jpg","","20"
"6624","Beverages & Juices","Juices & Refrigerated Drinks","Refrigerated Drinks","Newman's Own","Newman's Own Fruit Juice Cocktail Grape","","Newman's Own Fruit Juice Cocktail Grape","3.59","0.0","Market Basket","59 fl oz","59 fl oz","3857.jpg","","1"
"8775","Condiments & Dressings","Preserved Dips & Spreads","Preserved Dips & Salsa","Tio Juan's","Tio Juan's Margarita Hot Salsa","","Tio Juan's Margarita Hot Salsa","3.09","0.0","Market Basket","16 oz","16 oz","No Image.jpg","","1"
"31700","Condiments & Dressings","Marinades, Ketchup & Sauces","Mustard Sauce","Heinz ","Heinz Est 1869 Spicy Brown Mustard 100% Natural A Common Condiment Done Uncommonly Well","013000640480","Heinz Est 1869 Spicy Brown Mustard 100% Natural A Common Condiment Done Uncommonly Well","2.86","0.0","Market Basket","14 oz","14 oz","X2183.jpg","","2"
"13815","Breakfast & Dairy","Dairy & Eggs","Packaged Cheese","Yancey's","Yancey's Fancy Cheese Smoked Gouda","","Yancey's Fancy Cheese Smoked Gouda","7.49","0.0","Market Basket","7.6 oz","7.6 oz","14614.jpg","","1"
"33259","Breakfast & Dairy","Granola & Oats","Oats","McCann's","McCann's Irish Oatmeal Variety Pack","072463000262","McCann's Irish Oatmeal Variety Pack","4.99","0.0","Market Basket","12.73 oz","12.73 oz","X3576.jpg","","5"
"13270","Breakfast & Dairy","Dairy & Eggs","Butter","Cabot","Cabot Natural Creamery Whipped Salted Butter","","Cabot Natural Creamery Whipped Salted Butter","3.09","0.0","Market Basket","8 oz","8 oz","659.jpg","","1"
"31290","Frozen Food","Frozen Dinners & Entrees","Frozen Appetizers & Sides","Farm Rich","Farm Rich Breaded Mozzarella Shapes Micky Mouse","041322172068","Farm Rich Breaded Mozzarella Shapes Micky Mouse","6.24","0.0","Market Basket","16 oz","16 oz","X4842.jpg","","19"
"6253","Beverages & Juices","Water","Water","Crystal Geyser","Crystal Geyser Natural Alpine Spring Water","","Crystal Geyser Natural Alpine Spring Water","1.25","0.0","Market Basket","25.3 fl oz","25.3 fl oz","16262.jpg","","11"
"34287","Beverages & Juices","Juices & Refrigerated Drinks","Juice & Nectars","R.W. Knudsen","R.W. Knudsen Organci Just Prune Juice","074682107128","R.W. Knudsen Organci Just Prune Juice","9.99","0.0","Market Basket","32 fl oz","32 fl oz","X2900.jpg","","10"
"30128","Pasta & Sauces","Instant Pasta","Instant Pasta","Annie's ","Annies made with Organic Pasta Deluxe Rich & Creamy Shells & Classic Cheddar Macaroni & Cheese Sauce","013562111732","Annies made with Organic Pasta Deluxe Rich & Creamy Shells & Classic Cheddar Macaroni & Cheese Sauce","2.5","0.0","Market Basket","2.6 oz","2.6 oz","X1210.jpg","","4"
"339","Kitchen & Cleaning","Food Storage & Kitchen Supplies","Storage Bags","Store Brand","Snack Bags","","Snack Bags","2.49","1.0","Market Basket","100 count","100 count","Market Basket.jpg","","12"
"15049","Personal Care","Personal Needs","Deodorants","Secret","Secret Powder Fresh Wide Solid Antiperspirant and Deodorant","","Secret Powder Fresh Wide Solid Antiperspirant and Deodorant","4.24","1.0","Market Basket","2.7 oz","2.7 oz","18130.jpg","","13"
"6566","Beverages & Juices","Juices & Refrigerated Drinks","Refrigerated Drinks","Bolthouse Farms","Bolthouse Farms Tropical +Carrot","","Bolthouse Farms Tropical +Carrot","4.59","0.0","Market Basket","32 fl oz","32 fl oz","16546.jpg","","20"
"32633","Cooking Needs","Rice & Grains","Grains, Rice & Dried Goods","Lundberg Family Farms","LundBerg Organic Sprouted Short Brown Rice Gluten Free","073416003552","LundBerg Organic Sprouted Short Brown Rice Gluten Free","4.99","0.0","Market Basket","16 oz","16 oz","X1103.jpg","","4"
"12979","Breakfast & Dairy","Breads & Rolls","Tortillas & Flat Bread","Pepito","Pepito Soft Taco Tortillas","","Pepito Soft Taco Tortillas","1.89","0.0","Market Basket","12 oz","12 oz","No Image.jpg","","7"
"14965","Personal Care","First Aid & Healthcare","First Aid","Market Basket","Market Basket Hydrogen Peroxide","","Market Basket Hydrogen Peroxide","1.48","1.0","Market Basket","32 oz","32 oz","Market Basket.jpg","","13"
"32215","Breakfast & Dairy","Cereal","Cereal","Kellogg's ","Kellogg's Corn Pops Family Size","038000181795","Kellogg's Corn Pops Family Size","4.99","0.0","Market Basket","19.1 oz","19.1 oz","X3409.jpg","","5"
"34343","Frozen Food","Frozen Breakfast","Frozen Burrito","Red's","Red's Uncured Canadian Bacon, Egg and Three Cheese Burrito","850416002286","Red's Uncured Canadian Bacon, Egg and Three Cheese Burrito","2.08","0.0","Market Basket","5 oz","5 oz","X4821.jpg","","19"
"33414","Frozen Food","Frozen Breakfast","Frozen French Toast","Murry's ","Murry's French Toast Sticks Double Cinnamon ","073744010567","Murry's French Toast Sticks Double Cinnamon ","3.36","0.0","Market Basket","14 oz","14 oz","X5069.jpg","","19"
"34583","Beverages & Juices","Tea, Coffee, Milk & Coconut Water","Tea","Snapple","Snapple Diet Raspberry Tea","076183263686","Snapple Diet Raspberry Tea","7.49","0.0","Market Basket","6 x 16 fl oz","6 x 16 fl oz","X3003.jpg","","10"
"10113","Frozen Food","Ice Cream & Ice","Ice Cream & Ice","Kemps","Kemps Chocolate Chip Smooth & Creamy Frozen Yogurt","","Kemps Chocolate Chip Smooth & Creamy Frozen Yogurt","3.69","0.0","Market Basket","1.5 quart","1.5 quart","16206.jpg","","21"
"32256","Condiments & Dressings","Salad Dressings & Toppings","Salad Dressing & Toppings","Ken's Steak House","Ken's Seak House Simply Italian With Aged Romano Dressing ","041335012122","Ken's Seak House Simply Italian With Aged Romano Dressing ","3.49","0.0","Market Basket","16 fl oz","16 fl oz","X424.jpg","","2"
"32524","Frozen Food","Frozen Dinners & Entrees","Frozen Meal","Lean Cuisine ","Lean Cuisine Steak Portbella","013800156501","Lean Cuisine Steak Portbella","3.13","0.0","Market Basket","7 1/2 oz","7 1/2 oz","X4245.jpg","","18"
"34959","Beverages & Juices","Juices & Refrigerated Drinks","Juice & Nectars","V8","V8 Strawberry Banana Juice No sugar Added","051000153395","V8 Strawberry Banana Juice No sugar Added","3.74","0.0","Market Basket","46 fl oz","46 fl oz","X2923.jpg","","10"
"33293","Frozen Food","Frozen Dinners & Entrees","Frozen Appetizers & Sides","Michelina's","Michelina's Chicken Fried Rice","717854305518","Michelina's Chicken Fried Rice","1.25","0.0","Market Basket","8 oz","8 oz","X4117.jpg","","18"
"10258","Frozen Food","Ice Cream & Ice","Ice Cream & Ice","Turkey Hill","Turkey Hill Premium Ice Cream Colombian Coffee","","Turkey Hill Premium Ice Cream Colombian Coffee","3.69","0.0","Market Basket","48 fl oz","48 fl oz","3118.jpg","","21"
"15184","Personal Care","Personal Needs","Oral Hygiene","Crest","Crest Complete Whitening + Scope Toothpaste Minty Fresh Striped","","Crest Complete Whitening + Scope Toothpaste Minty Fresh Striped","4.24","1.0","Market Basket","6.2 oz","6.2 oz","6402.jpg","","13"
"12851","Breakfast & Dairy","Breads & Rolls","Muffin","Muffin Town","Muffin Town Blueberry Mini Muffins","","Muffin Town Blueberry Mini Muffins","3.19","0.0","Market Basket","12 oz","12 oz","17053.jpg","","18"
"7001","Cooking Needs","Baking & Cooking","Doughs, Gelatins & Bake Mixes","Market Basket","Market Basket Mini Croissants","","Market Basket Mini Croissants","4.39","0.0","Market Basket","10 count","10 count","Market Basket.jpg","","8"
"31856","Cooking Needs","Canned Food","Canned Tomatoes","Hunts","Hunts Fire Roasted Diced Tomatoes","027000378007","Hunts Fire Roasted Diced Tomatoes","1.25","0.0","Market Basket","14.5 oz","14.5 oz","X1345.jpg","","4"
"33431","Beverages & Juices","Juices & Refrigerated Drinks","Juice & Nectars","Nantucket Nectars","Nantucket Nectars Premium Orange","726284000030","Nantucket Nectars Premium Orange","1.86","0.0","Market Basket","16 fl oz","16 fl oz","X3016.jpg","","10"
"9887","Frozen Food","Frozen Produce","Frozen Produce","Market Basket","Market Basket Whole Baby Carrots","","Market Basket Whole Baby Carrots","1.59","0.0","Market Basket","16 oz","16 oz","Market Basket.jpg","","19"
"14702","Personal Care","Body Wash, Soap & Hair Care","Body Wash","Market Basket","Market Basket High Power Body Wash Sport Scent","","Market Basket High Power Body Wash Sport Scent","4.24","1.0","Market Basket","18 fl oz","18 fl oz","Market Basket.jpg","","13"
"4153","Meat & Seafood","Meat & Seafood Counter","Ham","Market Basket","Market Basket Maple Flavored Ham","","Market Basket Maple Flavored Ham","6.09","0.0","Market Basket","1 lb","1 lb","Market Basket.jpg","","22"
"6039","Beverages & Juices","Juices & Refrigerated Drinks","Juice & Nectars","Reese","Reese Maraschino Cherry with Stem","","Reese Maraschino Cherry with Stem","4.38","0.0","Market Basket","10 oz","10 oz","No Image.jpg","","17"
"32433","Condiments & Dressings","Marinades, Ketchup & Sauces","Sauce","La Choy ","La Choy Marinade Sauce Teriyaki ","044300125315","La Choy Marinade Sauce Teriyaki ","1.74","0.0","Market Basket","1 count","1 count","X5351.jpg","","3"
"6277","Beverages & Juices","Water","Water","Glaceau","Glaceau Smart Water Alkaline","","Glaceau Smart Water Alkaline","1.24","0.0","Market Basket","33.8 fl oz","33.8 fl oz","No Image.jpg","","11"
"10601","Pasta & Sauces","Pasta Sauce","Pasta Sauce","McCormick","McCormick Hot Shot Extra Bold Pepper Blend","","McCormick Hot Shot Extra Bold Pepper Blend","0.89","0.0","Market Basket","2.62 oz","2.62 oz","No Image.jpg","","4"
"6074","Beverages & Juices","Ginger Ale & Ginger Beer","Ginger Ale","Canada Dry","Canada Dry Diet Ginger Ale Can","","Canada Dry Diet Ginger Ale Can","4.16","0.0","Market Basket","6 x 7.5 fl oz","6 x 7.5 fl oz","16562.jpg","","17"
"32416","Pasta & Sauces","Instant Pasta","Instant Pasta","Kraft","Kraft Macaroni & Cheese thick & Creamy","021000653713","Kraft Macaroni & Cheese thick & Creamy","1.66","0.0","Market Basket","7.25 oz","7.25 oz","X1202.jpg","","4"
"7977","Cooking Needs","Canned Food","Soup, Broth & Bouillon","Campbell's","Campbell's Homestyle Chicken Noodle Soup Microwavable Bowl","","Campbell's Homestyle Chicken Noodle Soup Microwavable Bowl","3.09","0.0","Market Basket","15.4 oz","15.4 oz","5374.jpg","","9"
"30693","Meat & Seafood","Packaged Meat & Seafood","Burger","Bubba Burger ","Bubba Burger Original Veggie with vegetables, black beans and rolled oats","","Bubba Burger Original Veggie with vegetables, black beans and rolled oats","4.99","0.0","Market Basket","12 oz","12 oz","X4710.jpg","","1"
"6353","Beverages & Juices","Soft Drinks & Seltzers","Soft Drinks","Polar","Polar Premium Club Soda Lime","","Polar Premium Club Soda Lime","1.49","0.0","Market Basket","1 L","1 L","No Image.jpg","","11"
"10060","Frozen Food","Ice Cream & Ice","Ice Cream & Ice","Haagen-dazs","Haagen dazs Butter Pecan Ice Cream","","Haagen dazs Butter Pecan Ice Cream","4.29","0.0","Market Basket","14 fl oz","14 fl oz","3085.jpg","","21"
"12674","Breakfast & Dairy","Breads & Rolls","Bread","Cuisine de France","Cuisine de France Parisian French Bread","","Cuisine de France Parisian French Bread","1.59","0.0","Market Basket","17 oz","17 oz","16972.jpg","","18"
"3840","Fresh Produce","Fresh Organic Vegetables","Sweet Potato","Market Basket","Barnes Farming Organic Sweet Potatoes","","Barnes Farming Organic Sweet Potatoes","3.21","0.0","Market Basket","2 lb bag","2 lb bag","14409.jpg","","20"
"6981","Cooking Needs","Baking & Cooking","Doughs, Gelatins & Bake Mixes","Jell-O","Jell O Strawberry Gelatin Mix","","Jell O Strawberry Gelatin Mix","1.39","0.0","Market Basket","3 oz","3 oz","2056.jpg","","8"
"5327","Chips, Cookies & Snacks","Cookies & Crackers","Crackers","Market Basket","Market Basket Honey Maid Cracker","","Market Basket Honey Maid Cracker","4.98","0.0","Market Basket","14.4 oz","14.4 oz","Market Basket.jpg","","6"
"34660","Frozen Food","Frozen Dinners & Entrees","Frozen Meal","Stouffer's ","Stouffer's Bowl-Fulls Chicken Mac & Cheese Broccoli Bowl","013800567680","Stouffer's Bowl-Fulls Chicken Mac & Cheese Broccoli Bowl","4.11","0.0","Market Basket","14 oz","14 oz","X4274.jpg","","18"
"6193","Beverages & Juices","Soft Drinks & Seltzers","Soft Drinks","Sierra Mist","Sierra Mist Flavored Soda Lemon Lime Caffeine Free","","Sierra Mist Flavored Soda Lemon Lime Caffeine Free","5.63","0.0","Market Basket","12 x 12 fl oz","12 x 12 fl oz","16639.jpg","","17"
"31788","Breakfast & Dairy","Dairy & Eggs","Eggnog","Hood","Hood LIMITED EDITION GOLDEN EGGNOG ULTRA - PASTEURIZED","","Hood LIMITED EDITION GOLDEN EGGNOG ULTRA - PASTEURIZED","3.74","0.0","Market Basket","32 fl oz","32 fl oz","X355.jpg","","1"
"34838","Breakfast & Dairy","Breads & Rolls","Bagels","Thomas","Thomas Bagels Cranberry LIMITED EDITION","048121216948","Thomas Bagels Cranberry LIMITED EDITION","5.86","0.0","Market Basket","20 oz","20 oz","X2608.jpg","","18"
"94","Kitchen & Cleaning","Cleaning Products","Antibacterial Cleaner","Lysol","Lysol Kitchen Pro Antibacterial Cleaner","","Lysol Kitchen Pro Antibacterial Cleaner","2.99","1.0","Market Basket","22 fl oz","22 fl oz","18051.jpg","","15"
"34454","Frozen Food","Frozen Breakfast","Frozen Breakfast","Sandwich Bros ","Sandwich Brose Sausage & Cheese Flatbread Pocket Snack Sandwiches ","077507005029","Sandwich Brose Sausage & Cheese Flatbread Pocket Snack Sandwiches ","6.24","0.0","Market Basket","13.50 oz","13.50 oz","X4999.jpg","","19"
"34470","Frozen Food","Frozen Pizza","Frozen Pizza","Screamin' Sicilian ","Screamin' Sicilian Bessie's Revenge Cheese","075706151103","Screamin' Sicilian Bessie's Revenge Cheese","3.74","0.0","Market Basket","9.10 oz","9.10 oz","X4865.jpg","","19"
"4851","Chips, Cookies & Snacks","Chips & Fruit Snacks","Chips & Pretzels","Kettle","Kettle Brand Potato Chips, Sea Salt & Vinegar Kettle Chips","","Kettle Brand Potato Chips, Sea Salt & Vinegar Kettle Chips","4.69","0.0","Market Basket","8.5 oz","8.5 oz","14858.jpg","","0"
"9910","Frozen Food","Frozen Dinners & Entrees","Frozen Vegan & Vegetarian","Boca","Boca Spicy Chik'n Vegan Patties","","Boca Spicy Chik'n Vegan Patties","3.69","0.0","Market Basket","4 x 10 oz","4 x 10 oz","2938.jpg","","1"
"6936","Cooking Needs","Baking & Cooking","Doughs, Gelatins & Bake Mixes","Betty Crocker","Betty Crocker Dark Chocolate Brownie Mix Family Size","","Betty Crocker Dark Chocolate Brownie Mix Family Size","1.99","0.0","Market Basket","19.9 oz","19.9 oz","2081.jpg","","8"
"6399","Beverages & Juices","Soft Drinks & Seltzers","Soft Drinks","Schweppes","Schweppes Club Soda","","Schweppes Club Soda","1.24","0.0","Market Basket","1 L","1 L","3256.jpg","","11"
"8780","Condiments & Dressings","Preserved Dips & Spreads","Preserved Dips & Salsa","Tostitos","Tostitos Restaurant Style Salsa Medium","","Tostitos Restaurant Style Salsa Medium","3.69","0.0","Market Basket","15.5 oz","15.5 oz","1994.jpg","","0"
"13712","Breakfast & Dairy","Dairy & Eggs","Packaged Cheese","La Ricura","La Ricura Ricura Hard Cheese","","La Ricura Ricura Hard Cheese","8.59","0.0","Market Basket","14 oz","14 oz","Market Basket.jpg","","1"
"34775","Meat & Seafood","Packaged Meat & Seafood","Burger","Sweet Earth ","Sweet Earth Santa Fe Veggie Burger ","","Sweet Earth Santa Fe Veggie Burger ","4.36","0.0","Market Basket","6 oz","6 oz","X4721.jpg","","1"
"4798","Meat & Seafood","Frozen Meat & Seafood","Frozen Fish (All)","Market Basket","Market Basket Swordfish Steaks","","Market Basket Swordfish Steaks","8.59","0.0","Market Basket","12 oz","12 oz","Market Basket.jpg","","18"
"603","Laundry & Paper Goods","Paper Goods","Bathroom Tissues / Toilet Paper","Quilted Northern","Quilted Northern Bathroom Tissue Paper, Ultra Soft & Strong Mega Rolls","","Quilted Northern Bathroom Tissue Paper, Ultra Soft & Strong Mega Rolls","9.99","1.0","Market Basket","6 count","6 count","No Image.jpg","","14"
"14721","Personal Care","Body Wash, Soap & Hair Care","Hair Care","Bronner Brothers","Bronner Brothers BB Super Gro Hair and Scalp Treatment","","Bronner Brothers BB Super Gro Hair and Scalp Treatment","6.08","1.0","Market Basket","6 fl oz","6 fl oz","17835.jpg","","13"
"30957","Frozen Food","Frozen Dinners & Entrees","Frozen Appetizers & Sides","Chung's","Chung's Chicken Potstickers","011251025216","Chung's Chicken Potstickers","6.24","0.0","Market Basket","19.5 oz","19.5 oz","X3967.jpg","","18"
"31754","Cooking Needs","Oils & Vinegars","Oils & Vinegars","Hollywood","Hollywood Gold Peanut Oil High In Antioxidant Vitamin E See Nutrition No Facts Panel","070005111322","Hollywood Gold Peanut Oil High In Antioxidant Vitamin E See Nutrition No Facts Panel","7.49","0.0","Market Basket","24 oz","24 oz","X1952.jpg","","2"
"8286","Condiments & Dressings","Fresh Dips & Tapenades","Hommus","Cedar","Cedar Hommus, Garlic","","Cedar Hommus, Garlic","3.69","0.0","Market Basket","20 oz","20 oz","5501.jpg","","1"
"32902","Breakfast & Dairy","Dairy & Eggs","Cottage Cheese","Market Basket","Market Basket Grade A Country  Cottage Cheese","","Market Basket Grade A Country  Cottage Cheese","2.74","0.0","Market Basket","24 oz","24 oz","X581.jpg","","1"
"5762","Breakfast & Dairy","Bars & Pastries","Protien Bars","Luna","Luna Fiber Soft Baked Fruit Filled Bar Peanut Butter Strawberry","","Luna Fiber Soft Baked Fruit Filled Bar Peanut Butter Strawberry","1.29","0.0","Market Basket","1.41 oz","1.41 oz","1292.jpg","","3"
"30150","Beverages & Juices","Juices & Refrigerated Drinks","Juice & Nectars","Apple & Eve","Apple & Eve Elmo's Punch 100% Juice","076301722132","Apple & Eve Elmo's Punch 100% Juice","2.5","0.0","Market Basket","64 fl oz","64 fl oz","X2876.jpg","","10"
"5387","Chips, Cookies & Snacks","Cookies & Crackers","Crackers","Kame","Kame Rice Crackers Original","","Kame Rice Crackers Original","4.67","0.0","Market Basket","3.5 oz","3.5 oz","No Image.jpg","","6"
"4977","Chips, Cookies & Snacks","Chips & Fruit Snacks","Chips & Pretzels","Tostitos","Tositos Lightly Salted 50% Less Sodium","","Tositos Lightly Salted 50% Less Sodium","5.47","0.0","Market Basket","13 oz","13 oz","No Image.jpg","","0"
"5806","Breakfast & Dairy","Bars & Pastries","Protien Bars","Pure Protein","Pure Protein Bar Chocolate Deluxe","","Pure Protein Bar Chocolate Deluxe","1.29","0.0","Market Basket","1.76 oz","1.76 oz","15246.jpg","","3"
"30056","Meat & Seafood","Packaged Meat & Seafood","Sausage","Alfresco ","Alfresco Sundried Tomato With Basil And Tomatoes Chicken Sausage ","","Alfresco Sundried Tomato With Basil And Tomatoes Chicken Sausage ","6.24","0.0","Market Basket","11 oz","11 oz","X4633.jpg","","1"
"34453","Frozen Food","Frozen Dinners & Entrees","Frozen Appetizers & Sides","Sandwich Bros","Sandwich Bros Angus Beef Patty Cheeseburgers","077507005012","Sandwich Bros Angus Beef Patty Cheeseburgers","6.24","0.0","Market Basket","13.5 oz","13.5 oz","X4792.jpg","","19"
"31805","Meat & Seafood","Canned Meat & Seafood","Ham","Hormel","Smoked Ham Water Added ","","Smoked Ham Water Added ","1.61","0.0","Market Basket","5 oz","5 oz","X1866.jpg","","2"
"15051","Personal Care","Personal Needs","Deodorants","Secret","Secret Women's Aerosol Powder Fresh Scent Antiperspirant & Deodorant","","Secret Women's Aerosol Powder Fresh Scent Antiperspirant & Deodorant","4.24","1.0","Market Basket","4 oz","4 oz","18121.jpg","","13"
"5261","Chips, Cookies & Snacks","Chips & Fruit Snacks","Chips & Pretzels","Garden of Eatin'","Garden of Eatin' Corn Tortilla Chips Red Hot Blues Chips","","Garden of Eatin' Corn Tortilla Chips Red Hot Blues Chips","5.47","0.0","Market Basket","8.1 oz","8.1 oz","No Image.jpg","","0"
"13350","Breakfast & Dairy","Dairy & Eggs","Cream","Hood","Hood Half and Half","","Hood Half and Half","3.29","0.0","Market Basket","32 fl oz","32 fl oz","570.jpg","","1"
"3455","Fresh Produce","Fresh Fruits","Mandarin","Market Basket","Stem & Leaf Mandarins","","Stem & Leaf Mandarins","7.14","0.0","Market Basket","3 lbs","3 lbs","f34.jpg","","20"
"380","Kitchen & Cleaning","Food Storage & Kitchen Supplies","Utensils & Kitchen Supplies","Pyrex","Pyrex Easy Grab Oven Safe Glass with Large EASY GRAB Handles","","Pyrex Easy Grab Oven Safe Glass with Large EASY GRAB Handles","10.99","1.0","Market Basket","1 ct","1 ct","16863.jpg","","12"
"33109","Richardson's Farm Ice Cream","Cups, Cones & Bowls","Cones","Market Basket ","Market Basket Ice Cream Sugar Cones","049705117088","Market Basket Ice Cream Sugar Cones","1.61","0.0","Market Basket","5 oz","5 oz","X5112.jpg","","20"
"34200","Personal Care","Vitamins & Proteins","Protien Powders","Pure Protein","Pure Protien Complete Protien Shake Rich Chocolate ","749826793641","Pure Protien Complete Protien Shake Rich Chocolate ","9.36","0.0","Market Basket","44 fl oz","44 fl oz","X5180.jpg","","3"
"14826","Personal Care","Body Wash, Soap & Hair Care","Soap","Clearly Natural","Clearly Natural Glycerin Soap, Honeysuckle","","Clearly Natural Glycerin Soap, Honeysuckle","1.48","1.0","Market Basket","4 oz","4 oz","17725.jpg","","13"
"30715","Frozen Food","Frozen Pasta","Frozen Pasta","Buitoni ","Buitoni Linguine Frozen Pasta","","Buitoni Linguine Frozen Pasta","2.49","0.0","Market Basket","9 oz","9 oz","X4680.jpg","","1"
"13763","Breakfast & Dairy","Dairy & Eggs","Packaged Cheese","Market Basket","Market Basket Shredded Orange Cheddar Cheese","","Market Basket Shredded Orange Cheddar Cheese","4.29","0.0","Market Basket","16 oz","16 oz","Market Basket.jpg","","1"
"30884","Pasta & Sauces","Instant Pasta","Instant Pasta","Chef Boyardee","Chef Boyardee Beefaroni past in tomato & meat sauce","064144047024","Chef Boyardee Beefaroni past in tomato & meat sauce","1.25","0.0","Market Basket","7.5 oz","7.5 oz","X1252.jpg","","4"
"33438","Beverages & Juices","Juices & Refrigerated Drinks","Juice & Nectars","Nantucket Nectars","Nantucket Nectars Watermelon Strawberry","726284000108","Nantucket Nectars Watermelon Strawberry","1.86","0.0","Market Basket","16 fl oz","16 fl oz","X3024.jpg","","10"
"31135","Pasta & Sauces","Raw Pasta","Raw Pasta","De Cecco","De Cecco Pasta Fusilli No. 34","024094070343","De Cecco Pasta Fusilli No. 34","2.08","0.0","Market Basket","1 lb","1 lb","X1544.jpg","","4"
"13801","Breakfast & Dairy","Dairy & Eggs","Packaged Cheese","Sargento","Sargento Shredded Extra Sharp Natural Cheddar Cheese","","Sargento Shredded Extra Sharp Natural Cheddar Cheese","3.09","0.0","Market Basket","7 oz","7 oz","163.jpg","","1"
"196","Kitchen & Cleaning","Cleaning Products","Scrub Bob","Butler Gum","Butler Gum Copper Heavy Duty Scrub Bob","","Butler Gum Copper Heavy Duty Scrub Bob","2.79","1.0","Market Basket","1 count","1 count","No Image.jpg","","15"
"30628","Frozen Food","Frozen Dinners & Entrees","Frozen Meal","Boston Market","Boston Market Chicken Parmesan","738912022321","Boston Market Chicken Parmesan","3.36","0.0","Market Basket","13.1 oz","13.1 oz","X4135.jpg","","18"
"31488","Breakfast & Dairy","Cereal","Cereal","General Mills","General Mills Maple Cheerios Large Size","016000163652","General Mills Maple Cheerios Large Size","4.38","0.0","Market Basket","14.2 oz","14.2 oz","X3465.jpg","","5"
"6824","Cooking Needs","Baking & Cooking","Baking Ingredients","Domino","Domino Light Brown Sugar Pure Cane Sugar","","Domino Light Brown Sugar Pure Cane Sugar","2.79","0.0","Market Basket","32 oz","32 oz","2333.jpg","","8"
"9527","Frozen Food","Frozen Dinners & Entrees","Frozen Appetizers & Sides","Lean Pockets","Lean Pockets Italian Style Meatballs and Mozzarella Frozen Sandwiches","","Lean Pockets Italian Style Meatballs and Mozzarella Frozen Sandwiches","2.49","0.0","Market Basket","9 oz","9 oz","15998.jpg","","18"
"5260","Chips, Cookies & Snacks","Chips & Fruit Snacks","Chips & Pretzels","Kettle","Kettle Brand Potato Chips Sour Cream & Onion","","Kettle Brand Potato Chips Sour Cream & Onion","4.69","0.0","Market Basket","8.5 oz","8.5 oz","No Image.jpg","","0"
"32129","Breakfast & Dairy","Cereal","Cereal","Kellogg's ","Kellogg's Corn Pops Jumbo Snax","038000233760","Kellogg's Corn Pops Jumbo Snax","4.99","0.0","Market Basket","6 oz","6 oz","X3607.jpg","","5"
"32839","Breakfast & Dairy","Breads & Rolls","Bagels","Market Basket","Market Basket Bagel Slims Plain","","Market Basket Bagel Slims Plain","2.5","0.0","Market Basket","12 oz","12 oz","X2420.jpg","","18"
"32337","Condiments & Dressings","Marinades, Ketchup & Sauces","Sauce","Kitchens Of India","Kitchens Of India Dal Bukhara ","841905010110","Kitchens Of India Dal Bukhara ","3.74","0.0","Market Basket","10 oz","10 oz","X5342.jpg","","3"
"30872","Meat & Seafood","Canned Meat & Seafood","Anchovy","Cento","Cento Flat Fillet Anchovies In Olive Oil ","","Cento Flat Fillet Anchovies In Olive Oil ","1.86","0.0","Market Basket","2 oz","2 oz","X1907.jpg","","2"
"12826","Breakfast & Dairy","Breads & Rolls","Muffin","Market Basket","Market Basket Chocolate Chip Muffin","","Market Basket Chocolate Chip Muffin","4.09","0.0","Market Basket","20 oz","20 oz","Market Basket.jpg","","0"
"33220","Meat & Seafood","Packaged Meat & Seafood","Turkey","Market Basket ","Market Basket Turkey Breast ","","Market Basket Turkey Breast ","5.61","0.0","Market Basket","16 oz","16 oz","X4518.jpg","","1"
"10244","Frozen Food","Ice Cream & Ice","Ice Cream & Ice","Turkey Hill","Turkey Hill Black Raspberry Premium Ice Cream","","Turkey Hill Black Raspberry Premium Ice Cream","3.69","0.0","Market Basket","48 fl oz","48 fl oz","3114.jpg","","21"
"34625","Breakfast & Dairy","Dairy & Eggs","Yogurt","Stonyfield","Stonyfield Organic Yo baby With Probiotics 3 Banana & 3 Strawberry Whole Milk Yogurt Vitamin D Added","","Stonyfield Organic Yo baby With Probiotics 3 Banana & 3 Strawberry Whole Milk Yogurt Vitamin D Added","4.38","0.0","Market Basket","4 oz","4 oz","X798.jpg","","1"
"14555","Breakfast & Dairy","Tea & Coffee","Tea","Celestial Seasonings","Celestial Seasonings Sleepytime Vanilla Caffeine Free Herbal Tea","","Celestial Seasonings Sleepytime Vanilla Caffeine Free Herbal Tea","3.09","0.0","Market Basket","20 count","20 count","3481.jpg","","8"
"30921","Breakfast & Dairy","Dairy & Eggs","Yogurt","Chobani","Chobani Flip PeanuttyS'mores ","","Chobani Flip PeanuttyS'mores ","1.25","0.0","Market Basket","5.3 oz","5.3 oz","X128.jpg","","1"
"14845","Personal Care","Body Wash, Soap & Hair Care","Soap","Dr. Natural","Dr. Natural Pure Castile Multi-purpose Liquid Soap, Peppermint","","Dr. Natural Pure Castile Multi-purpose Liquid Soap, Peppermint","9.88","1.0","Market Basket","32 fl oz","32 fl oz","No Image.jpg","","13"
"5928","Beverages & Juices","Tea, Coffee, Milk & Coconut Water","Single To-Go Coffee","KITU","KITU Super Coffee Maple Pumpkin","","KITU Super Coffee Maple Pumpkin","3.13","0.0","Market Basket","12 fl oz","12 fl oz","No Image.jpg","","17"
"52","Kitchen & Cleaning","Air Fresheners & Candles","Air Freshener Refill","Air Wick","Air Wick Scented Oil Apple Cinnamon Medley Air Freshener Refill","","Air Wick Scented Oil Apple Cinnamon Medley Air Freshener Refill","3.69","1.0","Market Basket","0.67 fl oz","0.67 fl oz","4210.jpg","","15"
"31015","Frozen Food","Frozen Pasta","Frozen Pasta","Conte's","Conte's Gluten Free Spinach & Cheese Ravioli","734158940108","Conte's Gluten Free Spinach & Cheese Ravioli","5.86","0.0","Market Basket","12 oz","12 oz","X4346.jpg","","18"
"9826","Frozen Food","Frozen Produce","Frozen Produce","Green Giant","Green Giant Sugar Snap Peas","","Green Giant Sugar Snap Peas","2.09","0.0","Market Basket","9 oz","9 oz","2457.jpg","","19"
"4407","Meat & Seafood","Hot Dogs, Bacon & Sausage","Bacon","Smithfield","Smithfield Bacon","","Smithfield Bacon","8.19","0.0","Market Basket","16 oz","16 oz","4188.jpg","","1"
"35129","Condiments & Dressings","Salad Dressings & Toppings","Salad Dressing & Toppings","Wish Bone","Wish Bone Fat Free Italian Dressing ","041321005459","Wish Bone Fat Free Italian Dressing ","2.5","0.0","Market Basket","15 fl oz","15 fl oz","X900.jpg","","2"
"7902","Cooking Needs","Canned Food","Canned Meat & Seafood","Willow Tree","Willow Tree Poultry Farm Chicken Salad Premium White Meat Classic","","Willow Tree Poultry Farm Chicken Salad Premium White Meat Classic","6.09","0.0","Market Basket","15 oz","15 oz","17153.jpg","","22"
"31341","Beverages & Juices","Juices & Refrigerated Drinks","Refrigerated Drinks","Floridas Natural","Floridas Natural SOME PULP 100% PRIMIUM Florida Natural ORANGE JUICE WITH  NOT CONCENTRATE / NON GMO","","Floridas Natural SOME PULP 100% PRIMIUM Florida Natural ORANGE JUICE WITH  NOT CONCENTRATE / NON GMO","3.74","0.0","Market Basket","52 fl oz","52 fl oz","X270.jpg","","1"
"3836","Fresh Produce","Fresh Organic Vegetables","Russet Potato","Market Basket","Organic Russet Potatoes Bag","","Organic Russet Potatoes Bag","6.31","0.0","Market Basket","5 lb","5 lb","14437.jpg","","20"
"4663","Meat & Seafood","Canned Meat & Seafood","Canned Sardines","Goya","Goya Premium Sardinas In Olive Oil","","Goya Premium Sardinas In Olive Oil","3.09","0.0","Market Basket","120 g","120 g","5229.jpg","","2"
"30962","Pasta & Sauces","Pasta Sauce","Pasta Sauce","Classico","Classico Pasta Sauce Roasted Garlic","041129077825","Classico Pasta Sauce Roasted Garlic","2.5","0.0","Market Basket","24 oz","24 oz","X1491.jpg","","4"
"32844","Breakfast & Dairy","Breads & Rolls","Bread","Market Basket","Market Basket Soft Oatmeal Bread","049705544372","Market Basket Soft Oatmeal Bread","2.5","0.0","Market Basket","24 oz","24 oz","X2369.jpg","","18"
"419","Kitchen & Cleaning","Trash Bags & Liners","Large Trash Bags","Hefty","Hefty Extra Strong Multipurpose Trash Drawstring Bags","","Hefty Extra Strong Multipurpose Trash Drawstring Bags","8.59","1.0","Market Basket","28 x 30 gal","28 x 30 gal","4683.jpg","","12"
"14569","Breakfast & Dairy","Tea & Coffee","Tea","Lipton","Lipton Green Tea Bags Purple Acai Blueberry","","Lipton Green Tea Bags Purple Acai Blueberry","1.89","0.0","Market Basket","20 count","20 count","3485.jpg","","8"
"35337","Richardson's Farm Ice Cream","Frozen Yogurt","Chocolate Chip","Richarson's Farm","Richarson's Farm Cocolate Chip Frozen Yogurt 95% Fat Free","","Vanilla yogurt with chocolate chips","7.99","0.0","Richardson's Farm","1-2 Gal. Container","1-2 Gal. Container","RichardsonsFarm.jpg","",""
"521","Laundry & Paper Goods","Laundry","Laundry Detergent","Arm & Hammer","Arm & Hammer Clean& Simple Laundry Detergent Crisp Clean","","Arm & Hammer Clean& Simple Laundry Detergent Crisp Clean","9.99","1.0","Market Basket","122.5 fl oz","122.5 fl oz","No Image.jpg","","15"
"7186","Cooking Needs","Spices & Seasonings","Spices & Seasonings","Badia","Badia Cinnamon Sticks","","Badia Cinnamon Sticks","2.49","0.0","Market Basket","1.25 oz","1.25 oz","2222.jpg","","9"
"33592","Frozen Food","Frozen Pizza","Frozen Pizza","Newman's Own ","Newman's Own Thin And Crispy Pizza Supreme ","020662006028","Newman's Own Thin And Crispy Pizza Supreme ","6.61","0.0","Market Basket","17 oz","17 oz","X4910.jpg","","19"
"218","Kitchen & Cleaning","Cleaning Products","Toilet Cleaner","Clorox","Clorox Toilet Wand Toilet Bowl Cleaner","","Clorox Toilet Wand Toilet Bowl Cleaner","12.19","1.0","Market Basket","1 count","1 count","4267.jpg","","15"
"13706","Breakfast & Dairy","Dairy & Eggs","Packaged Cheese","Kraft","Kraft Singles White American Cheese Slices","","Kraft Singles White American Cheese Slices","4.09","0.0","Market Basket","24 x 16 oz","24 x 16 oz","124.jpg","","1"
"404","Laundry & Paper Goods","Paper Goods","Bathroom Tissues / Toilet Paper","Charmin","Charmin Ultra Strong Toilet Paper 6 Rolls","","Charmin Ultra Strong Toilet Paper 6 Rolls","11.24","1.0","Market Basket","6 count","6 count","4624.jpg","","14"
"34980","Beverages & Juices","Juices & Refrigerated Drinks","Juice & Nectars","V8","V8 Energy Peach Mango","051000153418","V8 Energy Peach Mango","3.74","0.0","Market Basket","14 fl oz","14 fl oz","X3136.jpg","","10"
"5226","Chips, Cookies & Snacks","Cookies & Crackers","Crackers","Nabisco","Nabisco Wheat Thins Crackers, Big","","Nabisco Wheat Thins Crackers, Big","3.91","0.0","Market Basket","8 oz","8 oz","No Image.jpg","","6"
"13477","Breakfast & Dairy","Dairy & Eggs","Milk","Hood","Hood Fat Free Milk","","Hood Fat Free Milk","1.74","0.0","Market Basket","1 quart","1 quart","500.jpg","","1"
"5336","Chips, Cookies & Snacks","Cookies & Crackers","Cookies & Cakes","belVita","belVita Bites Chocolate","","belVita Bites Chocolate","4.69","0.0","Market Basket","8.8 oz","8.8 oz","No Image.jpg","","6"
"6877","Cooking Needs","Baking & Cooking","Baking Ingredients","Market Basket","Market Basket Cooking Spray","","Market Basket Cooking Spray","2.09","0.0","Market Basket","6 oz","6 oz","Market Basket.jpg","","2"
"13204","Cooking Needs","Baking & Cooking","Baking Mix","King Arthur Flour","King Arthur Flour All Purpose Baking Mix Gluten Free","","King Arthur Flour All Purpose Baking Mix Gluten Free","7.39","0.0","Market Basket","24 oz","24 oz","17632.jpg","","5"
"5435","Chips, Cookies & Snacks","Candy & Chocolates","Candy & Chocolate","Dove","Mars Dove Promises, Holiday Gift Dark Chocolate Christmas Candy Bag","","Mars Dove Promises, Holiday Gift Dark Chocolate Christmas Candy Bag","4.59","0.0","Market Basket","8.87 oz","8.87 oz","14971.jpg","","3"
"13731","Breakfast & Dairy","Dairy & Eggs","Packaged Cheese","Market Basket","Market Basket Deluxe American Slices White","","Market Basket Deluxe American Slices White","3.69","0.0","Market Basket","1 lb","1 lb","Market Basket.jpg","","1"
"34124","Beverages & Juices","Energy & Sports Drinks","Energy & Sports Drinks","Powerade","Powerade Ultra Citrus Blast","049000530995","Powerade Ultra Citrus Blast","1.56","0.0","Market Basket","20 fl oz","20 fl oz","X2705.jpg","","10"
"9996","Frozen Food","Ice Cream & Ice","Ice Cream & Ice","Brigham's Ice Cream","Brigham's Ice Cream The Big Dig","","Brigham's Ice Cream The Big Dig","3.69","0.0","Market Basket","1 quart","1 quart","16196.jpg","","21"
"35156","Breakfast & Dairy","Breads & Rolls","Bread","Wonder Bread","Wonder Bread Italian Bread","072250011396","Wonder Bread Italian Bread","4.36","0.0","Market Basket","20 oz","20 oz","X2457.jpg","","18"
"6943","Cooking Needs","Baking & Cooking","Doughs, Gelatins & Bake Mixes","Betty Crocker","Betty Crocker Super Moist Carrot Cake Mix","","Betty Crocker Super Moist Carrot Cake Mix","1.89","0.0","Market Basket","15.25 oz","15.25 oz","2082.jpg","","8"
"34139","Beverages & Juices","Energy & Sports Drinks","Energy & Sports Drinks","Powerade","Powerade Power Water Cucumber Lime","049000530919","Powerade Power Water Cucumber Lime","5.0","0.0","Market Basket","6 x 16.9 fl oz","6 x 16.9 fl oz","X2778.jpg","","10"
"34457","Condiments & Dressings","Preserved Dips & Spreads","Spreads","Santa Cruz","Santa Cruz Organic Strawberry Fruit Spread ","","Santa Cruz Organic Strawberry Fruit Spread ","4.61","0.0","Market Basket","9.5 oz","9.5 oz","X752.jpg","","3"
"10119","Frozen Food","Ice Cream & Ice","Ice Cream & Ice","Klondike","Klondike Ice Cream & Frozen Dessert Bars Toffee","","Klondike Ice Cream & Frozen Dessert Bars Toffee","4.09","0.0","Market Basket","6 count","6 count","18018.jpg","","21"
"4009","Fresh Produce","Fresh Vegetables","Sweet Onion","Market Basket","Sweet Vidalia Onions, Bag","","Sweet Vidalia Onions, Bag","5.51","0.0","Market Basket","10 lb bag","10 lb bag","14339.jpg","","20"
"7563","Cooking Needs","Canned Food","Canned & Jarred Vegetables","Pastene","Pastene Baby Artichoke","","Pastene Baby Artichoke","4.39","0.0","Market Basket","9.9 oz","9.9 oz","4981.jpg","","9"
"4659","Meat & Seafood","Canned Meat & Seafood","Canned Tuna","Genova","Genova Yellowfin Tuna in Extra Virgin Olive Oil with Sea Salt","","Genova Yellowfin Tuna in Extra Virgin Olive Oil with Sea Salt","2.49","0.0","Market Basket","5 oz","5 oz","5240.jpg","","2"
"7364","Cooking Needs","Spices & Seasonings","Spices & Seasonings","Mrs. Dash","Mrs. Dash Mrs. Dash Salt Free Seasoning Blend Original Blend","","Mrs. Dash Mrs. Dash Salt Free Seasoning Blend Original Blend","3.69","0.0","Market Basket","2.5 oz","2.5 oz","15644.jpg","","9"
"12787","Breakfast & Dairy","Breads & Rolls","Bread","Udi's","Udis Bread, Cinnamon Raisin","","Udis Bread, Cinnamon Raisin","4.89","0.0","Market Basket","12 oz","12 oz","17012.jpg","","18"
"31459","Breakfast & Dairy","Cereal","Cereal","General Mills","General Mills Lucky Charms Frosted Flakes","016000125728","General Mills Lucky Charms Frosted Flakes","3.75","0.0","Market Basket","13.8 oz","13.8 oz","X3436.jpg","","5"
"32939","Cooking Needs","Canned Food","Canned Fruit & Applesauce","Market Basket","Market Basket Apple Sauce Original  6 Pack ","","Market Basket Apple Sauce Original  6 Pack ","2.11","0.0","Market Basket","24 oz","24 oz","X541.jpg","","3"
"6098","Beverages & Juices","Soft Drinks & Seltzers","Soft Drinks","Coca-Cola","Coca Cola Original Taste Box of Cans","","Coca Cola Original Taste Box of Cans","6.86","0.0","Market Basket","12 x 12 fl oz","12 x 12 fl oz","No Image.jpg","","17"
"7588","Cooking Needs","Canned Food","Canned & Jarred Vegetables","Pennsylvania Dutchman","Sliced Mushrooms","","Sliced Mushrooms","1.69","0.0","Market Basket","4.5 oz","4.5 oz","17090.jpg","","9"
"9346","Frozen Food","Frozen Dessert","Frozen Dessert","Marie Callender's","Marie Callender's Chocolate Satin Pie","","Marie Callender's Chocolate Satin Pie","7.39","0.0","Market Basket","28 oz","28 oz","2964.jpg","","19"
"32444","Frozen Food","Frozen Fruit & Juice","Frozen Fruit","La Fe","La Fe Mango Pulp","023545002537","La Fe Mango Pulp","1.88","0.0","Market Basket","14 oz","14 oz","X4407.jpg","","18"
"33848","Pasta & Sauces","Raw Pasta","Raw Pasta","Pastene","Pastene Organic Spaghetti","066086070764","Pastene Organic Spaghetti","2.11","0.0","Market Basket","16 oz","16 oz","X1600.jpg","","4"
"34458","Condiments & Dressings","Preserved Dips & Spreads","Spreads","Santa Cruz","Santa Cruz Organic Apricot Fruit Spread ","","Santa Cruz Organic Apricot Fruit Spread ","4.61","0.0","Market Basket","9.5 oz","9.5 oz","X753.jpg","","3"
"34602","Cooking Needs","Oils & Vinegars","Oils & Vinegars","Spectrum","Spectrum Culinary Partners In Cooking Organic Coconut Oil Non-Stick Cooking Spary Expeller Pressed Refined","022506138070","Spectrum Culinary Partners In Cooking Organic Coconut Oil Non-Stick Cooking Spary Expeller Pressed Refined","11.24","0.0","Market Basket","6 oz","6 oz","X1950.jpg","","2"
"35127","Pasta & Sauces","Instant Pasta","Instant Pasta","Wisconsin's Finest","Wisconsin's Finest Organic Macaroni & Cheese Yellow Cheddar","080364182185","Wisconsin's Finest Organic Macaroni & Cheese Yellow Cheddar","2.5","0.0","Market Basket","6 oz","6 oz","X1233.jpg","","4"
"30984","Breakfast & Dairy","Dairy & Eggs","Yogurt","Clio ","Clio Peanut Butter Greek Yogurt Bar Wrapped in Chocolate 8g Protein Sweet & Tart ","","Clio Peanut Butter Greek Yogurt Bar Wrapped in Chocolate 8g Protein Sweet & Tart ","1.24","0.0","Market Basket","7 oz","7 oz","X163.jpg","","1"
"13839","Breakfast & Dairy","Dairy & Eggs","Refrigerated Pudding & Desserts","KozyShack","KozyShack Pudding, Tapioca, Simply Well, Sleeve","","KozyShack Pudding, Tapioca, Simply Well, Sleeve","3.09","0.0","Market Basket","4 oz","4 oz","822.jpg","","19"
"33502","Breakfast & Dairy","Bars & Pastries","Granola Bars","Nature's Path","Nature's Path Orignal Sunrise Breakfast  Organic Granola Bars","058449160007","Nature's Path Orignal Sunrise Breakfast  Organic Granola Bars","4.99","0.0","Market Basket","7.02 oz","7.02 oz","X3899.jpg","","5"
"32983","Pasta & Sauces","Instant Pasta","Instant Pasta","Market Basket","Deluxe Shells & Cheese Made with Aged Cheddar Cheese ","049705032817","Deluxe Shells & Cheese Made with Aged Cheddar Cheese ","3.75","0.0","Market Basket","12 oz","12 oz","X1189.jpg","","4"
"33566","Cooking Needs","Rice & Grains","Instant Rice","Near East ","Near East Rice Pilaf Mix Toasted Almond","072251001464","Near East Rice Pilaf Mix Toasted Almond","1.88","0.0","Market Basket","6.6 oz","6.6 oz","X1028.jpg","","4"
"6920","Cooking Needs","Baking & Cooking","Baking Ingredients","Sweet 'N Low","Sweet'N Low Zero Calorie Sweetener","","Sweet'N Low Zero Calorie Sweetener","1.89","0.0","Market Basket","100 count","100 count","15688.jpg","","8"
"8110","Cooking Needs","Canned Food","Soup, Broth & Bouillon","Progresso","Progresso Soup, Low Fat Light, Chicken Vegetable Rotini Soup","","Progresso Soup, Low Fat Light, Chicken Vegetable Rotini Soup","2.49","0.0","Market Basket","18.5 oz","18.5 oz","5257.jpg","","9"
"31816","Meat & Seafood","Packaged Meat & Seafood","Ham","Hormel ","Hormel Natural Choice Applewood Smoked Ham ","","Hormel Natural Choice Applewood Smoked Ham ","4.99","0.0","Market Basket","6 oz","6 oz","X4507.jpg","","1"
"5835","Breakfast & Dairy","Bars & Pastries","Protien Bars","thinkThin","Think Thin Lean Protein & Fiber Bars Chocolate Almond Brownie","","Think Thin Lean Protein & Fiber Bars Chocolate Almond Brownie","1.59","0.0","Market Basket","1.41 oz","1.41 oz","15228.jpg","","3"
"7833","Cooking Needs","Canned Food","Canned Meat & Seafood","Chicken of the Sea","Chicken of the Sea Chunk Light Tuna in Water To Go Cups","","Chicken of the Sea Chunk Light Tuna in Water To Go Cups","2.49","0.0","Market Basket","2 x 2.8 oz","2 x 2.8 oz","5218.jpg","","2"
"4531","Meat & Seafood","Lunch Meat","Other Meat","Carando","Carando Classic Italian Foods Prosciutto","","Carando Classic Italian Foods Prosciutto","6.59","0.0","Market Basket","0.67 oz","0.67 oz","No Image.jpg","","22"
"14430","Breakfast & Dairy","Tea & Coffee","Coffee","Nescafe","Nescafe Clasico Dark Roast Instant Coffee","","Nescafe Clasico Dark Roast Instant Coffee","1.29","0.0","Market Basket","7 oz","7 oz","16285.jpg","","8"
"6660","Beverages & Juices","Juices & Refrigerated Drinks","Refrigerated Drinks","Simply","Simply Lemonade with Raspberry All Natural","","Simply Lemonade with Raspberry All Natural","3.69","0.0","Market Basket","59 fl oz","59 fl oz","16524.jpg","","1"
"3688","Fresh Produce","Fresh Fruits","Orange","Market Basket","Navel Orange Bag","","Navel Orange Bag","7.0","0.0","Market Basket","4 lb bag","4 lb bag","14272.jpg","","20"
"3945","Fresh Produce","Fresh Vegetables","Potato","Little Potato Company","Savory Herb","","Savory Herb","4.39","0.0","Market Basket","1 lb","1 lb","f260.jpg","","20"
"15050","Personal Care","Personal Needs","Deodorants","Secret","Secret Shower Fresh Invisible Solid Antiperspirant and Deodorant","","Secret Shower Fresh Invisible Solid Antiperspirant and Deodorant","4.7","1.0","Market Basket","2.6 oz","2.6 oz","18129.jpg","","13"
"33172","Cooking Needs","Oils & Vinegars","Oils & Vinegars","Market Basket ","Market Basket Red Wine Vinegar ","","Market Basket Red Wine Vinegar ","0.99","0.0","Market Basket","16 fl oz","16 fl oz","X1792.jpg","","2"
"14910","Personal Care","Feminine Care","Tampon","Tampax","Tampax Cardboard Tampons Regular","","Tampax Cardboard Tampons Regular","4.82","1.0","Market Basket","20 count","20 count","6508.jpg","","13"
"15166","Personal Care","Personal Needs","Oral Hygiene","Colgate","Colgate Optic White Enamel White Toothpaste Luminous Mint","","Colgate Optic White Enamel White Toothpaste Luminous Mint","5.62","1.0","Market Basket","3.5 oz","3.5 oz","6392.jpg","","13"
"32261","Condiments & Dressings","Salad Dressings & Toppings","Salad Dressing & Toppings","Ken's Steak House","Ken's Seak House Italian Dressing ","041335000501","Ken's Seak House Italian Dressing ","3.49","0.0","Market Basket","16 fl oz","16 fl oz","X429.jpg","","2"
"15140","Personal Care","Personal Needs","Oral Hygiene","Act","Act Restoring Anticavity Fluoride Mouthwash Cool Mint","","Act Restoring Anticavity Fluoride Mouthwash Cool Mint","6.43","1.0","Market Basket","18 fl oz","18 fl oz","6464.jpg","","13"
"9594","Frozen Food","Frozen Dinners & Entrees","Frozen Meal","On Cor","On Cor Clear Bags Breaded Dinosaur Shaped Chicken Patties Dynosaur Bites","","On Cor Clear Bags Breaded Dinosaur Shaped Chicken Patties Dynosaur Bites","5.89","0.0","Market Basket","1 lb","1 lb","15968.jpg","","1"
"9031","Condiments & Dressings","Preserved Dips & Spreads","Spreads","Skippy","Skippy Creamy Peanut Butter","","Skippy Creamy Peanut Butter","3.09","0.0","Market Basket","16.3 oz","16.3 oz","1633.jpg","","3"
"6694","Breakfast & Dairy","Bars & Pastries","Protien Bars","Atkins","Atkins Protein Rich Meal Bar Chocolate Chip Cookie Dough","","Atkins Protein Rich Meal Bar Chocolate Chip Cookie Dough","7.39","0.0","Market Basket","5 x 2.12 oz","5 x 2.12 oz","17653.jpg","","13"
"32910","Breakfast & Dairy","Dairy & Eggs","Yogurt","Market Basket","Market Basket Light Nonfat Yogurt Raspberry With Other Natural Flavors","","Market Basket Light Nonfat Yogurt Raspberry With Other Natural Flavors","0.63","0.0","Market Basket","6 oz","6 oz","X548.jpg","","1"
"31612","Meat & Seafood","Canned Meat & Seafood","Chicken","Goya","Goya Luncheon Meat Pork & Chicken","","Goya Luncheon Meat Pork & Chicken","3.49","0.0","Market Basket","12 oz","12 oz","X1859.jpg","","2"
"13982","Breakfast & Dairy","Dairy & Eggs","Specialty Cheeses","Reny Picot","Reny Picot All Natural Gouda Cheese","","Reny Picot All Natural Gouda Cheese","4.09","0.0","Market Basket","1 per lb","1 per lb","17299.jpg","","1"
"6434","Beverages & Juices","Soft Drinks & Seltzers","Soft Drinks","Market Basket","Market Basket Orange Soda","","Market Basket Orange Soda","0.63","0.0","Market Basket","20 fl oz","20 fl oz","Market Basket.jpg","","17"
"5011","Chips, Cookies & Snacks","Chips & Fruit Snacks","Ready Popcorn","Utz","Utz Popcorn Cheese","","Utz Popcorn Cheese","3.91","0.0","Market Basket","6.5 oz","6.5 oz","No Image.jpg","","0"
"30538","Cooking Needs","Baking & Cooking","Baking Ingredients","Bob's Red Mill","Bob's Red Mill Sesame Seeds ","039978024374","Bob's Red Mill Sesame Seeds ","4.36","0.0","Market Basket","10 oz","10 oz","X5246.jpg","","3"
"6092","Beverages & Juices","Soft Drinks & Seltzers","Soft Drinks","Coca-Cola","Coca Cola Original Taste","","Coca Cola Original Taste","1.24","0.0","Market Basket","2 L","2 L","3937.jpg","","17"
"15002","Personal Care","First Aid & Healthcare","Muscles, Joints & Pain Relief","Topcare","TopCare Children's Pain Reliever & Fever Reducer Acetaminophen 160 Mg Per 5 Ml Oral Suspension, Cherry","","TopCare Children's Pain Reliever & Fever Reducer Acetaminophen 160 Mg Per 5 Ml Oral Suspension, Cherry","4.24","1.0","Market Basket","4 fl oz","4 fl oz","6636.jpg","","13"
"12980","Breakfast & Dairy","Breads & Rolls","Tortillas & Flat Bread","Pringles","Pringles Potato Crisps Chips Sour Cream & Onion Flavored","","Pringles Potato Crisps Chips Sour Cream & Onion Flavored","0.69","0.0","Market Basket","1.41 oz","1.41 oz","17033.jpg","","0"
"7031","Cooking Needs","Baking & Cooking","Doughs, Gelatins & Bake Mixes","Royal","Royal Gelatin, Cherry, Sugar Free, Box","","Royal Gelatin, Cherry, Sugar Free, Box","0.49","0.0","Market Basket","0.32 oz","0.32 oz","2107.jpg","","8"
"10067","Frozen Food","Ice Cream & Ice","Ice Cream & Ice","Haagen-dazs","Haagen dazs Coffee Ice Cream","","Haagen dazs Coffee Ice Cream","3.69","0.0","Market Basket","14 fl oz","14 fl oz","3074.jpg","","21"
"34248","Breakfast & Dairy","Granola & Oats","Oats","Quaker","Quaker Maple & Brown Sugar  Instant Oatmeal","030000011904","Quaker Maple & Brown Sugar  Instant Oatmeal","3.13","0.0","Market Basket","10 x 1.51 oz","10 x 1.51 oz","X3585.jpg","","5"
"5888","Beverages & Juices","Tea, Coffee, Milk & Coconut Water","Single To-Go Coffee","Dunkin' Donuts","Dunkin' Donuts Iced Mocha","","Dunkin' Donuts Iced Mocha","3.13","0.0","Market Basket","13.7 fl oz","13.7 fl oz","No Image.jpg","","17"
"14378","Breakfast & Dairy","Tea & Coffee","Coffee","Folgers ","Folgers K Cup Pods Medium Dark Roast 100% Colombian","","Folgers K Cup Pods Medium Dark Roast 100% Colombian","7.39","0.0","Market Basket","12 count","12 count","3349.jpg","","8"
"14678","Personal Care","Body Wash, Soap & Hair Care","Body Lotion","Vaseline","Vaseline Spray On Lotion Spray Moisturizer Cocoa Radiant","","Vaseline Spray On Lotion Spray Moisturizer Cocoa Radiant","9.88","1.0","Market Basket","6.5 oz","6.5 oz","18144.jpg","","13"
"33206","Meat & Seafood","Packaged Meat & Seafood","Bacon","Market Basket ","Market Basket Fully Cooked Bacon","","Market Basket Fully Cooked Bacon","4.99","0.0","Market Basket","21 oz","21 oz","X4691.jpg","","1"
"10234","Frozen Food","Frozen Dessert","Frozen Dessert","Talenti","Talenti Gelato Key Lime Pie","","Talenti Gelato Key Lime Pie","4.89","0.0","Market Basket","1 pint","1 pint","3182.jpg","","21"
"13931","Breakfast & Dairy","Dairy & Eggs","Specialty Cheeses","Bucheron","Bucheron Soft Goat Cheese","","Bucheron Soft Goat Cheese","10.99","0.0","Market Basket","1 lb","1 lb","Market Basket.jpg","","1"
"34565","Beverages & Juices","Tea, Coffee, Milk & Coconut Water","Tea","Snapple","Snapple All Natural Peach Tea ","076183323564","Snapple All Natural Peach Tea ","2.49","0.0","Market Basket","32 fl oz","32 fl oz","X2971.jpg","","10"
"13771","Breakfast & Dairy","Dairy & Eggs","Packaged Cheese","Market Basket","Market Basket Swiss","","Market Basket Swiss","6.09","0.0","Market Basket","1 per lb","1 per lb","Market Basket.jpg","","1"
"5506","Chips, Cookies & Snacks","Candy & Chocolates","Candy & Chocolate","M&M","M&m's Peanut Chocolate Candy","","M&m's Peanut Chocolate Candy","3.69","0.0","Market Basket","14 oz","14 oz","1006.jpg","","3"
"32091","Breakfast & Dairy","Bars & Pastries","Breakfast Bars","Kellogg's ","Kellogg's Special K Pastry Crisps Brown Sugar Cinnamon","038000167713","Kellogg's Special K Pastry Crisps Brown Sugar Cinnamon","3.13","0.0","Market Basket","6 x 0.88 oz","6 x 0.88 oz","X3946.jpg","","5"
"3584","Fresh Produce","Fresh Vegetables","Celery","Market Basket","Celery Bunch","","Celery Bunch","3.55","0.0","Market Basket","1 lb bunch","1 lb bunch","14361.jpg","","20"
"32012","Frozen Food","Frozen Dinners & Entrees","Frozen Meal","Kahiki","Kahiki General Tso's chicken, Bowl & Roll","054347311213","Kahiki General Tso's chicken, Bowl & Roll","3.13","0.0","Market Basket","12 oz","12 oz","X3958.jpg","","18"
"34831","Breakfast & Dairy","Breads & Rolls","Bagels","Thomas","Thomas Bagel Thins Cinnamon Raisin","048121135416","Thomas Bagel Thins Cinnamon Raisin","5.61","0.0","Market Basket","13 oz","13 oz","X2601.jpg","","18"
"34716","Condiments & Dressings","Marinades, Ketchup & Sauces","Sauce","Sun Luck","Sun Luck Spicy Oyster Flavored Sauce ","076132090271","Sun Luck Spicy Oyster Flavored Sauce ","3.74","0.0","Market Basket","9 oz","9 oz","X5346.jpg","","3"
"3471","Fresh Produce","Fresh Fruits","Red Quava","Market Basket","Red Guava","","Red Guava","6.59","0.0","Market Basket","1 lb","1 lb","f57.jpg","","20"
"14824","Personal Care","Body Wash, Soap & Hair Care","Scrub","St. Ives","St. Ives Face Scrub Apricot, Deeply Cleans, Smooth And Glowing Skin, Dermatologist-tested, Natural Exfoliants","","St. Ives Face Scrub Apricot, Deeply Cleans, Smooth And Glowing Skin, Dermatologist-tested, Natural Exfoliants","5.62","1.0","Market Basket","6 oz","6 oz","18145.jpg","","13"
"4026","Fresh Produce","Fresh Vegetables","Tomato","Market Basket","Vine Ripened Tomatoes","","Vine Ripened Tomatoes","2.52","0.0","Market Basket","1 lb","1 lb","f301.jpg","","20"
"32849","Breakfast & Dairy","Breads & Rolls","Bread","Market Basket","Market Basket Pumpernickel Bread","049705018958","Market Basket Pumpernickel Bread","1.88","0.0","Market Basket","16 oz","16 oz","X2374.jpg","","18"
"8131","Cooking Needs","Canned Food","Soup, Broth & Bouillon","Swanson","Swanson 50% Less Sodium Beef Broth","","Swanson 50% Less Sodium Beef Broth","1.29","0.0","Market Basket","14.5 oz","14.5 oz","5398.jpg","","9"
"8351","Condiments & Dressings","Honey, Syrup & Nectars","Syrup","Aunt Jemima","Aunt Jemima Syrup, Original","","Aunt Jemima Syrup, Original","6.09","0.0","Market Basket","64 oz","64 oz","1600.jpg","","3"
"4911","Chips, Cookies & Snacks","Chips & Fruit Snacks","Chips & Pretzels","Rold Gold","Rold Gold Tiny Twists Original Pretzels","","Rold Gold Tiny Twists Original Pretzels","5.14","0.0","Market Basket","16 oz","16 oz","14834.jpg","","0"
"6620","Beverages & Juices","Juices & Refrigerated Drinks","Refrigerated Drinks","Naked","Naked Pure Fruit Mighty Mango Juice Smoothie","","Naked Pure Fruit Mighty Mango Juice Smoothie","3.69","0.0","Market Basket","15.2 fl oz","15.2 fl oz","3851.jpg","","20"
"31203","Pasta & Sauces","Raw Pasta","Raw Pasta","Dreamfields","Dreamfields Vegan Pasta Rotini","767387034201","Dreamfields Vegan Pasta Rotini","2.5","0.0","Market Basket","13.25 oz","13.25 oz","X1581.jpg","","4"
"31824","Condiments & Dressings","Marinades, Ketchup & Sauces","Sauce","House Of Tsang ","Hous Of Tsang Ginger Flavored Soy Sauce ","075050006289","Hous Of Tsang Ginger Flavored Soy Sauce ","4.99","0.0","Market Basket","9.85 fl oz","9.85 fl oz","X5315.jpg","","3"
"34896","Breakfast & Dairy","Dairy & Eggs","Yogurt","Tropical ","Tropical Drinkable Lowfat Yogurt Para Beber Strawberry ","","Tropical Drinkable Lowfat Yogurt Para Beber Strawberry ","0.99","0.0","Market Basket","7 fl oz","7 fl oz","X840.jpg","","1"
"30076","Frozen Food","Frozen Dinners & Entrees","Frozen Meal","Amy's ","Amy's Rice Mac & Cheese","042272000456","Amy's Rice Mac & Cheese","4.36","0.0","Market Basket","9 oz","9 oz","X4155.jpg","","18"
"31621","Beverages & Juices","Tea, Coffee, Milk & Coconut Water","Tea","Green Leaf Brand","Green Leaf Brand Dieters Herbal Drink Tea","739572787780","Green Leaf Brand Dieters Herbal Drink Tea","4.49","0.0","Market Basket","1.90 oz","1.90 oz","X3210.jpg","","2"
"9226","Frozen Food","Frozen Pizza","Frozen Pizza","Tuscan Pizza Company","Tuscan Pizza Company Pizza Dough Ball Organic","","Tuscan Pizza Company Pizza Dough Ball Organic","1.59","0.0","Market Basket","16 oz","16 oz","Market Basket.jpg","","19"
"5957","Beverages & Juices","Cocoa & Drink Mixes","Cocoa & Drink Mixes","Mr & Mrs T","Mr & Mrs T Original Bloody Mary Mix","","Mr & Mrs T Original Bloody Mary Mix","4.99","0.0","Market Basket","1 L","1 L","No Image.jpg","","17"
"33314","Cooking Needs","Rice & Grains","Instant Rice","Minute Rice","Minute Chicken flavored rice","017400140021","Minute Chicken flavored rice","2.11","0.0","Market Basket","8.8 oz","8.8 oz","X1009.jpg","","4"
"7970","Cooking Needs","Canned Food","Soup, Broth & Bouillon","Campbell's","Campbell's Condensed Cream of Chicken Soup","","Campbell's Condensed Cream of Chicken Soup","2.09","0.0","Market Basket","10.75 oz","10.75 oz","5310.jpg","","2"
"31004","Condiments & Dressings","Marinades, Ketchup & Sauces","Mustard Sauce","Colman's ","Colman's Est 1814 Original Norwich English Mastard ","054400000405","Colman's Est 1814 Original Norwich English Mastard ","3.74","0.0","Market Basket","10 oz","10 oz","X2165.jpg","","2"
"32777","Beverages & Juices","Juices & Refrigerated Drinks","Juice & Nectars","Market Basket","Market Basket Apple Juice Cocktail from Concentrate","049705061220","Market Basket Apple Juice Cocktail from Concentrate","1.61","0.0","Market Basket","64 fl oz","64 fl oz","X2879.jpg","","10"
"10026","Frozen Food","Ice Cream & Ice","Ice Cream & Ice","Elan","Elan Low Fat Frozen Yogurt Black Raspberry","","Elan Low Fat Frozen Yogurt Black Raspberry","3.69","0.0","Market Basket","1 quart","1 quart","16179.jpg","","21"
"15250","Personal Care","Personal Needs","Oral Hygiene","Oral-B","Oral-B Toothbrush Pro Health Stages 5-7 Yrs Soft","","Oral-B Toothbrush Pro Health Stages 5-7 Yrs Soft","3.55","1.0","Market Basket","1 count","1 count","6428.jpg","","13"
"7936","Cooking Needs","Canned Food","Soup, Broth & Bouillon","Campbell's","Campbell's Chunky Soup, Creamy Chicken & Dumplings Soup","","Campbell's Chunky Soup, Creamy Chicken & Dumplings Soup","3.09","0.0","Market Basket","18.8 oz","18.8 oz","5341.jpg","","9"
"32734","Frozen Food","Frozen Dinners & Entrees","Frozen Meal","Marie Callender's","Marie Callender's Steak & Roasted Potatoes","021131905347","Marie Callender's Steak & Roasted Potatoes","3.13","0.0","Market Basket","11.9 oz","11.9 oz","X4039.jpg","","18"
"12972","Breakfast & Dairy","Breads & Rolls","Tortillas & Flat Bread","Market Basket","Market Basket Flour Tortillas Fajita Size 6""","","Market Basket Flour Tortillas Fajita Size 6""","1.59","0.0","Market Basket","9 oz","9 oz","Market Basket.jpg","","7"
"33100","Cooking Needs","Oils & Vinegars","Oils & Vinegars","Market Basket ","Market Basket Organic Canola Oil ","049705022665","Market Basket Organic Canola Oil ","2.49","0.0","Market Basket","24 fl oz","24 fl oz","X1915.jpg","","2"
"298","Kitchen & Cleaning","Food Storage & Kitchen Supplies","Meat Loaf Pans","Hefty","Hefty EZ Foil Meat Loaf Pans 9 in. x 5 in. - 2 CT","","Hefty EZ Foil Meat Loaf Pans 9 in. x 5 in. - 2 CT","3.09","1.0","Market Basket","2 count","2 count","4411.jpg","","12"
"3617","Fresh Produce","Fresh Vegetables","Eggplant","Market Basket","Thai Eggplant Pack (Approx: 1 lb)","","Thai Eggplant Pack (Approx: 1 lb)","4.7","0.0","Market Basket","1 pack","1 pack","FP87.jpg","","20"
"9440","Frozen Food","Frozen Dinners & Entrees","Frozen Meal","American","American Flatbread Sharp & Aromatic Twisted 6 Cheese With Fresh Mozzarella, Asiago, Smoked Cheddar, Sage, Tilsit And Burrata Vermont Cheeses, Topped With Red Onions, & Parsley Handmade, Wood fired, Thin & Crispy Pizza","","American Flatbread Sharp & Aromatic Twisted 6 Cheese With Fresh Mozzarella, Asiago, Smoked Cheddar, Sage, Tilsit And Burrata Vermont Cheeses, Topped With Red Onions, & Parsley Handmade, Wood fired, Thin & Crispy Pizza","10.99","0.0","Market Basket","13.8 oz","13.8 oz","Market Basket.jpg","","18"
"30616","Beverages & Juices","Energy & Sports Drinks","Energy & Sports Drinks","Body Armor","Body Armor Lyte Coconut","858176002775","Body Armor Lyte Coconut","1.88","0.0","Market Basket","16 fl oz","16 fl oz","X2764.jpg","","10"
"32900","Breakfast & Dairy","Dairy & Eggs","Cottage Cheese","Market Basket","Market Basket Grade A Fat Free Cottage Cheese","","Market Basket Grade A Fat Free Cottage Cheese","2.74","0.0","Market Basket","24 oz","24 oz","X579.jpg","","1"
"7511","Cooking Needs","Canned Food","Canned & Jarred Vegetables","Market Basket","Market Basket Leaf Spinach","","Market Basket Leaf Spinach","0.99","0.0","Market Basket","14 oz","14 oz","Market Basket.jpg","","9"
"7357","Cooking Needs","Spices & Seasonings","Spices & Seasonings","McCormick","Morton McCormick Iodized Salt & Pepper","","Morton McCormick Iodized Salt & Pepper","1.69","0.0","Market Basket","2 count","2 count","15627.jpg","","9"
"7007","Cooking Needs","Baking & Cooking","Doughs, Gelatins & Bake Mixes","Pillsbury","Pillsbury Brownie Mix Milk Chocolate","","Pillsbury Brownie Mix Milk Chocolate","1.89","0.0","Market Basket","18.4 oz","18.4 oz","2039.jpg","","8"
"8105","Cooking Needs","Canned Food","Soup, Broth & Bouillon","Progresso","Progresso Rich & Hearty, Chicken and Homestyle Noodles Soup","","Progresso Rich & Hearty, Chicken and Homestyle Noodles Soup","2.49","0.0","Market Basket","19 oz","19 oz","5255.jpg","","9"
"32705","Condiments & Dressings","Salad Dressings & Toppings","Dressing","Maple Grove Farms","Maple Grove Farms of Vermont Honey Mustard Dressing","","Maple Grove Farms of Vermont Honey Mustard Dressing","3.11","0.0","Market Basket","15 fl oz","15 fl oz","X1709.jpg","","2"
"6682","Beverages & Juices","Juices & Refrigerated Drinks","Refrigerated Drinks","Turkey Hill","Turkey Hill Diet with Ginseng & Honey Mango Green Tea","","Turkey Hill Diet with Ginseng & Honey Mango Green Tea","1.89","0.0","Market Basket","0.5 gal","0.5 gal","3876.jpg","","1"
"31712","Condiments & Dressings","Preserved Dips & Spreads","Spreads","Hero ","Hero Red Raspberry Fruit Spread Tartinade de Framboises Rouges ","","Hero Red Raspberry Fruit Spread Tartinade de Framboises Rouges ","4.38","0.0","Market Basket","12 oz","12 oz","X323.jpg","","3"
"32281","Condiments & Dressings","Salad Dressings & Toppings","Salad Dressing & Toppings","Ken's Steak House","Ken's Seak House Honey Balasmic Dressing ","014335000211","Ken's Seak House Honey Balasmic Dressing ","1.25","0.0","Market Basket","16 fl oz","16 fl oz","X449.jpg","","2"
"33698","Meat & Seafood","Packaged Meat & Seafood","Sausage","Old Neighborhood","Old Neighborhood Sweet Chinese Sausage ","","Old Neighborhood Sweet Chinese Sausage ","4.74","0.0","Market Basket","12 oz","12 oz","X4650.jpg","","1"
"34811","Condiments & Dressings","Marinades, Ketchup & Sauces","Paste","Thai Kictchen ","Thai Kitchen Rosted Red Chill Paste","737628006007","Thai Kitchen Rosted Red Chill Paste","3.74","0.0","Market Basket","4 Oz","4 Oz","X5362.jpg","","3"
"14790","Personal Care","Body Wash, Soap & Hair Care","Hair Care","Suave","Suave 2 In 1 Shampoo And Conditioner Strawberry Blast","","Suave 2 In 1 Shampoo And Conditioner Strawberry Blast","3.21","1.0","Market Basket","12 oz","12 oz","6562.jpg","","13"
"4222","Meat & Seafood","Packaged Meat & Seafood","Chicken Wings","Market Basket","Market Basket Whole Wings","","Market Basket Whole Wings","8.29","0.0","Market Basket","Approx: 2.60 lb at $3.19/lb","Approx: 2.60 lb at $3.19/lb","Market Basket.jpg","","22"
"33252","Pasta & Sauces","Pasta Sauce","Pasta Sauce","Mezzetta","Mezzetta Pasta Sauce Marinara","073214009480","Mezzetta Pasta Sauce Marinara","5.49","0.0","Market Basket","25 oz","25 oz","X1427.jpg","","4"
"8104","Cooking Needs","Canned Food","Soup, Broth & Bouillon","Progresso","Progresso Reduced Sodium Chicken Broth","","Progresso Reduced Sodium Chicken Broth","2.49","0.0","Market Basket","32 oz","32 oz","No Image.jpg","","2"
"12884","Breakfast & Dairy","Breads & Rolls","Bagels","York","Zeppy's New York Style Bagels Plain","","Zeppy's New York Style Bagels Plain","3.29","0.0","Market Basket","22 oz","22 oz","4875.jpg","","18"
"13482","Breakfast & Dairy","Dairy & Eggs","Milk","Hood","Hood Vitamins C & D Milk","","Hood Vitamins C & D Milk","4.89","0.0","Market Basket","1 gal","1 gal","483.jpg","","1"
"4623","Meat & Seafood","Canned Meat & Seafood","Other Meat","Spam","Spam 25% Less Sodium Canned Meat","","Spam 25% Less Sodium Canned Meat","3.09","0.0","Market Basket","12 oz","12 oz","17148.jpg","","2"
"6431","Chips, Cookies & Snacks","Nuts, Seeds & Dried Fruit","Nuts, Seeds & Dried Fruit","Sunsweet","Sunsweet Amazin Prunes Pitted Plums","","Sunsweet Amazin Prunes Pitted Plums","5.99","0.0","Market Basket","16 oz","16 oz","1391.jpg","","6"
"33707","Meat & Seafood","Packaged Meat & Seafood","Sausage","Old Neighborhood ","Old Neighborhood Linguica ","","Old Neighborhood Linguica ","4.74","0.0","Market Basket","12 oz","12 oz","X4654.jpg","","1"
"3801","Fresh Produce","Fresh Organic Herbs","Parsley","Gourmet Garden","Gourmet Gardena, Lightly Dried Organic Parsley","","Gourmet Gardena, Lightly Dried Organic Parsley","5.62","0.0","Market Basket","0.35 oz","0.35 oz","97.jpg","","20"
"33387","Frozen Food","Frozen Dinners & Entrees","Frozen Appetizers & Sides","Mrs.T's ","Mrs.T's Pierogies Loaded Baked Potato","041164000482","Mrs.T's Pierogies Loaded Baked Potato","3.13","0.0","Market Basket","16 oz","16 oz","X4330.jpg","","18"
"7444","Cooking Needs","Canned Food","Canned & Jarred Vegetables","Goya","Goya Green Pickled Jalapeno Nacho Slice","","Goya Green Pickled Jalapeno Nacho Slice","2.49","0.0","Market Basket","11 oz","11 oz","5040.jpg","","9"
"35157","Breakfast & Dairy","Breads & Rolls","Buns","Wonder Bread","Wonder Bread Top Sliced Frankfut Buns","072250083966","Wonder Bread Top Sliced Frankfut Buns","3.74","0.0","Market Basket","11.5 oz","11.5 oz","X2452.jpg","","18"
"5035","Chips, Cookies & Snacks","Cookies & Crackers","Cookies & Cakes","Chips Ahoy!","Chips Ahoy! Nabisco Chewy Soft Cookies Brownie Filled","","Chips Ahoy! Nabisco Chewy Soft Cookies Brownie Filled","3.91","0.0","Market Basket","9.5 oz","9.5 oz","1133.jpg","","6"
"31881","Breakfast & Dairy","Dairy & Eggs","Yogurt","Icelandic ","Icelandic Traditional Skyr Provisions plain","","Icelandic Traditional Skyr Provisions plain","1.74","0.0","Market Basket","5.3 oz","5.3 oz","X361.jpg","","1"
"6050","Beverages & Juices","Ice Pops","Ice Pops","Wyler's","Wyler's Italian Aces","","Wyler's Italian Aces","3.13","0.0","Market Basket","16 x 2 oz","16 x 2 oz","No Image.jpg","","17"
"31147","Frozen Food","Frozen Dinners & Entrees","Frozen Meal","Del monte","Del monte Veggieful Broccoli Potato Cheddar","024000249993","Del monte Veggieful Broccoli Potato Cheddar","3.13","0.0","Market Basket","8 oz","8 oz","X4171.jpg","","18"
"3669","Fresh Produce","Fresh Fruits","Lemon","Market Basket","Lemon bag","","Lemon bag","3.9","0.0","Market Basket","1 bag(s)","1 bag(s)","14246.jpg","","20"
"14459","Breakfast & Dairy","Tea & Coffee","Coffee","Peet's Coffee","Peet's Coffee French Roast Dark Roast Ground Coffee","","Peet's Coffee French Roast Dark Roast Ground Coffee","15.89","0.0","Market Basket","20 oz","20 oz","3323.jpg","","8"
"31304","Breakfast & Dairy","Bars & Pastries","Brownies","Fiber One","Fiber One Brownies Mint Fudge","016000445123","Fiber One Brownies Mint Fudge","3.75","0.0","Market Basket","6 x 0.89 oz","6 x 0.89 oz","X3842.jpg","","5"
"44","Kitchen & Cleaning","Air Fresheners & Candles","Air Freshener","Renuzit","Renuzit Home Fragrance Gel Fresh Accents After the Rain Air Freshener","","Renuzit Home Fragrance Gel Fresh Accents After the Rain Air Freshener","2.49","1.0","Market Basket","0.27 oz","0.27 oz","16750.jpg","","15"
"31636","Beverages & Juices","Juices & Refrigerated Drinks","Juice & Nectars","Guzzler","Guzzler Island Punch Artificially Flavoured Drink","018397000015","Guzzler Island Punch Artificially Flavoured Drink","0.63","0.0","Market Basket","20 fl oz","20 fl oz","X2650.jpg","","10"
"7349","Cooking Needs","Spices & Seasonings","Spices & Seasonings","McCormick","McCormick Rosemary Leaves","","McCormick Rosemary Leaves","2.49","0.0","Market Basket","0.35 oz container","0.35 oz container","2162.jpg","","9"
"30044","Meat & Seafood","Packaged Meat & Seafood","Bacon","Alfresco ","Alfresco Uncured Chicken Bacon ","","Alfresco Uncured Chicken Bacon ","4.99","0.0","Market Basket","3 oz","3 oz","X4695.jpg","","1"
"31522","Breakfast & Dairy","Dairy & Eggs","Fruit Drink","GoGo Squeez","GoGo Squeez Apple Apple No Sugar Added ! Made From 100% Fruit ","","GoGo Squeez Apple Apple No Sugar Added ! Made From 100% Fruit ","3.74","0.0","Market Basket","12.8 oz","12.8 oz","X301.jpg","","1"
"32857","Breakfast & Dairy","Breads & Rolls","Bread","Market Basket","Market Basket 100% Whole Wheat Bread","049705536872","Market Basket 100% Whole Wheat Bread","2.5","0.0","Market Basket","24 oz","24 oz","X2382.jpg","","18"
"12962","Breakfast & Dairy","Breads & Rolls","Tortillas & Flat Bread","Joseph's","Joseph's Flatbread Multi Grain","","Joseph's Flatbread Multi Grain","3.09","0.0","Market Basket","5 x 10 oz","5 x 10 oz","4798.jpg","","18"
"14962","Personal Care","First Aid & Healthcare","First Aid","Lotrimin","Lotrimin Ultra Antifungal Cream","","Lotrimin Ultra Antifungal Cream","14.71","1.0","Market Basket","0.42 oz","0.42 oz","6537.jpg","","13"
"31564","Beverages & Juices","Juices & Refrigerated Drinks","Refrigerated Drinks","Goodbelly","GOODBELLY PROBIOTICS Mango FLAVOR FLAVORS JuiceDrink 20 Billion Probiotics Per Serving","","GOODBELLY PROBIOTICS Mango FLAVOR FLAVORS JuiceDrink 20 Billion Probiotics Per Serving","4.61","0.0","Market Basket","32 fl oz","32 fl oz","X310.jpg","","1"
"5049","Chips, Cookies & Snacks","Cookies & Crackers","Cookies & Cakes","Keebler","Keebler Coconut Dreams Cookies Fudge, Caramel & Coconut","","Keebler Coconut Dreams Cookies Fudge, Caramel & Coconut","3.91","0.0","Market Basket","8.5 oz","8.5 oz","15008.jpg","","6"
"7420","Cooking Needs","Canned Food","Canned & Jarred Vegetables","Del Monte","Del Monte Whole Kernel Corn","","Del Monte Whole Kernel Corn","1.09","0.0","Market Basket","15.25 oz","15.25 oz","5017.jpg","","9"
"5000","Chips, Cookies & Snacks","Chips & Fruit Snacks","Chips & Pretzels","Utz","Utz Ripples Sour Cream & Onion Potato Chips Big Bag","","Utz Ripples Sour Cream & Onion Potato Chips Big Bag","4.69","0.0","Market Basket","14.5 oz","14.5 oz","No Image.jpg","","0"
"8350","Condiments & Dressings","Honey, Syrup & Nectars","Syrup","Aunt Jemima","Aunt Jemima Original Syrup","","Aunt Jemima Original Syrup","4.29","0.0","Market Basket","24 fl oz","24 fl oz","1598.jpg","","3"
"30545","Cooking Needs","Baking & Cooking","Baking Mix","Bob's Red Mill","Bob's Red Mill Chocolate Chip Cookie Mix ","039978114679","Bob's Red Mill Chocolate Chip Cookie Mix ","6.86","0.0","Market Basket","22 oz","22 oz","X5253.jpg","","3"
"34628","Breakfast & Dairy","Dairy & Eggs","Yogurt","Stonyfield","Stonyfield Organic Probiotic Yogurt Plain Whole milk ","","Stonyfield Organic Probiotic Yogurt Plain Whole milk ","4.99","0.0","Market Basket","32 oz","32 oz","X801.jpg","","1"
"34841","Breakfast & Dairy","Breads & Rolls","Bagels","Thomas","Thomas Bagels Plain","048121277079","Thomas Bagels Plain","5.86","0.0","Market Basket","20 oz","20 oz","X2611.jpg","","18"
"5857","Richardson's Farm Ice Cream","Ice Cream Toppings","Ice Cream Toppings","Market Basket","Market Basket Salad Cherries","","Market Basket Salad Cherries","1.89","0.0","Market Basket","10 oz","10 oz","Market Basket.jpg","","20"
"32585","Chips, Cookies & Snacks","Candy & Chocolates","Candy & Chocolate","Lindt","Lindor Fudge Swirl Milk Chocolate Truffles","","Lindor Fudge Swirl Milk Chocolate Truffles","3.75","0.0","Market Basket","5.1 oz","5.1 oz","X481.jpg","","3"
"33283","Condiments & Dressings","Pickled Goods & Olives","Peppers","Mezzetta ","Mezzetta In the Napa Valley Roasted Bell Peppers  ","073214005284","Mezzetta In the Napa Valley Roasted Bell Peppers  ","2.86","0.0","Market Basket","10 fl oz","10 fl oz","X3249.jpg","","2"
"30373","Cooking Needs","Oils & Vinegars","Oils & Vinegars","Benissima","Benissima Culinary Basil & Sun Dried Tomato all Naturals ","672890855635","Benissima Culinary Basil & Sun Dried Tomato all Naturals ","8.49","0.0","Market Basket","8.1 oz","8.1 oz","X1953.jpg","","2"
"32697","Breakfast & Dairy","Pancake & Waffle Mix","Pancake & Waffle Mix","Maple Grove Farms","Maple Grove Farms Organic Pancake and Waffle Mix","074683009713","Maple Grove Farms Organic Pancake and Waffle Mix","4.99","0.0","Market Basket","16 oz","16 oz","X3166.jpg","","2"
"34106","Breakfast & Dairy","Cereal","Cereal","Post ","Post Blueberry Morning Great Grains Cereal","884912102102","Post Blueberry Morning Great Grains Cereal","3.75","0.0","Market Basket","13.5 oz","13.5 oz","X3310.jpg","","5"
"33148","Condiments & Dressings","Pickled Goods & Olives","Relish","Market Basket ","Market Basket Sweet Relish ","049705018774","Market Basket Sweet Relish ","1.74","0.0","Market Basket","12 oz","12 oz","X2205.jpg","","2"
"31107","Breakfast & Dairy","Dairy & Eggs","Yogurt","Dannon","Dannon Light+Fit Greek Cherry Naturally & Artifically Flavored ","","Dannon Light+Fit Greek Cherry Naturally & Artifically Flavored ","3.75","0.0","Market Basket","5.3 oz","5.3 oz","X209.jpg","","1"
"8150","Condiments & Dressings","Pickled Goods & Olives","Horseradish","Ba-Tampte","Ba Tampte Horseradish","","Ba Tampte Horseradish","2.49","0.0","Market Basket","8 oz","8 oz","15358.jpg","","2"
"7328","Cooking Needs","Spices & Seasonings","Spices & Seasonings","McCormick","McCormick Minced Onion","","McCormick Minced Onion","6.09","0.0","Market Basket","8.25 oz","8.25 oz","2143.jpg","","9"
"32943","Cooking Needs","Canned Food","Canned Fruit & Applesauce","Market Basket","Market Basket Apple Sauce Naturally Fat Free Unsweeted ","","Market Basket Apple Sauce Naturally Fat Free Unsweeted ","3.11","0.0","Market Basket","46 oz","46 oz","X545.jpg","","3"
"7931","Cooking Needs","Canned Food","Soup, Broth & Bouillon","Campbell's","Campbell's Chunky New England Clam Chowder","","Campbell's Chunky New England Clam Chowder","3.09","0.0","Market Basket","18.8 oz","18.8 oz","5350.jpg","","9"
"34130","Beverages & Juices","Energy & Sports Drinks","Energy & Sports Drinks","Powerade","Powerade Zero Sugar Sports Drink Mixed Berry 6 pack","049000056761","Powerade Zero Sugar Sports Drink Mixed Berry 6 pack","3.74","0.0","Market Basket","6 x 12 fl oz","6 x 12 fl oz","X2711.jpg","","10"
"35094","Chips, Cookies & Snacks","Chips & Fruit Snacks","Fruit & Vegetable Snacks","Welch's","Welch's Berries 'N Cherries Fruit Snacks ","034856940623","Welch's Berries 'N Cherries Fruit Snacks ","8.74","0.0","Market Basket","2.25 oz","2.25 oz","X5149.jpg","","19"
"3564","Fresh Produce","Fresh Vegetables","Cabbage","Market Basket","Green Savoy Cabbage","","Green Savoy Cabbage","2.39","0.0","Market Basket","1 count","1 count","14375.jpg","","20"
"34629","Breakfast & Dairy","Dairy & Eggs","Yogurt","Stonyfield","Stonyfield Organic Plain LowFat Yogurt","","Stonyfield Organic Plain LowFat Yogurt","4.99","0.0","Market Basket","32 oz","32 oz","X802.jpg","","1"
"14621","Breakfast & Dairy","Tea & Coffee","Tea","Traditional Medicinals","Traditional Medicinals EveryDay Detox Herbal Supplement Tea Bags","","Traditional Medicinals EveryDay Detox Herbal Supplement Tea Bags","4.29","0.0","Market Basket","16 count","16 count","3502.jpg","","8"
"32365","Cooking Needs","Rice & Grains","Rice/Pasta Sides","Knorr","Knorr Fiesta Sides Yellow Rice","041000541001","Knorr Fiesta Sides Yellow Rice","1.25","0.0","Market Basket","5.2 oz","5.2 oz","X1173.jpg","","4"
"35265","Richardson's Farm Ice Cream","Ice Cream","Peanut Butter","Richarson's Farm","Richarson's Farm Peanut Butter Cup with Reesesï¿½ Ice Cream 16% Butterfat","","Peanut butter ice cream with chocolate chips and Reeseï¿½sï¿½ Peanut Butter Cups","32.99","0.0","Richardson's Farm","3 Gal. Tub","3 Gal. Tub","RichardsonsFarm.jpg","",""
"7861","Cooking Needs","Canned Food","Canned Meat & Seafood","King Oscar","King Oscar Wild Caught Sardines","","King Oscar Wild Caught Sardines","3.09","0.0","Market Basket","3.75 oz","3.75 oz","5233.jpg","","2"
"4918","Chips, Cookies & Snacks","Chips & Fruit Snacks","Chips & Pretzels","Ruffles","Ruffles Baked Cheddar & Sour Cream","","Ruffles Baked Cheddar & Sour Cream","5.14","0.0","Market Basket","6.25 oz","6.25 oz","No Image.jpg","","0"
"32875","Breakfast & Dairy","Breads & Rolls","English Muffins","Market Basket","Market Basket Premium 6 Original English Muffins","049705538436","Market Basket Premium 6 Original English Muffins","1.99","0.0","Market Basket","18 oz","18 oz","X2404.jpg","","18"
"34043","Cooking Needs","Oils & Vinegars","Oils & Vinegars","Pompeian ","Pompeian Quality Since 1906 First Cold Pressed Extra Virgin Olive Oil Robust Salads . Marinating ","07044002405","Pompeian Quality Since 1906 First Cold Pressed Extra Virgin Olive Oil Robust Salads . Marinating ","7.49","0.0","Market Basket","24 fl oz","24 fl oz","X1989.jpg","","2"
"30365","Cooking Needs","Baking & Cooking","Stuffing Mix","Bell's","BELL'S SINCE 1867 TRADITIONAL STUFFING FAST EASY DELICIOUS  MADE WITH GENUINE BELL'S ALL NATURAL SALT FREE THE WILLIAM G BELL CO SINCE 1867","","BELL'S SINCE 1867 TRADITIONAL STUFFING FAST EASY DELICIOUS  MADE WITH GENUINE BELL'S ALL NATURAL SALT FREE THE WILLIAM G BELL CO SINCE 1867","3.0","0.0","Market Basket","12 oz","12 oz","X43.jpg","","1"
"583","Laundry & Paper Goods","Laundry","Fabric Softener","Snuggle","Snuggle exhilarations blue iris and ocean bridge fabric conditioner","","Snuggle exhilarations blue iris and ocean bridge fabric conditioner","3.74","1.0","Market Basket","32 fl oz","32 fl oz","No Image.jpg","","15"
"4022","Fresh Produce","Fresh Vegetables","Tomato","Market Basket","Greenhouse Tomatoes","","Greenhouse Tomatoes","1.64","0.0","Market Basket","1 lb","1 lb","Market Basket.jpg","","20"
"33229","Breakfast & Dairy","Breads & Rolls","Bread","Martin's","Martin's 100% Whole Wheat Bread","075185005010","Martin's 100% Whole Wheat Bread","4.74","0.0","Market Basket","20 oz","20 oz","X2557.jpg","","18"
"31329","Cooking Needs","Oils & Vinegars","Oils & Vinegars","Filippo Berio","Filippo Berio Since 1867 California Extra Virgin Olive Oil Fruity Flavors & Peppery Finish FilippoBerio ","041736001602","Filippo Berio Since 1867 California Extra Virgin Olive Oil Fruity Flavors & Peppery Finish FilippoBerio ","7.49","0.0","Market Basket","25.3 fl oz","25.3 fl oz","X1980.jpg","","2"
"10190","Frozen Food","Ice Cream & Ice","Ice Cream & Ice","Outshine","Outshine Mango Fruit Ice Bars","","Outshine Mango Fruit Ice Bars","3.69","0.0","Market Basket","6 count","6 count","3159.jpg","","21"
"15012","Personal Care","Personal Needs","Deodorants","Axe","Axe Antiperspirant Deodorant Stick For Men Phoenix","","Axe Antiperspirant Deodorant Stick For Men Phoenix","6.24","1.0","Market Basket","2.7 oz","2.7 oz","18127.jpg","","13"
"34689","Condiments & Dressings","Marinades, Ketchup & Sauces","Marinades & Meat Preparation","Stubb's","Stubb's Texas Sriracha Baste,Dip Or Marinade Anytime Savce ","734756002161","Stubb's Texas Sriracha Baste,Dip Or Marinade Anytime Savce ","6.24","0.0","Market Basket","12 oz","12 oz","X2024.jpg","","2"
"31301","Condiments & Dressings","Preserved Dips & Spreads","Spreads","Felix ","Felix Lingonberries","","Felix Lingonberries","6.24","0.0","Market Basket","14.5 oz","14.5 oz","X263.jpg","","3"
"31889","Condiments & Dressings","Marinades, Ketchup & Sauces","Mustard Sauce","inglehoffer","Inglehoffer Sweet Hot Mustard With Honey ","071828011134","Inglehoffer Sweet Hot Mustard With Honey ","3.74","0.0","Market Basket","9 oz","9 oz","X2158.jpg","","2"
"5686","Chips, Cookies & Snacks","Nuts, Seeds & Dried Fruit","Trail Mix & Snack Mix","Market Basket","Market Basket Cascade Trail Mix","","Market Basket Cascade Trail Mix","3.09","0.0","Market Basket","11 oz","11 oz","Market Basket.jpg","","21"
"30304","Pasta & Sauces","Instant Pasta","Instant Pasta","Barilla","Barilla Ready Pasta Penne","076808006551","Barilla Ready Pasta Penne","2.11","0.0","Market Basket","8.5 oz","8.5 oz","X1622.jpg","","4"
"4740","Meat & Seafood","Frozen Meat & Seafood","Chicken Products","Perdue","Perdue Sweet Asian Style Boneless Chicken Wyngz","","Perdue Sweet Asian Style Boneless Chicken Wyngz","12.49","0.0","Market Basket","1.63 lb","1.63 lb","2894.jpg","","18"
"32984","Pasta & Sauces","Instant Pasta","Instant Pasta","Market Basket","Market Basket Macaroni & Cheese made with real aged cheddar cheese Animal Shapes-Cheddar","049705309575","Market Basket Macaroni & Cheese made with real aged cheddar cheese Animal Shapes-Cheddar","0.75","0.0","Market Basket","5.5 oz","5.5 oz","X1214.jpg","","4"
"30028","Cooking Needs","Rice & Grains","Rice/Pasta Sides","Alessi","Alessi All Natural Farro Beets and Spinach cooks like Risotto","071072801352","Alessi All Natural Farro Beets and Spinach cooks like Risotto","3.13","0.0","Market Basket","7 oz","7 oz","X1154.jpg","","4"
"8568","Cooking Needs","Oils & Vinegars","Oils & Vinegars","Pure Wesson","Pure Wesson Canola Oil","","Pure Wesson Canola Oil","4.29","0.0","Market Basket","48 fl oz","48 fl oz","1824.jpg","","2"
"35256","Richardson's Farm Ice Cream","Ice Cream","Brownie","Richarson's Farm","Richarson's Farm Kahlua Brownie Ice Cream 16% Butterfat","","Kahlua ice cream with fudge brownies","32.99","0.0","Richardson's Farm","3 Gal. Tub","3 Gal. Tub","RichardsonsFarm.jpg","",""
"10529","Cooking Needs","Rice & Grains","Instant Food","Maruchan","Maruchan Instant Lunch Roast Chicken Flavor Ramen Noodle Soup","","Maruchan Instant Lunch Roast Chicken Flavor Ramen Noodle Soup","0.49","0.0","Market Basket","2.25 oz","2.25 oz","18104.jpg","","N/A"
"13782","Breakfast & Dairy","Dairy & Eggs","Packaged Cheese","Monterey","Cabot Creamery Monterey Jack Cheese","","Cabot Creamery Monterey Jack Cheese","2.69","0.0","Market Basket","8 oz","8 oz","136.jpg","","1"
"14531","Breakfast & Dairy","Tea & Coffee","Tea","Bigelow ","Bigelow Herbal Tea Assorted Teas","","Bigelow Herbal Tea Assorted Teas","3.09","0.0","Market Basket","18 count","18 count","3415.jpg","","8"
"3973","Fresh Produce","Fresh Vegetables","Shallot","Spice World","Spice World Fresh Shallots","","Spice World Fresh Shallots","2.17","0.0","Market Basket","3 oz bag","3 oz bag","29.jpg","","20"
"3846","Fresh Produce","Fresh Vegetables","Endives","Market Basket","Endives","","Endives","3.99","0.0","Market Basket","3 count","3 count","14386.jpg","","20"
"4491","Meat & Seafood","Lunch Meat","Chicken","Market Basket","Market Basket Oven Roasted Chicken Breast","","Market Basket Oven Roasted Chicken Breast","1.69","0.0","Market Basket","1 lb","1 lb","Market Basket.jpg","","22"
"30111","Chips, Cookies & Snacks","Chips & Fruit Snacks","Fruit & Vegetable Snacks","Annie's","Annies Organic Bernie's Farm Fruit Snacks Summer Strowberry ","013562111077","Annies Organic Bernie's Farm Fruit Snacks Summer Strowberry ","3.75","0.0","Market Basket","4 oz","4 oz","X5147.jpg","","19"
"4137","Meat & Seafood","Meat & Seafood Counter","Clams","Market Basket","Market Basket Downeast Steamer Clams","","Market Basket Downeast Steamer Clams","11.82","0.0","Market Basket","Approx: 1.60 lb at $7.39/lb","Approx: 1.60 lb at $7.39/lb","Market Basket.jpg","","22"
"32301","Breakfast & Dairy","Bars & Pastries","Breakfast Bars","Kind","Kind Dark Chocolate Nuts & Sea Salt Bars","602652270284","Kind Dark Chocolate Nuts & Sea Salt Bars","9.99","0.0","Market Basket","6 x 1.4 oz","6 x 1.4 oz","X3877.jpg","","5"
"7183","Cooking Needs","Spices & Seasonings","Spices & Seasonings","Badia","Badia Basil","","Badia Basil","0.89","0.0","Market Basket","0.75 oz","0.75 oz","2214.jpg","","9"
"34507","Frozen Food","Frozen Dinners & Entrees","Frozen Meal","Smart Ones","Smart Ones Meatloaf","025800024117","Smart Ones Meatloaf","2.5","0.0","Market Basket","9 oz","9 oz","X4190.jpg","","18"
"4887","Chips, Cookies & Snacks","Chips & Fruit Snacks","Chips & Pretzels","Market Basket","Market Basket Cheddar Cheese Balls","","Market Basket Cheddar Cheese Balls","3.13","0.0","Market Basket","9 oz","9 oz","Market Basket.jpg","","0"
"34852","Breakfast & Dairy","Breads & Rolls","English Muffins","Thomas","Thomas King Size English Muffins Original","048121237066","Thomas King Size English Muffins Original","6.24","0.0","Market Basket","12 oz","12 oz","X2621.jpg","","18"
"34748","Breakfast & Dairy","Granola & Oats","Granola","Super Food","Super food Bunches of crunches Coconut cacao  Granola","035228006318","Super food Bunches of crunches Coconut cacao  Granola","6.24","0.0","Market Basket","11 oz","11 oz","X3750.jpg","","5"
"32067","Meat & Seafood","Packaged Meat & Seafood","Hot Dogs & Franks","Kayem ","Kayem Fenway Franks ","","Kayem Fenway Franks ","5.61","0.0","Market Basket","14 oz","14 oz","X4589.jpg","","1"
"6853","Cooking Needs","Baking & Cooking","Baking Ingredients","Goya","Goya Enriched Flour Rice","","Goya Enriched Flour Rice","3.09","0.0","Market Basket","24 oz","24 oz","2348.jpg","","7"
"4742","Meat & Seafood","Frozen Meat & Seafood","Chicken Products","Pilgrim's","Pilgrim's Chicken Breast Nuggets","","Pilgrim's Chicken Breast Nuggets","5.49","0.0","Market Basket","29 oz","29 oz","16058.jpg","","22"
"34463","Breakfast & Dairy","Breads & Rolls","Bread","Sara Lee","Sara Lee Artesano The Original Bakery Bread","072945612419","Sara Lee Artesano The Original Bakery Bread","3.74","0.0","Market Basket","20 oz","20 oz","X2480.jpg","","18"
"14529","Breakfast & Dairy","Tea & Coffee","Tea","Bigelow ","Bigelow Green Chai","","Bigelow Green Chai","3.09","0.0","Market Basket","1.37 oz","1.37 oz","3429.jpg","","8"
"15266","Personal Care","Personal Needs","Shave Needs","Gillette","Gillette Foamy Regular Shave Cream","","Gillette Foamy Regular Shave Cream","1.48","1.0","Market Basket","11 fl oz","11 fl oz","17680.jpg","","13"
"6441","Beverages & Juices","Soft Drinks & Seltzers","Soft Drinks","Market Basket","Market Basket Orange Soda","","Market Basket Orange Soda","2.24","0.0","Market Basket","6 x 8 fl oz","6 x 8 fl oz","Market Basket.jpg","","17"
"9940","Frozen Food","Ice Cream & Ice","Ice Cream & Ice","Ben & Jerry's","Ben & Jerry's Ice Cream Chocolate Fudge Brownie","","Ben & Jerry's Ice Cream Chocolate Fudge Brownie","1.29","0.0","Market Basket","3.6 fl oz","3.6 fl oz","17986.jpg","","21"
"30710","Frozen Food","Frozen Pasta","Frozen Pasta","Buitoni ","Buitoni Tomato & Mozzarella Rovioli Frozen Pasta","","Buitoni Tomato & Mozzarella Rovioli Frozen Pasta","7.49","0.0","Market Basket","18 oz","18 oz","X4675.jpg","","1"
"92","Kitchen & Cleaning","Cleaning Products","All Purpose Cleaner","Soft Scrub","Soft Scrub All Purpose Cleanser","","Soft Scrub All Purpose Cleanser","3.89","1.0","Market Basket","24 oz","24 oz","16823.jpg","","15"
"7637","Cooking Needs","Canned Food","Canned Fruit & Applesauce","Del Monte","Del Monte Fruit Naturals Cherry Mixed Fruit In Extra Light Syrup","","Del Monte Fruit Naturals Cherry Mixed Fruit In Extra Light Syrup","1.59","0.0","Market Basket","7 oz","7 oz","4919.jpg","","3"
"6859","Cooking Needs","Baking & Cooking","Baking Ingredients","Hershey's","Hershey's Cocoa Special Dark","","Hershey's Cocoa Special Dark","4.09","0.0","Market Basket","8 oz","8 oz","2373.jpg","","8"
"30162","Meat & Seafood","Hot Dogs, Bacon & Sausage","Bacon","Applegate","Applegate Natural Hickory Smoked No Sugar Uncured Bacon ","","Applegate Natural Hickory Smoked No Sugar Uncured Bacon ","7.49","0.0","Market Basket","8 oz","8 oz","X4461.jpg","","1"
"32333","Condiments & Dressings","Marinades, Ketchup & Sauces","Sauce","Kitchens Of India","Kitchens Of India Bombay Kadai","841905130122","Kitchens Of India Bombay Kadai","4.36","0.0","Market Basket","12.2 oz","12.2 oz","X5338.jpg","","3"
"35002","Breakfast & Dairy","Breads & Rolls","Bread","Vermont Bread","Vermont Bread Organic Soft Whole Wheat Bread","025911300018","Vermont Bread Organic Soft Whole Wheat Bread","4.99","0.0","Market Basket","24 oz","24 oz","X2448.jpg","","18"
"9214","Frozen Food","Frozen Dinners & Entrees","Frozen Appetizers & Sides","Tyson","Tyson Fully Cooked Portioned Chicken Breast Fillets","","Tyson Fully Cooked Portioned Chicken Breast Fillets","8.11","0.0","Market Basket","25 oz","25 oz","2600.jpg","","22"
"13795","Breakfast & Dairy","Dairy & Eggs","Packaged Cheese","Sargento","Sargento Reduced Fat 4 Cheese Mexican Shredded Cheese","","Sargento Reduced Fat 4 Cheese Mexican Shredded Cheese","3.29","0.0","Market Basket","8 oz","8 oz","14592.jpg","","1"
"14546","Breakfast & Dairy","Tea & Coffee","Tea","Celestial Seasonings","Celestial Seasonings Caffeine Free Herbal Tea Bags Sleepytime Peach 20 CT","","Celestial Seasonings Caffeine Free Herbal Tea Bags Sleepytime Peach 20 CT","3.09","0.0","Market Basket","20 count","20 count","3475.jpg","","8"
"32376","Breakfast & Dairy","Pancake & Waffle Mix","Pancake & Waffle Mix","Kodaik Cakes ","Kodaik Cakes Power Cake Cinnamon Oats ","705599012679","Kodaik Cakes Power Cake Cinnamon Oats ","4.99","0.0","Market Basket","20 oz","20 oz","X5309.jpg","","3"
"7933","Cooking Needs","Canned Food","Soup, Broth & Bouillon","Campbell's","Campbell's Chunky Soup, Beef with Country Vegetables Soup","","Campbell's Chunky Soup, Beef with Country Vegetables Soup","3.09","0.0","Market Basket","18.8 oz","18.8 oz","5345.jpg","","9"
"32995","Pasta & Sauces","Pasta Sauce","Pasta Sauce","Market Basket","Market Basket Premium Pasta Sauce Tomato Basil","049705034590","Market Basket Premium Pasta Sauce Tomato Basil","2.5","0.0","Market Basket","24 oz","24 oz","X1460.jpg","","4"
"4651","Meat & Seafood","Canned Meat & Seafood","Canned Salmon","Chicken of the Sea","Chicken of the Sea Pink Salmon Skinless & Boneless","","Chicken of the Sea Pink Salmon Skinless & Boneless","2.49","0.0","Market Basket","5 oz","5 oz","5215.jpg","","2"
"35332","Richardson's Farm Ice Cream","Frozen Yogurt","Black Raspberry","Richarson's Farm","Richarson's Farm Black Raspberry Frozen Yogurt 95% Fat Free","","Made with real black raspberries","29.99","0.0","Richardson's Farm","3 Gal. Tub","3 Gal. Tub","RichardsonsFarm.jpg","",""
"5601","Chips, Cookies & Snacks","Candy & Chocolates","Candy & Chocolate","Twizzlers","Twizzlers Strawberry Twists","","Twizzlers Strawberry Twists","2.49","0.0","Market Basket","16 oz","16 oz","14959.jpg","","3"
"4049","Meat & Seafood","Meat & Seafood Counter","Beef","Certified Angus Beef","Certified Angus Beef Cap Off London Broil","","Certified Angus Beef Cap Off London Broil","4.09","0.0","Market Basket","1 lb","1 lb","No Image.jpg","","22"
"35325","Richardson's Farm Ice Cream","Frozen Yogurt","Chocolate Chip","Richarson's Farm","Richarson's Farm Cocolate Chip Frozen Yogurt 95% Fat Free","","Vanilla yogurt with chocolate chips","29.99","0.0","Richardson's Farm","3 Gal. Tub","3 Gal. Tub","RichardsonsFarm.jpg","",""
"31318","Breakfast & Dairy","Breads & Rolls","Bread","Fiber One","Fiber One 100% Whole Wheat Bread","835841006559","Fiber One 100% Whole Wheat Bread","4.36","0.0","Market Basket","16 oz","16 oz","X2571.jpg","","18"
"33836","Pasta & Sauces","Gluten Free Pasta","Pasta Sauce","Pastene","Pastene Italian Style Red Clam Sauce with Italina Spices and Ripe Tomatoes Gluten Free","066086090304","Pastene Italian Style Red Clam Sauce with Italina Spices and Ripe Tomatoes Gluten Free","3.13","0.0","Market Basket","15 oz","15 oz","X1408.jpg","","4"
"13368","Breakfast & Dairy","Dairy & Eggs","Cream","Market Basket","Market Basket Half And Half","","Market Basket Half And Half","2.09","0.0","Market Basket","32 fl oz","32 fl oz","Market Basket.jpg","","1"
"3874","Fresh Produce","Fresh Vegetables","Lemon","Market Basket","Lemon Sunkist Lemons","","Lemon Sunkist Lemons","0.76","0.0","Market Basket","1 count","1 count","No Image.jpg","","20"
"33411","Cooking Needs","Canned Food","Canned Tomatoes","Muir Glen","Muir Glen Organic Whole Peeled Tomatoes San Marzano Style","725342292725","Muir Glen Organic Whole Peeled Tomatoes San Marzano Style","3.11","0.0","Market Basket","28 oz","28 oz","X1394.jpg","","4"
"34402","Cooking Needs","Rice & Grains","Rice","River","River White Rice Enriched Medium Grain Gluten Free ","017400102708","River White Rice Enriched Medium Grain Gluten Free ","3.11","0.0","Market Basket","2 lb","2 lb","X1044.jpg","","4"
"6444","Beverages & Juices","Soft Drinks & Seltzers","Soft Drinks","Market Basket","Market Basket Diet Cola","","Market Basket Diet Cola","3.75","0.0","Market Basket","12 x 12 fl oz","12 x 12 fl oz","Market Basket.jpg","","17"
"7851","Cooking Needs","Canned Food","Canned Meat & Seafood","Goya","Goya Squid Pieces in their Own Ink","","Goya Squid Pieces in their Own Ink","2.19","0.0","Market Basket","4 oz","4 oz","18090.jpg","","2"
"30550","Cooking Needs","Baking & Cooking","Baking Mix","Bob's Red Mill","Bob's Red Mill Xanthan Gum Great For Baking ","039978035554","Bob's Red Mill Xanthan Gum Great For Baking ","15.86","0.0","Market Basket","8 oz","8 oz","X5258.jpg","","3"
"9802","Frozen Food","Frozen Produce","Frozen Produce","Dole","Dole Strawberries, Peaches & Bananas","","Dole Strawberries, Peaches & Bananas","3.69","0.0","Market Basket","14 oz","14 oz","2474.jpg","","19"
"30493","Cooking Needs","Rice & Grains","Grains, Rice & Dried Goods","Bob's Red Mill","Bob's Red Mill Organic Whole Grain Teff Gluten Free Non GMO ","039978025364","Bob's Red Mill Organic Whole Grain Teff Gluten Free Non GMO ","7.49","0.0","Market Basket","24 oz","24 oz","X1081.jpg","","4"
"3971","Fresh Produce","Fresh Vegetables","Shallot","Market Basket","Product of France Shallots","","Product of France Shallots","4.13","0.0","Market Basket","1.22 lb","1.22 lb","FP128.jpg","","20"
"13691","Breakfast & Dairy","Dairy & Eggs","Packaged Cheese","Great Lakes","Great Lakes Cheese Crumbled Blue Cheese","","Great Lakes Cheese Crumbled Blue Cheese","1.89","0.0","Market Basket","4 oz","4 oz","14608.jpg","","1"
"32576","Condiments & Dressings","Pickled Goods & Olives","Olives","Lindsay","Lindsay Organic Pitted Crisp Tangy Green Olives Without Pits","053800750149","Lindsay Organic Pitted Crisp Tangy Green Olives Without Pits","3.36","0.0","Market Basket","10.25 oz","10.25 oz","X2252.jpg","","2"
"32161","Frozen Food","Frozen Breakfast","Frozen Waffles","Kellogg's ","Kellogg's Eggo Mixed Berry Marvel ","038000169632","Kellogg's Eggo Mixed Berry Marvel ","2.99","0.0","Market Basket","12.3 oz","12.3 oz","X5028.jpg","","19"
"12699","Breakfast & Dairy","Breads & Rolls","Bread","Joseph's","Joseph's 100% Stone Ground Whole Wheat Bread","","Joseph's 100% Stone Ground Whole Wheat Bread","3.09","0.0","Market Basket","11 oz","11 oz","16994.jpg","","7"
"4861","Chips, Cookies & Snacks","Chips & Fruit Snacks","Chips & Pretzels","Lay's","Lay's Barbecue Potato Chips Party Size","","Lay's Barbecue Potato Chips Party Size","5.47","0.0","Market Basket","12.5 oz","12.5 oz","878.jpg","","0"
"3494","Fresh Produce","Fresh Organic Herbs","Garlic","Market Basket","Organic Peeled Garlic","","Organic Peeled Garlic","4.39","0.0","Market Basket","6 oz","6 oz","f90.jpg","","20"
"7816","Cooking Needs","Canned Food","Canned Meat & Seafood","Brunswick","Brunswick in Soybean Oil Sardines","","Brunswick in Soybean Oil Sardines","1.09","0.0","Market Basket","3.75 oz","3.75 oz","17158.jpg","","2"
"32535","Meat & Seafood","Packaged Meat & Seafood","Kielbasa","Leidys ","Leidys hardwood Smoked Kielbasa","","Leidys hardwood Smoked Kielbasa","4.36","0.0","Market Basket","12 oz","12 oz","X4620.jpg","","1"
"6064","Beverages & Juices","Soft Drinks & Seltzers","Soft Drinks","Brisk","Brisk Lemon Iced Tea","","Brisk Lemon Iced Tea","2.5","0.0","Market Basket","2 L","2 L","16580.jpg","","17"
"31674","Frozen Food","Frozen Dinners & Entrees","Frozen Meal","Healthy Choice","Healthy Choice Power Bowls Shiitake Chicken","072655001831","Healthy Choice Power Bowls Shiitake Chicken","4.36","0.0","Market Basket","9.25 oz","9.25 oz","X4088.jpg","","18"
"13820","Breakfast & Dairy","Dairy & Eggs","Refrigerated Pudding & Desserts","Jell-O","Jell O Ready to Eat Fat Free Tapioca Pudding Snack","","Jell O Ready to Eat Fat Free Tapioca Pudding Snack","2.49","0.0","Market Basket","4 x 3.875 oz","4 x 3.875 oz","801.jpg","","19"
"30468","Breakfast & Dairy","Granola & Oats","Oats","Bob's Red Mill","Bob's Red Mill Quick Cooking Rolled Oats Whole Grain","039978033765","Bob's Red Mill Quick Cooking Rolled Oats Whole Grain","7.49","0.0","Market Basket","28 oz","28 oz","X3653.jpg","","5"
"33783","Frozen Food","Frozen Dinners & Entrees","Frozen Appetizers & Sides","Pacific","Pacific Gluten Free Haddock","659204440039","Pacific Gluten Free Haddock","8.74","0.0","Market Basket","10 oz","10 oz","X4387.jpg","","18"
"9042","Condiments & Dressings","Preserved Dips & Spreads","Spreads","Smucker's","Smucker's Concord Grape Jam Sugar Free","","Smucker's Concord Grape Jam Sugar Free","2.99","0.0","Market Basket","12.75 oz","12.75 oz","1631.jpg","","3"
"30795","Breakfast & Dairy","Cereal","Cereal","Cap'n Crunch's","Cap'n Crunch ","030000065310","Cap'n Crunch ","3.13","0.0","Market Basket","14 oz","14 oz","X3420.jpg","","5"
"32244","Condiments & Dressings","Salad Dressings & Toppings","Salad Dressing & Toppings","Ken's Steak House","Ken's Seak House Creamy Italian Dressing","041335000556","Ken's Seak House Creamy Italian Dressing","3.49","0.0","Market Basket","16 fl oz","16 fl oz","X412.jpg","","2"
"14429","Breakfast & Dairy","Tea & Coffee","Coffee","Melitta","Melitta White Paper 8 12 Cups Basket Coffee Filters","","Melitta White Paper 8 12 Cups Basket Coffee Filters","1.59","0.0","Market Basket","200 count","200 count","3393.jpg","","8"
"34887","Pasta & Sauces","Pasta Sauce","Pasta Sauce","Tresca","Tresca Pasta Sauce Puttanesca","860000631822","Tresca Pasta Sauce Puttanesca","8.74","0.0","Market Basket","25.5 oz","25.5 oz","X1506.jpg","","4"
"15199","Personal Care","Personal Needs","Oral Hygiene","Efferdent","Efferdent Anti-Bacterial Denture Cleaner","","Efferdent Anti-Bacterial Denture Cleaner","4.93","1.0","Market Basket","44 count","44 count","17781.jpg","","13"
"32543","Beverages & Juices","Water","Flavoured Water","Levant ","Levant  Mediterranean Delicacies Orange Blossom Water  ","859215008017","Levant  Mediterranean Delicacies Orange Blossom Water  ","2.49","0.0","Market Basket","1 count","1 count","X2284.jpg","","2"
"33222","Meat & Seafood","Packaged Meat & Seafood","Turkey","Market Basket ","Market Basket Oven Roasted Turkey Breast ","","Market Basket Oven Roasted Turkey Breast ","3.74","0.0","Market Basket","10 oz","10 oz","X4531.jpg","","1"
"3505","Fresh Produce","Fresh Organic Vegetables","Lettuce","Market Basket","Organic Iceberg lettuce","","Organic Iceberg lettuce","4.39","0.0","Market Basket","1 head","1 head","f120.jpg","","20"
"34142","Pasta & Sauces","Pasta Sauce","Pasta Sauce","Prego","Prego Italian Sauce Traditional 25% Lower Sodium","051000173454","Prego Italian Sauce Traditional 25% Lower Sodium","2.5","0.0","Market Basket","23.5 oz","23.5 oz","X1436.jpg","","4"
"7895","Cooking Needs","Canned Food","Canned Meat & Seafood","StarKist","Solid White Albacore Tuna In Water","","Solid White Albacore Tuna In Water","4.69","0.0","Market Basket","3 oz","3 oz","5212.jpg","","2"
"14160","Breakfast & Dairy","Dairy & Eggs","Yogurt","Light & Fit","Light & Fit Greek Crunch Caramel Fudge Pretzel","","Light & Fit Greek Crunch Caramel Fudge Pretzel","1.29","0.0","Market Basket","5 oz","5 oz","14671.jpg","","1"
"6225","Beverages & Juices","Soft Drinks & Seltzers","Seltzer","Adirondack","Adirondack Raspberry Lime Sparkling Seltzer Water","","Adirondack Raspberry Lime Sparkling Seltzer Water","0.63","0.0","Market Basket","1 L","1 L","No Image.jpg","","11"
"31751","Cooking Needs","Oils & Vinegars","Cooking Wine","Holland House ","Holland House Red Cooking Wine ","","Holland House Red Cooking Wine ","3.25","0.0","Market Basket","16 oz","16 oz","X1774.jpg","","2"
"46","Kitchen & Cleaning","Air Fresheners & Candles","Air Freshener","Glade","Glade Air Freshener, Solid, Apple Cinnamon","","Glade Air Freshener, Solid, Apple Cinnamon","1.29","1.0","Market Basket","6 oz","6 oz","4226.jpg","","15"
"9808","Frozen Food","Frozen Produce","Frozen Produce","Wyman's","Wyman's Of Maine Fresh Frozen Strawberries","","Wyman's Of Maine Fresh Frozen Strawberries","3.69","0.0","Market Basket","15 oz","15 oz","2491.jpg","","19"
"73","Kitchen & Cleaning","Air Fresheners & Candles","Scented Oil Refill","Air Wick","Air Wick Essential Oils Scented Oil Refills Lavender & Chamomile","","Air Wick Essential Oils Scented Oil Refills Lavender & Chamomile","7.99","1.0","Market Basket","0.67 fl oz","0.67 fl oz","4208.jpg","","15"
"33480","Cooking Needs","Rice & Grains","Grains, Rice & Dried Goods","Nature's Earthly Choice","Nature's Earthly Choice Red & White Quinoa Organic Grain Blend Gluten Free","679948100532","Nature's Earthly Choice Red & White Quinoa Organic Grain Blend Gluten Free","2.5","0.0","Market Basket","8.5 oz","8.5 oz","X1093.jpg","","4"
"9895","Frozen Food","Frozen Produce","Frozen Produce","Market Basket","Sugar Snap Peas","","Sugar Snap Peas","1.99","0.0","Market Basket","1 lb","1 lb","15761.jpg","","19"
"30858","Frozen Food","Frozen Pizza","Frozen Pizza","Caulipower ","Caulipower Veggie Pizza","862871000332","Caulipower Veggie Pizza","8.74","0.0","Market Basket","10.90 oz","10.90 oz","X4880.jpg","","19"
"34006","Frozen Food","Frozen Dinners & Entrees","Frozen Appetizers & Sides","Pepperidge Farm","Pepperidge Farm Garlic Bread Garlic","051000075468","Pepperidge Farm Garlic Bread Garlic","2.74","0.0","Market Basket","10 oz","10 oz","X4369.jpg","","18"
"4561","Meat & Seafood","Lunch Meat","Pepperoni","Carando","Carando Pepperoni","","Carando Pepperoni","6.09","0.0","Market Basket","16 oz","16 oz","No Image.jpg","","22"
"4880","Chips, Cookies & Snacks","Chips & Fruit Snacks","Chips & Pretzels","Lay's","Lay's Limon","","Lay's Limon","3.91","0.0","Market Basket","7.75 oz","7.75 oz","No Image.jpg","","0"
"34938","Cooking Needs","Rice & Grains","Instant Rice","Uncle Ben's","Uncle Ben's Original Enriched Parboiled Long Grain Rice","054800010080","Uncle Ben's Original Enriched Parboiled Long Grain Rice","4.24","0.0","Market Basket","2 lb","2 lb","X968.jpg","","4"
"13341","Breakfast & Dairy","Dairy & Eggs","Cream","Dunkin' Donuts","Dunkin' Donuts Coffee Creamer Original","","Dunkin' Donuts Coffee Creamer Original","3.69","0.0","Market Basket","32 fl oz","32 fl oz","584.jpg","","1"
"483","Laundry & Paper Goods","Laundry","Laundry Detergent","Purex Liquid Detergents","Purex Natural Elements Linen & Lilies 57 Loads Laundry Detergent","","Purex Natural Elements Linen & Lilies 57 Loads Laundry Detergent","3.74","1.0","Market Basket","75 fl oz","75 fl oz","No Image.jpg","","15"
"35328","Richardson's Farm Ice Cream","Frozen Yogurt","Cookie Dough","Richarson's Farm","Richarson's Farm Cookie Dough Frozen Yogurt 95% Fat Free","","Vanilla yogurt with chocolate chips and raw cookie dough pieces","29.99","0.0","Richardson's Farm","3 Gal. Tub","3 Gal. Tub","RichardsonsFarm.jpg","",""
"7532","Cooking Needs","Canned Food","Canned & Jarred Vegetables","Market Basket","Market Basket Sweet Green Peas","","Market Basket Sweet Green Peas","0.79","0.0","Market Basket","8.5 oz","8.5 oz","Market Basket.jpg","","9"
"4345","Meat & Seafood","Meat & Seafood Counter","Scallops","Market Basket","Chinese Bay Scallops","","Chinese Bay Scallops","10.99","0.0","Market Basket","1 lb","1 lb","16687.jpg","","22"
"466","Laundry & Paper Goods","Laundry","Laundry Detergent","Sun","Sun Triple Clean tropical breeze 178 medium loads laundry detergent","","Sun Triple Clean tropical breeze 178 medium loads laundry detergent","9.86","1.0","Market Basket","250 fl oz","250 fl oz","No Image.jpg","","15"
"34936","Cooking Needs","Rice & Grains","Instant Rice","Uncle Ben's","Uncle Ben's Long Grain & Wild Rice Original Recipe with 23 Herbs & Seasoning flavored grains","054800020010","Uncle Ben's Long Grain & Wild Rice Original Recipe with 23 Herbs & Seasoning flavored grains","2.5","0.0","Market Basket","6 oz","6 oz","X966.jpg","","4"
"7930","Cooking Needs","Canned Food","Soup, Broth & Bouillon","Campbell's","Campbell's Chunky Microwavable Soup, New England Clam Chowder Soup","","Campbell's Chunky Microwavable Soup, New England Clam Chowder Soup","3.09","0.0","Market Basket","15.25 oz","15.25 oz","5349.jpg","","2"
"35107","Breakfast & Dairy","Breads & Rolls","Bread","When Pig's Fly","When Pig's Fly Sourdough Bread","793617000104","When Pig's Fly Sourdough Bread","6.24","0.0","Market Basket","20 oz","20 oz","X2559.jpg","","18"
"32595","Beverages & Juices","Tea, Coffee, Milk & Coconut Water","Tea","Lipton","Lipton Diet Green Tea Citrus","012000012792","Lipton Diet Green Tea Citrus","6.24","0.0","Market Basket","12 x 16.9 fl oz","12 x 16.9 fl oz","X3030.jpg","","10"
"31045","Cooking Needs","Oils & Vinegars","Oils & Vinegars","Crisco","Crisco Pure Canola Oil Cholosterol Free","051500251515","Crisco Pure Canola Oil Cholosterol Free","3.74","0.0","Market Basket","48 fl oz","48 fl oz","X1921.jpg","","2"
"34257","Breakfast & Dairy","Granola & Oats","Oats","Quaker","Quaker Oats ","030000011805","Quaker Oats ","2.5","0.0","Market Basket","1 count","1 count","X3600.jpg","","5"
"6842","Cooking Needs","Baking & Cooking","Baking Ingredients","Ghirardelli Chocolate","Ghirardelli Chocolate Baking Chips Classic White","","Ghirardelli Chocolate Baking Chips Classic White","3.69","0.0","Market Basket","11 oz","11 oz","2340.jpg","","8"
"14856","Personal Care","Body Wash, Soap & Hair Care","Soap","Market Basket","Market Basket Clear Liquid Hand Soap","","Market Basket Clear Liquid Hand Soap","1.88","1.0","Market Basket","7.5 fl oz","7.5 fl oz","Market Basket.jpg","","13"
"10185","Frozen Food","Ice Cream & Ice","Ice Cream & Ice","Outshine","Outshine Fruit & Veggie Bars, Assorted","","Outshine Fruit & Veggie Bars, Assorted","4.29","0.0","Market Basket","12 x 1.5 fl oz","12 x 1.5 fl oz","16160.jpg","","21"
"519","Laundry & Paper Goods","Laundry","Laundry Detergent","Ivory Snow","Ivory Snow Gentle Care Detergent 16 Loads","","Ivory Snow Gentle Care Detergent 16 Loads","6.86","1.0","Market Basket","25 fl oz","25 fl oz","No Image.jpg","","15"
"13396","Breakfast & Dairy","Dairy & Eggs","Eggs","Almark","Almark Eggs, Cage Free, Hard Boiled","","Almark Eggs, Cage Free, Hard Boiled","2.49","0.0","Market Basket","6 oz","6 oz","617.jpg","","1"
"13739","Breakfast & Dairy","Dairy & Eggs","Packaged Cheese","Market Basket","Market Basket Imported Feta Cheese Chunks","","Market Basket Imported Feta Cheese Chunks","5.15","0.0","Market Basket","Approx: 0.59 lb","Approx: 0.59 lb","120.jpg","","1"
"34736","Breakfast & Dairy","Bars & Pastries","Granola Bars","Sunbelt Bakery ","Sunbelt Bakery Peanut Sweet & Salty  Granola Bars","024300031106","Sunbelt Bakery Peanut Sweet & Salty  Granola Bars","3.13","0.0","Market Basket","10.56 oz","10.56 oz","X3796.jpg","","5"
"32451","Frozen Food","Frozen Produce","Frozen Produce","La Fe","La Fe Grated Cassava Yuca Rallada","023545003015","La Fe Grated Cassava Yuca Rallada","8.24","0.0","Market Basket","5 lb","5 lb","X4417.jpg","","18"
"33605","Condiments & Dressings","Salad Dressings & Toppings","Salad Dressing & Toppings","Newmen's Own","Newmen's Own Family Recipe Italian Dressing","020662001931","Newmen's Own Family Recipe Italian Dressing","4.11","0.0","Market Basket","16 fl oz","16 fl oz","X654.jpg","","2"
"34235","Breakfast & Dairy","Cereal","Cereal","Quaker","Quaker Life Multigrain Cereal Cinnamon Large Size","030000060834","Quaker Life Multigrain Cereal Cinnamon Large Size","3.75","0.0","Market Basket","18 oz","18 oz","X3417.jpg","","5"
"33233","Breakfast & Dairy","Breads & Rolls","Rolls","Martin's","Martin's 8 Sandwich Potato Rolls","075185000039","Martin's 8 Sandwich Potato Rolls","4.74","0.0","Market Basket","15 oz","15 oz","X2550.jpg","","18"
"5293","Chips, Cookies & Snacks","Chips & Fruit Snacks","Chips & Pretzels","Ritz","Ritz Toasted Chips 40% Less Fat Sour Cream & Onion","","Ritz Toasted Chips 40% Less Fat Sour Cream & Onion","3.91","0.0","Market Basket","8.1 oz","8.1 oz","No Image.jpg","","6"
"555","Laundry & Paper Goods","Laundry","Laundry Detergent","Xtra","Xtra Plus OXI Clean Crystal Clean 108 Loads Laundry Detergent","","Xtra Plus OXI Clean Crystal Clean 108 Loads Laundry Detergent","7.49","1.0","Market Basket","192 fl oz","192 fl oz","No Image.jpg","","15"
"9037","Condiments & Dressings","Preserved Dips & Spreads","Spreads","Skippy","Skippy Peanut Butter Super Chunk Reduced Fat","","Skippy Peanut Butter Super Chunk Reduced Fat","3.29","0.0","Market Basket","16.3 oz","16.3 oz","1640.jpg","","3"
"32684","Condiments & Dressings","Pickled Goods & Olives","Peppers","Mancini ","Mancini Fried Peppers Wancini  Sweet With Onions ","070410041221","Mancini Fried Peppers Wancini  Sweet With Onions ","2.74","0.0","Market Basket","12 oz","12 oz","X3256.jpg","","2"
"6457","Chips, Cookies & Snacks","Jerkies","Jerky","Lorissa's Kitchen","Lorissa's Kitchen Korean Barbecue Tender Beef Steak Strips","","Lorissa's Kitchen Korean Barbecue Tender Beef Steak Strips","7.49","0.0","Market Basket","2.25 oz","2.25 oz","No Image.jpg","","6"
"31585","Frozen Food","Frozen Fruit & Juice","Frozen Fruit","Goya","Goya Fruta Passion Fruit Pulp","041331090865","Goya Fruta Passion Fruit Pulp","4.11","0.0","Market Basket","14 oz","14 oz","X4430.jpg","","18"
"5142","Chips, Cookies & Snacks","Cookies & Crackers","Cookies & Cakes","Stauffer's","Stauffer's Lemon Snaps","","Stauffer's Lemon Snaps","2.64","0.0","Market Basket","14 oz","14 oz","15059.jpg","","6"
"33410","Cooking Needs","Canned Food","Canned Tomatoes","Muir Glen","Muir Glen Organic Tomato Puree","725342281039","Muir Glen Organic Tomato Puree","3.11","0.0","Market Basket","28 oz","28 oz","X1393.jpg","","4"
"31820","Frozen Food","Frozen Dinners & Entrees","Frozen Appetizers & Sides","Hot Pockets","Hot Pockets Italian Style Meatballs and Mozzarella Garlic Buttery Crust 5 pack","043695671193","Hot Pockets Italian Style Meatballs and Mozzarella Garlic Buttery Crust 5 pack","6.24","0.0","Market Basket","22.5 oz","22.5 oz","X4798.jpg","","19"
"32678","Frozen Food","Frozen Pasta","Frozen Pasta","Mama Rosie's","Mama Rosie's Ricotta Cheese Stuffed Shells","076239424122","Mama Rosie's Ricotta Cheese Stuffed Shells","3.75","0.0","Market Basket","20 oz","20 oz","X4335.jpg","","18"
"34525","Frozen Food","Frozen Pasta","Frozen Pasta","Smart Ones","Smart Ones Pasta with Swedish Meatballs","025800022960","Smart Ones Pasta with Swedish Meatballs","2.5","0.0","Market Basket","9.12 oz","9.12 oz","X4188.jpg","","18"
"33435","Beverages & Juices","Juices & Refrigerated Drinks","Juice & Nectars","Nantucket Nectars","Nantucket Nectars Pomegranate Pear","726284000016","Nantucket Nectars Pomegranate Pear","1.86","0.0","Market Basket","16 fl oz","16 fl oz","X3021.jpg","","10"
"32625","Pasta & Sauces","Raw Pasta","Raw Pasta","Lucio","Lucio Pasta Fusilli No. 63","085164106355","Lucio Pasta Fusilli No. 63","1.11","0.0","Market Basket","16 oz","16 oz","X1702.jpg","","4"
"13788","Breakfast & Dairy","Dairy & Eggs","Packaged Cheese","Parmigiano","Parmigiano Reggiano Cheese","","Parmigiano Reggiano Cheese","12.99","0.0","Market Basket","1 lb","1 lb","14566.jpg","","1"
"32944","Cooking Needs","Canned Food","Canned Fruit & Applesauce","Market Basket","Market Basket Apple Sauce Naturally Fat Free Original ","","Market Basket Apple Sauce Naturally Fat Free Original ","3.11","0.0","Market Basket","48 oz","48 oz","X546.jpg","","3"
"7450","Cooking Needs","Canned Food","Canned & Jarred Vegetables","Goya","Goya Red Kidney Beans In Sauce","","Goya Red Kidney Beans In Sauce","3.09","0.0","Market Basket","29 oz","29 oz","5061.jpg","","9"
"34270","Breakfast & Dairy","Granola & Oats","Oats","Quaker ","Quaker Oats Steel Cut","030000320631","Quaker Oats Steel Cut","4.99","0.0","Market Basket","1 count","1 count","X3598.jpg","","5"
"32044","Breakfast & Dairy","Cereal","Cereal","Kashi","Kashi Island Vanilla Organic Whole Wheat Biscuits","018627703358","Kashi Island Vanilla Organic Whole Wheat Biscuits","3.75","0.0","Market Basket","16.3 oz","16.3 oz","X3718.jpg","","5"
"7314","Cooking Needs","Spices & Seasonings","Spices & Seasonings","McCormick","McCormick Ground Cinnamon","","McCormick Ground Cinnamon","6.09","0.0","Market Basket","8.75 oz","8.75 oz","2169.jpg","","9"
"7994","Cooking Needs","Canned Food","Soup, Broth & Bouillon","College Inn","College Inn Natural Chicken Broth","","College Inn Natural Chicken Broth","3.09","0.0","Market Basket","32 oz","32 oz","5383.jpg","","2"
"30742","Cooking Needs","Canned Food","Baked Beans","Bush's","Bush's Best Since 1908 Country Style Brown Sugar Bacon Baked Beans","","Bush's Best Since 1908 Country Style Brown Sugar Bacon Baked Beans","3.0","0.0","Market Basket","28 oz","28 oz","X1837.jpg","","2"
"32597","Beverages & Juices","Tea, Coffee, Milk & Coconut Water","Tea","Lipton","Lipton Iced Tea Lemon","012000012709","Lipton Iced Tea Lemon","6.24","0.0","Market Basket","12 x 16.9 fl oz","12 x 16.9 fl oz","X3035.jpg","","10"
"4068","Meat & Seafood","Meat & Seafood Counter","Beef","Market Basket","Market Basket 7 Bone USDA Choice Chuck Roast","","Market Basket 7 Bone USDA Choice Chuck Roast","4.79","0.0","Market Basket","1 lb","1 lb","Market Basket.jpg","","22"
"7388","Cooking Needs","Spices & Seasonings","Spices & Seasonings","Spice Classics","Spice Classics Oregano","","Spice Classics Oregano","1.29","0.0","Market Basket","0.87 oz","0.87 oz","2261.jpg","","9"
"32249","Condiments & Dressings","Salad Dressings & Toppings","Salad Dressing & Toppings","Ken's Steak House","Ken's Seak House Simply Vinaigette Balsamic ","041335363811","Ken's Seak House Simply Vinaigette Balsamic ","3.49","0.0","Market Basket","16 fl oz","16 fl oz","X417.jpg","","2"
"13553","Breakfast & Dairy","Dairy & Eggs","Other Creams & Cheeses","Dragone","Dragone Ricotta Part Skim Part Skim Ricotta Cheese","","Dragone Ricotta Part Skim Part Skim Ricotta Cheese","4.29","0.0","Market Basket","32 oz","32 oz","14792.jpg","","1"
"5995","Beverages & Juices","Energy & Sports Drinks","Energy & Sports Drinks","Gatorade","Gatorade Thirst Quencher Fruit Punch Powder Packs","","Gatorade Thirst Quencher Fruit Punch Powder Packs","3.74","0.0","Market Basket","8 x 1.24 oz","8 x 1.24 oz","No Image.jpg","","17"
"156","Kitchen & Cleaning","Cleaning Products","Other Cleaning Products","Helping Hand","Helping Hand Plunger, Red","","Helping Hand Plunger, Red","3.69","1.0","Market Basket","1 count","1 count","16821.jpg","","15"
"34892","Beverages & Juices","Energy & Sports Drinks","Energy & Sports Drinks","Trimino","Trimino Protien Infused Water Mixed Berry","811492020014","Trimino Protien Infused Water Mixed Berry","2.5","0.0","Market Basket","16 fl oz","16 fl oz","X2731.jpg","","10"
"33153","Condiments & Dressings","Salad Dressings & Toppings","Salad Dressing & Toppings","Market Basket ","Market Basket Great as a Mairnade Robust Italian Dressing","049705016053","Market Basket Great as a Mairnade Robust Italian Dressing","2.24","0.0","Market Basket","16 fl oz","16 fl oz","X595.jpg","","2"
"8137","Cooking Needs","Canned Food","Soup, Broth & Bouillon","Swanson","Swanson Natural Goodness Swanson Natural Goodness Chicken Broth","","Swanson Natural Goodness Swanson Natural Goodness Chicken Broth","3.09","0.0","Market Basket","32 fl oz","32 fl oz","17197.jpg","","2"
"14884","Personal Care","Feminine Care","Menstrual Pads","Always","Always Ultra Thin Long Super Pads with Flexi-Wings","","Always Ultra Thin Long Super Pads with Flexi-Wings","11.26","1.0","Market Basket","42 count","42 count","6500.jpg","","13"
"13923","Breakfast & Dairy","Dairy & Eggs","Soy & Lactose-Free Milk","Lactaid","Lactaid 100% Lactose Free Whole Milk","","Lactaid 100% Lactose Free Whole Milk","4.86","0.0","Market Basket","0.5 gal","0.5 gal","769.jpg","","1"
"15350","Personal Care","Vitamins & Proteins","Vitamins & Supplements","One A Day","One A Day Men's Health Formula Complete Multivitamin Tablets","","One A Day Men's Health Formula Complete Multivitamin Tablets","25.98","1.0","Market Basket","200 count","200 count","6698.jpg","","13"
"14363","Breakfast & Dairy","Tea & Coffee","Coffee","Eight O'Clock","Eight O'Clock Coffee Eight O'Clock The Original Whole Bean Coffee Medium Roast","","Eight O'Clock Coffee Eight O'Clock The Original Whole Bean Coffee Medium Roast","15.79","0.0","Market Basket","24 oz","24 oz","16273.jpg","","8"
"5640","Chips, Cookies & Snacks","Candy & Chocolates","Mint & Gum","Eclipse","Eclipse Spearmint Sugarfree Gum multi total","","Eclipse Spearmint Sugarfree Gum multi total","3.09","0.0","Market Basket","3 x ct","3 x ct","1509.jpg","","3"
"6892","Cooking Needs","Baking & Cooking","Baking Ingredients","Market Basket","Market Basket Sugar","","Market Basket Sugar","2.49","0.0","Market Basket","4 lb","4 lb","Market Basket.jpg","","8"
"3632","Fresh Produce","Fresh Fruits","Apple","Market Basket","Red Delicious Apple Package (Approx: 5 CT)","","Red Delicious Apple Package (Approx: 5 CT)","3.78","0.0","Market Basket","1 pack","1 pack","14227.jpg","","20"
"33133","Condiments & Dressings","Pickled Goods & Olives","Olives","Market Basket ","Market Basket Salad Spanish Olives With Minced Pimiento","049705019221","Market Basket Salad Spanish Olives With Minced Pimiento","2.5","0.0","Market Basket","7.5 oz","7.5 oz","X2262.jpg","","2"
"10100","Frozen Food","Ice Cream & Ice","Ice Cream & Ice","Hood","Hood Ice Cream New England Creamery Boston Vanilla Bean","","Hood Ice Cream New England Creamery Boston Vanilla Bean","3.09","0.0","Market Basket","1.5 quart","1.5 quart","3110.jpg","","21"
"33177","Frozen Food","Frozen Dessert","Frozen Dessert","Market Basket ","Market Basket Lite Whipped Topping ","049705718186","Market Basket Lite Whipped Topping ","2.49","0.0","Market Basket","8 oz","8 oz","X4970.jpg","","19"
"34440","Breakfast & Dairy","Bars & Pastries","Breakfast Bars","RX","RXBAR Chocolate Chip ","858030008455","RXBAR Chocolate Chip ","11.24","0.0","Market Basket","5 x 1.83 oz","5 x 1.83 oz","X3893.jpg","","5"
"8260","Condiments & Dressings","Marinades, Ketchup & Sauces","Condiments","Ortega","Ortega Taco Sauce Original Thick & Smooth Mild","","Ortega Taco Sauce Original Thick & Smooth Mild","1.89","0.0","Market Basket","8 oz","8 oz","15375.jpg","","7"
"7222","Cooking Needs","Spices & Seasonings","Spices & Seasonings","Goya","Goya All Purpose Seasoning Adobo","","Goya All Purpose Seasoning Adobo","2.19","0.0","Market Basket","12 oz","12 oz","2240.jpg","","7"
"14366","Breakfast & Dairy","Tea & Coffee","Coffee","Folgers ","Folgers Classic Decaf Ground Coffee Medium","","Folgers Classic Decaf Ground Coffee Medium","6.09","0.0","Market Basket","11.3 oz","11.3 oz","3345.jpg","","8"
"34498","Beverages & Juices","Juices & Refrigerated Drinks","Refrigerated Drinks","Simply","Simply Orange NOT FROM CONCENTRATE 100% ORANGE JUICE LOW ACID PULP FREE","","Simply Orange NOT FROM CONCENTRATE 100% ORANGE JUICE LOW ACID PULP FREE","3.74","0.0","Market Basket","52 fl oz","52 fl oz","X769.jpg","","1"
"4041","Fresh Produce","Fresh Vegetables","Yellow Potato","Chelsea Creek Farms","Chelsea Creek Farms Yellow Creamer Potatoes","","Chelsea Creek Farms Yellow Creamer Potatoes","4.24","0.0","Market Basket","2 lb","2 lb","46.jpg","","20"
"5693","Chips, Cookies & Snacks","Nuts, Seeds & Dried Fruit","Trail Mix & Snack Mix","River Queen","River Queen Mixed Nuts","","River Queen Mixed Nuts","6.09","0.0","Market Basket","13 oz","13 oz","No Image.jpg","","21"
"13629","Breakfast & Dairy","Dairy & Eggs","Packaged Cheese","Boursin","Boursin Garlic & Herb Gourmet Spreadable Cheese","","Boursin Garlic & Herb Gourmet Spreadable Cheese","4.89","0.0","Market Basket","6.5 oz","6.5 oz","14618.jpg","","1"
"7638","Cooking Needs","Canned Food","Canned Fruit & Applesauce","Del Monte","Del Monte Fruit Naturals Red Grapefruit In Extra Light Syrup","","Del Monte Fruit Naturals Red Grapefruit In Extra Light Syrup","1.59","0.0","Market Basket","7 oz","7 oz","4912.jpg","","3"
"8779","Condiments & Dressings","Preserved Dips & Spreads","Preserved Dips & Salsa","Tostitos","Tostitos Queso Blanco Dip, Medium","","Tostitos Queso Blanco Dip, Medium","3.69","0.0","Market Basket","15 oz","15 oz","1996.jpg","","0"
"10231","Frozen Food","Ice Cream & Ice","Ice Cream & Ice","Talenti","Talenti Gelato Chocolate Peanut Butter Cup","","Talenti Gelato Chocolate Peanut Butter Cup","4.89","0.0","Market Basket","16 fl oz","16 fl oz","3180.jpg","","21"
"35280","Richardson's Farm Ice Cream","Ice Cream","Orange","Richarson's Farm","Richarson's Farm Orange Pineapple Ice Cream 16% Butterfat","","Creamy orange ice cream with pineapple fruit","32.99","0.0","Richardson's Farm","3 Gal. Tub","3 Gal. Tub","RichardsonsFarm.jpg","",""
"4310","Meat & Seafood","Meat & Seafood Counter","Pork","Market Basket","Market Basket Boneless Center Cut Pork Roast","","Market Basket Boneless Center Cut Pork Roast","9.2","0.0","Market Basket","Approx: 2.25 lb at $4.09/lb","Approx: 2.25 lb at $4.09/lb","Market Basket.jpg","","22"
"13496","Breakfast & Dairy","Dairy & Eggs","Milk","Market Basket","Market Basket Evaporated Milk","","Market Basket Evaporated Milk","1.39","0.0","Market Basket","1 count","1 count","Market Basket.jpg","","1"
"7344","Cooking Needs","Spices & Seasonings","Spices & Seasonings","McCormick","McCormick Pure Lemon Extract","","McCormick Pure Lemon Extract","3.69","0.0","Market Basket","1 fl oz","1 fl oz","2138.jpg","","9"
"30317","Pasta & Sauces","Raw Pasta","Raw Pasta","Barilla","Barilla Protien + Pasta Penne","076808533606","Barilla Protien + Pasta Penne","3.13","0.0","Market Basket","14.5 oz","14.5 oz","X1616.jpg","","4"
"7522","Cooking Needs","Canned Food","Canned & Jarred Vegetables","Market Basket","Market Basket Petite Diced Tomatoes With Onion, Celery, Green Pepper, In Tomato Juice","","Market Basket Petite Diced Tomatoes With Onion, Celery, Green Pepper, In Tomato Juice","0.89","0.0","Market Basket","14.5 oz","14.5 oz","Market Basket.jpg","","9"
"5262","Chips, Cookies & Snacks","Chips & Fruit Snacks","Chips & Pretzels","Eatsmart Snacks","Eatsmart Organic Veggie Straws Himalayan Pink Salt Gluten Free","","Eatsmart Organic Veggie Straws Himalayan Pink Salt Gluten Free","3.91","0.0","Market Basket","6 oz","6 oz","No Image.jpg","","0"
"34538","Richardson's Farm Ice Cream","Ice Cream Toppings","Ice Cream Toppings","Smucker's","Smucker's Sundea Syrup  Caramel Suger Free ","051500025185","Smucker's Sundea Syrup  Caramel Suger Free ","3.75","0.0","Market Basket","19.25 oz","19.25 oz","X5128.jpg","","20"
"34725","Breakfast & Dairy","Bars & Pastries","Granola Bars","Sunbelt Bakery ","Sunbelt Bakery Chocolate Chip Granola Bars","024300033018","Sunbelt Bakery Chocolate Chip Granola Bars","4.36","0.0","Market Basket","15.85 oz","15.85 oz","X3785.jpg","","5"
"14354","Breakfast & Dairy","Tea & Coffee","Coffee","Dunkin' Donuts","Dunkin' Donuts Dark Roast Ground Coffee Dunkin' Dark","","Dunkin' Donuts Dark Roast Ground Coffee Dunkin' Dark","8.59","0.0","Market Basket","11 oz","11 oz","3376.jpg","","8"
"33426","Cooking Needs","Oils & Vinegars","Oils & Vinegars","Nakano","Nakano Rice Vinegar Basil & Oregano","073575299438","Nakano Rice Vinegar Basil & Oregano","3.36","0.0","Market Basket","12 fl oz","12 fl oz","X5331.jpg","","3"
"6257","Beverages & Juices","Water","Water","Dasani","Dasani Purified Water Bottle Enhanced With Minerals","","Dasani Purified Water Bottle Enhanced With Minerals","0.99","0.0","Market Basket","1 L","1 L","16225.jpg","","11"
"30769","Breakfast & Dairy","Dairy & Eggs","Coffee","CALIFIA","CALIFIA 100% ARABIC COFFEE MOCHA COLD BREW Coffee WITH ALMONDMILK","","CALIFIA 100% ARABIC COFFEE MOCHA COLD BREW Coffee WITH ALMONDMILK","3.74","0.0","Market Basket","48 fl oz","48 fl oz","X92.jpg","","1"
"462","Laundry & Paper Goods","Laundry","Laundry Detergent","Sun","Sun Triple Clean fresh morning breeze 134 medium loads laundry detergent","","Sun Triple Clean fresh morning breeze 134 medium loads laundry detergent","7.49","1.0","Market Basket","188 fl oz","188 fl oz","No Image.jpg","","15"
"6661","Beverages & Juices","Juices & Refrigerated Drinks","Refrigerated Drinks","Simply","Simply Limade All Natural Limade Juice Drink","","Simply Limade All Natural Limade Juice Drink","3.13","0.0","Market Basket","52 fl oz","52 fl oz","X764.jpg","","1"
"315","Kitchen & Cleaning","Food Storage & Kitchen Supplies","Plastic/Cling Wrap","Saran","Saran Cling Plus Wrap Clear","","Saran Cling Plus Wrap Clear","2.49","1.0","Market Basket","1 count","1 count","4422.jpg","","12"
"32826","Breakfast & Dairy","Breads & Rolls","Bagels","Market Basket","Market Basket Bagels Pumpernickle","049705544945","Market Basket Bagels Pumpernickle","2.5","0.0","Market Basket","22 oz","22 oz","X2407.jpg","","18"
"5297","Chips, Cookies & Snacks","Cookies & Crackers","Crackers","Ritz","Ritz Toasted Chips 50% Less Fat Veggie 100% Whole Grain Wheat","","Ritz Toasted Chips 50% Less Fat Veggie 100% Whole Grain Wheat","3.91","0.0","Market Basket","8.1 oz","8.1 oz","No Image.jpg","","6"
"5288","Chips, Cookies & Snacks","Chips & Fruit Snacks","Chips & Pretzels","Pringles","Pringles Wavy Fire Roasted Jalepeno","","Pringles Wavy Fire Roasted Jalepeno","2.08","0.0","Market Basket","4.5 oz","4.5 oz","No Image.jpg","","0"
"7752","Cooking Needs","Canned Food","Canned Meals & Beans","Goya","Goya Pink Beans Low Sodium","","Goya Pink Beans Low Sodium","2.19","0.0","Market Basket","29 oz","29 oz","5105.jpg","","7"
"7233","Cooking Needs","Spices & Seasonings","Spices & Seasonings","Lawry's","Lawrys Seasoned Salt, Economy Size, Pre Priced","","Lawrys Seasoned Salt, Economy Size, Pre Priced","2.49","0.0","Market Basket","16 oz","16 oz","15643.jpg","","9"
"9047","Condiments & Dressings","Preserved Dips & Spreads","Spreads","Smucker's","Smucker's Preserves Apricot","","Smucker's Preserves Apricot","3.49","0.0","Market Basket","12 oz","12 oz","1627.jpg","","3"
"4847","Chips, Cookies & Snacks","Chips & Fruit Snacks","Chips & Pretzels","Good Health","Good Health Veggie Stix Sea Salt","","Good Health Veggie Stix Sea Salt","4.69","0.0","Market Basket","6.25 oz","6.25 oz","14860.jpg","","0"
"15226","Personal Care","Personal Needs","Oral Hygiene","Market Basket","Market Basket Clean+ Toothbrush Soft","","Market Basket Clean+ Toothbrush Soft","0.91","1.0","Market Basket","1 count","1 count","Market Basket.jpg","","13"
"5040","Chips, Cookies & Snacks","Cookies & Crackers","Cookies & Cakes","Creme de Pirouline","Pirouline Creme Filled Wafers Chocolate Hazelnut","","Pirouline Creme Filled Wafers Chocolate Hazelnut","7.8","0.0","Market Basket","14.1 oz","14.1 oz","No Image.jpg","","6"
"5295","Chips, Cookies & Snacks","Cookies & Crackers","Crackers","Ritz","Ritz Toasted Chips 55% Less Fat Original","","Ritz Toasted Chips 55% Less Fat Original","3.91","0.0","Market Basket","8.1 oz","8.1 oz","No Image.jpg","","6"
"12976","Breakfast & Dairy","Breads & Rolls","Tortillas & Flat Bread","Mission","Mission Restaurant Style Whole Wheat Soft Taco Flour Tortillas","","Mission Restaurant Style Whole Wheat Soft Taco Flour Tortillas","1.89","0.0","Market Basket","16 oz","16 oz","17026.jpg","","7"
"9851","Frozen Food","Frozen Produce","Frozen Produce","Market Basket","Market Basket Cut Green Beans","","Market Basket Cut Green Beans","1.89","0.0","Market Basket","24 oz","24 oz","Market Basket.jpg","","19"
"32014","Beverages & Juices","Energy & Sports Drinks","Energy & Sports Drinks","Karma","Karma Probiotic Water Berry Cherry","854651003640","Karma Probiotic Water Berry Cherry","2.49","0.0","Market Basket","18 fl oz","18 fl oz","X2719.jpg","","10"
"4135","Meat & Seafood","Meat & Seafood Counter","Chicken Thighs","Market Basket","Market Basket Chicken Thighs Skin On","","Market Basket Chicken Thighs Skin On","3.38","0.0","Market Basket","Approx: 2.00 lb at $1.69/lb","Approx: 2.00 lb at $1.69/lb","Market Basket.jpg","","22"
"387","Kitchen & Cleaning","Food Storage & Kitchen Supplies","Utensils & Kitchen Supplies","Ziploc","Ziploc Brand container with One Press Seal, Medium Round, Target Exclusive Print","","Ziploc Brand container with One Press Seal, Medium Round, Target Exclusive Print","3.49","1.0","Market Basket","3 count","3 count","4404.jpg","","12"
"14536","Breakfast & Dairy","Tea & Coffee","Tea","Bigelow ","Bigelow Mint Medley Herbal Tea","","Bigelow Mint Medley Herbal Tea","3.09","0.0","Market Basket","20 count","20 count","3431.jpg","","8"
"32107","Breakfast & Dairy","Cereal","Cereal","Kellogg's ","Kellog's Special K Red Berries","038000200748","Kellog's Special K Red Berries","3.75","0.0","Market Basket","11.7 oz","11.7 oz","X3348.jpg","","5"
"6628","Beverages & Juices","Juices & Refrigerated Drinks","Refrigerated Drinks","Newman's Own","Newmen's Own Virgin Lemonade Beverage","","Newmen's Own Virgin Lemonade Beverage","2.86","0.0","Market Basket","59 fl oz","59 fl oz","X639.jpg","","1"
"30891","Frozen Food","Frozen Pizza","Frozen Pizza","Chef Gusto","Chef Gusto Three Cheese Mini Pizza Bangles ","66414950073","Chef Gusto Three Cheese Mini Pizza Bangles ","2.08","0.0","Market Basket","7 oz","7 oz","X4847.jpg","","19"
"32304","Breakfast & Dairy","Bars & Pastries","Breakfast Bars","Kind","Kind Breakfast Honey Oat Bars","602652201011","Kind Breakfast Honey Oat Bars","3.75","0.0","Market Basket","4 x 1.76 oz","4 x 1.76 oz","X3880.jpg","","5"
"14866","Personal Care","Body Wash, Soap & Hair Care","Soap","Safeguard","Safeguard Deodorant Bar Soap, White with Aloe","","Safeguard Deodorant Bar Soap, White with Aloe","3.78","1.0","Market Basket","15.9 oz","15.9 oz","18132.jpg","","13"
"32242","Condiments & Dressings","Salad Dressings & Toppings","Salad Dressing & Toppings","Ken's Steak House","Ken's Seak House Greek With Feta Cheese And Black Olives Dressing ","041335001775","Ken's Seak House Greek With Feta Cheese And Black Olives Dressing ","3.49","0.0","Market Basket","16 fl oz","16 fl oz","X410.jpg","","2"
"32272","Condiments & Dressings","Salad Dressings & Toppings","Salad Dressing & Toppings","Ken's Steak House","Ken's Seak House Red Wine Vinegar & Olive Oil Dressing ","041335000563","Ken's Seak House Red Wine Vinegar & Olive Oil Dressing ","3.49","0.0","Market Basket","16 fl oz","16 fl oz","X440.jpg","","2"
"7009","Cooking Needs","Baking & Cooking","Doughs, Gelatins & Bake Mixes","Pillsbury","Pillsbury Chocolate Chip Muffin Mix","","Pillsbury Chocolate Chip Muffin Mix","2.09","0.0","Market Basket","8.2 oz","8.2 oz","2034.jpg","","8"
"15289","Personal Care","Vitamins & Proteins","Protien Drinks","Ensure","Ensure Original Nutrition Shake Milk Chocolate Ready-to-Drink Bottles","","Ensure Original Nutrition Shake Milk Chocolate Ready-to-Drink Bottles","14.02","1.0","Market Basket","6 x 8 fl oz","6 x 8 fl oz","6719.jpg","","13"
"34568","Beverages & Juices","Tea, Coffee, Milk & Coconut Water","Tea","Snapple","Snapple Diet Peach Tea ","076183003145","Snapple Diet Peach Tea ","1.86","0.0","Market Basket","16 fl oz","16 fl oz","X2979.jpg","","10"
"33846","Pasta & Sauces","Raw Pasta","Raw Pasta","Pastene","Pastene Bucatini 11","066086070955","Pastene Bucatini 11","1.25","0.0","Market Basket","16 oz","16 oz","X1598.jpg","","4"
"9935","Frozen Food","Ice Cream & Ice","Ice Cream & Ice","Ben & Jerry's","Ben & Jerry's Frozen Yogurt Half Baked","","Ben & Jerry's Frozen Yogurt Half Baked","4.59","0.0","Market Basket","1 pint","1 pint","18026.jpg","","21"
"34972","Beverages & Juices","Juices & Refrigerated Drinks","Juice & Nectars","V8","V8 Low Sodium Vegetable Juice","051000121578","V8 Low Sodium Vegetable Juice","3.74","0.0","Market Basket","46 fl oz","46 fl oz","X3128.jpg","","10"
"13933","Breakfast & Dairy","Dairy & Eggs","Specialty Cheeses","Cabot","Cabot Swiss","","Cabot Swiss","3.69","0.0","Market Basket","8 oz","8 oz","Market Basket.jpg","","1"
"32413","Pasta & Sauces","Instant Pasta","Instant Pasta","Kraft","Kraft Macaroni & Cheese Paw Patrol","021000028030","Kraft Macaroni & Cheese Paw Patrol","1.66","0.0","Market Basket","5.5 oz","5.5 oz","X1199.jpg","","4"
"31787","Breakfast & Dairy","Dairy & Eggs","Eggnog","Hood","Hood LIMITED EDITION LIGHT EGGNOG ULTRA - PASTEURIZED","","Hood LIMITED EDITION LIGHT EGGNOG ULTRA - PASTEURIZED","3.74","0.0","Market Basket","32 fl oz","32 fl oz","X354.jpg","","1"
"4058","Meat & Seafood","Meat & Seafood Counter","Beef","Market Basket","Beef Boneless Eye Round Roast","","Beef Boneless Eye Round Roast","15.58","0.0","Market Basket","Approx: 2.69 lb at $5.79/lb","Approx: 2.69 lb at $5.79/lb","Market Basket.jpg","","22"
"35305","Richardson's Farm Ice Cream","Ice Cream","Oreo","Richarson's Farm","Richarson's Farm Oreo Cookie Ice Cream 16% Butterfat","","Vanilla ice cream with real Oreo Cookies","7.99","0.0","Richardson's Farm","1-2 Gal. Container","1-2 Gal. Container","RichardsonsFarm.jpg","",""
"13372","Breakfast & Dairy","Dairy & Eggs","Cream","Market Basket","Market Basket Heavy Cream","","Market Basket Heavy Cream","3.29","0.0","Market Basket","946 ml","946 ml","Market Basket.jpg","","1"
"33925","Condiments & Dressings","Pickled Goods & Olives","Olives","Pearls ","Pearls Black Pitted Large California Ripe Olives ","072999803030","Pearls Black Pitted Large California Ripe Olives ","3.74","0.0","Market Basket","6.5 oz","6.5 oz","X2268.jpg","","2"
"33917","Condiments & Dressings","Preserved Dips & Spreads","Spreads","Peanut Butter & co","Peanut Butter & co Peanut Powder Cocoa","","Peanut Butter & co Peanut Powder Cocoa","6.24","0.0","Market Basket","6.5 oz","6.5 oz","X723.jpg","","3"
"14416","Breakfast & Dairy","Tea & Coffee","Coffee","Maxwell House","Maxwell House Decaf Original Roast Ground Coffee","","Maxwell House Decaf Original Roast Ground Coffee","3.69","0.0","Market Basket","11 oz","11 oz","3389.jpg","","8"
"30258","Frozen Food","Frozen Dinners & Entrees","Frozen Meal","Banquet","Banquet Chicken Nuggets with Mac & Cheese ","031000809218","Banquet Chicken Nuggets with Mac & Cheese ","1.56","0.0","Market Basket","7.4 oz","7.4 oz","X4021.jpg","","18"
"30565","Cooking Needs","Baking & Cooking","Flour","Bob's Red Mill","Bob;s Red Mill Stone Ground Sorghum  Flour Whole Grain Non GMO ","039978116420","Bob;s Red Mill Stone Ground Sorghum  Flour Whole Grain Non GMO ","6.24","0.0","Market Basket","22 oz","22 oz","X5273.jpg","","3"
"5291","Chips, Cookies & Snacks","Chips & Fruit Snacks","Chips & Pretzels","Pringles","Pringles Sour Cream Lunch 12 Pack","","Pringles Sour Cream Lunch 12 Pack","7.8","0.0","Market Basket","12 x 0.67 oz","12 x 0.67 oz","No Image.jpg","","0"
"33906","Condiments & Dressings","Pickled Goods & Olives","Peppers","Pastene","Pastene Since 1874 Sweet Red Sliced Peppers ","066086101055","Pastene Since 1874 Sweet Red Sliced Peppers ","4.99","0.0","Market Basket","32 fl oz","32 fl oz","X2349.jpg","","2"
"5351","Chips, Cookies & Snacks","Cookies & Crackers","Cookies & Cakes","belVita","belVita Blueberry Breakfast Biscuits","","belVita Blueberry Breakfast Biscuits","4.69","0.0","Market Basket","8.8 oz","8.8 oz","No Image.jpg","","6"
"33942","Pasta & Sauces","Raw Pasta","Raw Pasta","Pennsylvania Dutch","Pennsylvania Dutch Extra Wide Egg Noodles","015100026249","Pennsylvania Dutch Extra Wide Egg Noodles","2.5","0.0","Market Basket","12 oz","12 oz","X1693.jpg","","4"
"10593","Pasta & Sauces","Pasta Sauce","Pasta Sauce","Dove","Turtle Dove Pesto, Cilantro Garlic Pepper","","Turtle Dove Pesto, Cilantro Garlic Pepper","4.89","0.0","Market Basket","8.5 oz","8.5 oz","17372.jpg","","4"
"6962","Cooking Needs","Baking & Cooking","Doughs, Gelatins & Bake Mixes","Golden Cannoli","Golden Cannoli Powdered Chips","","Golden Cannoli Powdered Chips","3.69","0.0","Market Basket","9.24 oz","9.24 oz","15621.jpg","","8"
"8587","Condiments & Dressings","Pickled Goods & Olives","Pickled Goods & Olives","Ba-Tampte","Ba Tampte Pickled Tomatoes","","Ba Tampte Pickled Tomatoes","3.69","0.0","Market Basket","32 fl oz","32 fl oz","15547.jpg","","2"
"32021","Condiments & Dressings","Honey, Syrup & Nectars","Syrup","Karo","Karo Dark Corn Syrup ","761720051108","Karo Dark Corn Syrup ","3.36","0.0","Market Basket","16 fl oz","16 fl oz","X3190.jpg","","2"
"8406","Condiments & Dressings","Marinades, Ketchup & Sauces","Marinades & Meat Preparation","Goya","Goya Mojo Criollo Marinade","","Goya Mojo Criollo Marinade","2.49","0.0","Market Basket","24 fl oz","24 fl oz","15567.jpg","","9"
"3692","Fresh Produce","Fresh Fruits","Orange","Sunkist","Sunkist Orange Extremely Sweet Cara Cara Seedless, Net","","Sunkist Orange Extremely Sweet Cara Cara Seedless, Net","6.49","0.0","Market Basket","3 lb bag","3 lb bag","8.jpg","","20"
"30942","Breakfast & Dairy","Dairy & Eggs","Yogurt","Chobani","Chobani Greek Yogurt Low-Fat Plain ","","Chobani Greek Yogurt Low-Fat Plain ","6.24","0.0","Market Basket","32 oz","32 oz","X149.jpg","","1"
"6564","Beverages & Juices","Juices & Refrigerated Drinks","Refrigerated Drinks","Bolthouse Farms","Bolthouse Farms Smoothie, 100% Fruit Juice, C Boost","","Bolthouse Farms Smoothie, 100% Fruit Juice, C Boost","4.59","0.0","Market Basket","32 fl oz","32 fl oz","16529.jpg","","20"
"33256","Breakfast & Dairy","Granola & Oats","Oats","McCann's","McCann's Imported Quick Cooking Rolled Oats Irish Oatmeals ","072463000217","McCann's Imported Quick Cooking Rolled Oats Irish Oatmeals ","4.99","0.0","Market Basket","16 oz","16 oz","X3557.jpg","","5"
"5279","Chips, Cookies & Snacks","Chips & Fruit Snacks","Chips & Pretzels","Market Basket","Market Basket Salt & Vinegar Potato Chips","","Market Basket Salt & Vinegar Potato Chips","3.13","0.0","Market Basket","9.5 oz","9.5 oz","Market Basket.jpg","","0"
"31803","Pasta & Sauces","Instant Pasta","Instant Pasta","Hormel","Hormel Dinty Turkey & Dressing oven roasted white Turkey with traditional dressing & rich turkey gravy ","037600369183","Hormel Dinty Turkey & Dressing oven roasted white Turkey with traditional dressing & rich turkey gravy ","2.5","0.0","Market Basket","10 oz","10 oz","X1243.jpg","","4"
"32324","Cooking Needs","Rice & Grains","Grains, Rice & Dried Goods","Kitchen & Love","Kitchen & Love Quinoa Quick Cup with artichoke & Roasted pepper Fully Cooked","7.28119E+11","Kitchen & Love Quinoa Quick Cup with artichoke & Roasted pepper Fully Cooked","4.99","0.0","Market Basket","7.9 oz","7.9 oz","X1057.jpg","","4"
"14512","Breakfast & Dairy","Tea & Coffee","Tea","Bigelow ","Bigelow ""Constant Comment""","","Bigelow ""Constant Comment""","2.49","0.0","Market Basket","1.18 oz","1.18 oz","3408.jpg","","8"
"242","Kitchen & Cleaning","Dish Detergents","Dish Liquid","Palmolive","Palmolive Antibacterial Dish Liquid","","Palmolive Antibacterial Dish Liquid","2.69","1.0","Market Basket","20 fl oz","20 fl oz","4357.jpg","","15"
"31988","Beverages & Juices","Juices & Refrigerated Drinks","Juice & Nectars","Juicy Juice","Juicy Juice Orange Tangerine 100% Juice No Sugar Added","889497295058","Juicy Juice Orange Tangerine 100% Juice No Sugar Added","3.74","0.0","Market Basket","64 fl oz","64 fl oz","X2866.jpg","","10"
"30549","Cooking Needs","Baking & Cooking","Flour","Bob's Red Mill","Bob's Red Mill Fanely Ground Tapioca Flour ","039978035356","Bob's Red Mill Fanely Ground Tapioca Flour ","4.11","0.0","Market Basket","16 oz","16 oz","X5257.jpg","","3"
"32555","Condiments & Dressings","Pickled Goods & Olives","Pickled Goods & Olives","Levant ","Levant Mediterranean Delicacies Apricot Jam ","859215004026","Levant Mediterranean Delicacies Apricot Jam ","4.99","0.0","Market Basket","8 oz","8 oz","X2296.jpg","","2"
"33281","Condiments & Dressings","Pickled Goods & Olives","Peppers","Mezzetta ","Mezzetta Snice 1935 Family Co Roasted Red Bell Pepper Strips Californai Fresg=hnb","073214001446","Mezzetta Snice 1935 Family Co Roasted Red Bell Pepper Strips Californai Fresg=hnb","3.74","0.0","Market Basket","16 fl oz","16 fl oz","X3247.jpg","","2"
"7313","Cooking Needs","Spices & Seasonings","Spices & Seasonings","McCormick","McCormick Ground Cinnamon","","McCormick Ground Cinnamon","2.49","0.0","Market Basket","1 oz","1 oz","2127.jpg","","9"
"13857","Breakfast & Dairy","Dairy & Eggs","Refrigerated Pudding & Desserts","Swiss Miss","Swiss Miss Creamy Vanilla Pudding","","Swiss Miss Creamy Vanilla Pudding","3.69","0.0","Market Basket","4 oz","4 oz","827.jpg","","19"
"4011","Fresh Produce","Fresh Vegetables","Sweet Potato","Farm Pak Sweet Potatoes","Oriental Yam","","Oriental Yam","1.81","0.0","Market Basket","1 lb","1 lb","f287.jpg","","20"
"34447","Condiments & Dressings","Marinades, Ketchup & Sauces","Paste","Sambal Oelex","Sambal Oelex Ground Fresh Chili Paste","024463061071","Sambal Oelex Ground Fresh Chili Paste","2.11","0.0","Market Basket","8 oz","8 oz","X3232.jpg","","2"
"35287","Richardson's Farm Ice Cream","Ice Cream","Chocolate","Richarson's Farm","Richarson's Farm Rocky Road Ice Cream 16% Butterfat","","Chocolate ice cream with mini marshmallows, chocolate chips, and chopped mixed nuts","32.99","0.0","Richardson's Farm","3 Gal. Tub","3 Gal. Tub","RichardsonsFarm.jpg","",""
"250","Kitchen & Cleaning","Dish Detergents","Dish Liquid","Planet","Planet Dishwashing Liquid, Free & Clear, Ultra","","Planet Dishwashing Liquid, Free & Clear, Ultra","3.69","1.0","Market Basket","25 oz","25 oz","16843.jpg","","15"
"7871","Cooking Needs","Canned Food","Canned Meat & Seafood","Pastene","Pastene Fancy Solid Light Tuna","","Pastene Fancy Solid Light Tuna","1.89","0.0","Market Basket","5 oz","5 oz","17163.jpg","","2"
"3949","Fresh Produce","Fresh Vegetables","Potato","Chelsea Creek Farms","Chelsea Creek Farms Fingerling Potatoes","","Chelsea Creek Farms Fingerling Potatoes","4.7","0.0","Market Basket","24 oz","24 oz","FP61.jpg","","20"
"31763","Beverages & Juices","Juices & Refrigerated Drinks","Juice & Nectars","Honest","Honest Kids Organic Appley Ever After","657622011855","Honest Kids Organic Appley Ever After","3.74","0.0","Market Basket","8 x 6 fl oz","8 x 6 fl oz","X3100.jpg","","10"
"3929","Fresh Produce","Fresh Vegetables","Pepper","Market Basket","Habanero Hot Peppers","","Habanero Hot Peppers","6.99","0.0","Market Basket","1 lb","1 lb","FP108.jpg","","20"
"7008","Cooking Needs","Baking & Cooking","Doughs, Gelatins & Bake Mixes","Pillsbury","Pillsbury Chocolate Chip Cookie Dough, Value Size","","Pillsbury Chocolate Chip Cookie Dough, Value Size","4.89","0.0","Market Basket","30 oz","30 oz","2033.jpg","","1"
"6439","Beverages & Juices","Soft Drinks & Seltzers","Soft Drinks","Market Basket","Market Basket Diet Soda","","Market Basket Diet Soda","2.24","0.0","Market Basket","6 x 8 fl oz","6 x 8 fl oz","Market Basket.jpg","","17"
"6113","Beverages & Juices","Soft Drinks & Seltzers","Soft Drinks","Dr Pepper","Dr Pepper Original Soda","","Dr Pepper Original Soda","1.24","0.0","Market Basket","2 L","2 L","No Image.jpg","","17"
"13533","Breakfast & Dairy","Dairy & Eggs","Milk","Simply Smart","Simply Smart Chocolate Fat Free Milk","","Simply Smart Chocolate Fat Free Milk","3.69","0.0","Market Basket","0.5 gal","0.5 gal","14726.jpg","","1"
"34632","Breakfast & Dairy","Dairy & Eggs","Yogurt","Stonyfield","Stonyfield Organic Greek Plain Whole Milk Yogurt","","Stonyfield Organic Greek Plain Whole Milk Yogurt","7.49","0.0","Market Basket","32 oz","32 oz","X805.jpg","","1"
"7801","Cooking Needs","Canned Food","Canned Meals & Beans","Old El Paso","Old El Paso Green Chiles Refried Beans","","Old El Paso Green Chiles Refried Beans","1.59","0.0","Market Basket","16 oz","16 oz","17140.jpg","","2"
"15047","Personal Care","Personal Needs","Deodorants","Secret","Secret Invisible Solid Antiperspirant Deodorant for Women, Completely Clean","","Secret Invisible Solid Antiperspirant Deodorant for Women, Completely Clean","6.31","1.0","Market Basket","2.6 oz","2.6 oz","6288.jpg","","13"
"30864","Frozen Food","Frozen Pizza","Frozen Pizza","Celeste ","Celeste Vegetable Pizza","019600045007","Celeste Vegetable Pizza","1.25","0.0","Market Basket","5.60 oz","5.60 oz","X4860.jpg","","19"
"5068","Chips, Cookies & Snacks","Cookies & Crackers","Cookies & Cakes","Market Basket","Market Basket Chocolate Chip Cookies","","Market Basket Chocolate Chip Cookies","3.13","0.0","Market Basket","11.75 oz","11.75 oz","Market Basket.jpg","","6"
"3437","Fresh Produce","Fresh Fruits","Apple","Market Basket","Large Honey Crisp Apples","","Large Honey Crisp Apples","2.74","0.0","Market Basket","1 lb","1 lb","f11.jpg","","20"
"32269","Condiments & Dressings","Salad Dressings & Toppings","Salad Dressing & Toppings","Ken's Steak House","Ken's Seak House Country French Dressing ","041335000648","Ken's Seak House Country French Dressing ","3.49","0.0","Market Basket","16 fl oz","16 fl oz","X437.jpg","","2"
"33568","Cooking Needs","Rice & Grains","Instant Rice","Near East ","Near East Rice Pilaf Mix Garlic & Herb  flavor with other Natural flavor","072251002119","Near East Rice Pilaf Mix Garlic & Herb  flavor with other Natural flavor","1.88","0.0","Market Basket","6.3 oz","6.3 oz","X1030.jpg","","4"
"7211","Cooking Needs","Spices & Seasonings","Spices & Seasonings","Diamond Crystal","Diamond Crystal Real Salt Salt Sense","","Diamond Crystal Real Salt Salt Sense","1.29","0.0","Market Basket","13 oz","13 oz","2286.jpg","","9"
"30945","Breakfast & Dairy","Dairy & Eggs","Yogurt","Chobani","Chobani Gimmies Bizzy Buzzy Strawberry Yogurt Milk Shake Strawberry Low-Fat Yogurt Drink","","Chobani Gimmies Bizzy Buzzy Strawberry Yogurt Milk Shake Strawberry Low-Fat Yogurt Drink","3.74","0.0","Market Basket","24 oz","24 oz","X152.jpg","","1"
"31246","Chips, Cookies & Snacks","Candy & Chocolates","Candy & Chocolate","Endangered Species","Endangered Spcies Chocolate Caramel Spiced Apple Natural Flavor + Dark Chocolate 60% cocoa","","Endangered Spcies Chocolate Caramel Spiced Apple Natural Flavor + Dark Chocolate 60% cocoa","3.74","0.0","Market Basket","3 oz","3 oz","X245.jpg","","3"
"4821","Chips, Cookies & Snacks","Chips & Fruit Snacks","Chips & Pretzels","Cape Cod","Cape Cod Potato Chips, Less Fat Sea Salt & Vinegar Kettle Cooked Chips","","Cape Cod Potato Chips, Less Fat Sea Salt & Vinegar Kettle Cooked Chips","5.92","0.0","Market Basket","8 oz","8 oz","917.jpg","","0"
"7373","Cooking Needs","Spices & Seasonings","Spices & Seasonings","Olde Thompson","Olde Thompson Mediterranean Sea Salt Grinder","","Olde Thompson Mediterranean Sea Salt Grinder","4.89","0.0","Market Basket","11 oz","11 oz","15670.jpg","","9"
"30072","Cooking Needs","Baking & Cooking","Pizza Sauce","Amore","Amore Pesto Paste Vegan","072248250646","Amore Pesto Paste Vegan","4.38","0.0","Market Basket","2.8 oz","2.8 oz","X1304.jpg","","4"
"33686","Breakfast & Dairy","Dairy & Eggs","Yogurt","Oikos","Oikos Triple Zero Blended Greek Yogurt Banana Creme ","","Oikos Triple Zero Blended Greek Yogurt Banana Creme ","3.75","0.0","Market Basket","5.3 oz","5.3 oz","X684.jpg","","1"
"6356","Beverages & Juices","Ginger Ale & Ginger Beer","Ginger Ale","Polar","Polar Golden Ginger Ale Extra Bold","","Polar Golden Ginger Ale Extra Bold","1.49","0.0","Market Basket","1 L","1 L","No Image.jpg","","11"
"6022","Beverages & Juices","Energy & Sports Drinks","Energy & Sports Drinks","Red Bull","Red Bull Sugar Free","","Red Bull Sugar Free","2.49","0.0","Market Basket","8.4 fl oz","8.4 fl oz","3735.jpg","","17"
"32958","Condiments & Dressings","Preserved Dips & Spreads","Spreads","Market Basket","Market Basket Chunky Peanut Butter Gluten Free Vegen Usa Grown ","","Market Basket Chunky Peanut Butter Gluten Free Vegen Usa Grown ","4.99","0.0","Market Basket","40 oz","40 oz","X536.jpg","","3"
"35230","Cooking Needs","Rice & Grains","Instant Rice","Zatarains","Zatarains Cilantro Lime Naturally Flavored Long grain rice with Lime & Spices","071429013063","Zatarains Cilantro Lime Naturally Flavored Long grain rice with Lime & Spices","1.49","0.0","Market Basket","6.9 oz","6.9 oz","X1015.jpg","","4"
"14611","Breakfast & Dairy","Tea & Coffee","Tea","Stash Tea","Stash Tea Herbal Tea Chamomile","","Stash Tea Herbal Tea Chamomile","3.69","0.0","Market Basket","20 count","20 count","16310.jpg","","8"
"31157","Pasta & Sauces","Pasta Sauce","Pasta Sauce","Del Monte","Del Monte Pasta Sauce Green Pepper and Mushroom","024000523659","Del Monte Pasta Sauce Green Pepper and Mushroom","1.49","0.0","Market Basket","24 oz","24 oz","X1406.jpg","","4"
"15135","Personal Care","Personal Needs","Hand Wash","Method","Method Sweet Water Hand Wash","","Method Sweet Water Hand Wash","4.24","1.0","Market Basket","12 fl oz","12 fl oz","6375.jpg","","13"
"8275","Condiments & Dressings","Fresh Dips & Tapenades","Fresh Dips & Tapenades","Cabot","Cabot French Onion Dip","","Cabot French Onion Dip","3.09","0.0","Market Basket","12 oz","12 oz","17327.jpg","","1"
"15065","Personal Care","Personal Needs","Deodorants","Tom's Of Maine","Tom's of Maine Long Lasting Deodorant Unscented","","Tom's of Maine Long Lasting Deodorant Unscented","7.0","1.0","Market Basket","2.25 oz","2.25 oz","17703.jpg","","13"
"31186","Beverages & Juices","Juices & Refrigerated Drinks","Refrigerated Drinks","Dole","Dole 100% JUICE Pineapple Juice","","Dole 100% JUICE Pineapple Juice","3.13","0.0","Market Basket","59 fl oz","59 fl oz","X232.jpg","","1"
"31505","Chips, Cookies & Snacks","Candy & Chocolates","Candy & Chocolate","Ghirardelli","Ghirardelli Chocolate Intense Dark 86% Cocoa Midnight Reverie ","","Ghirardelli Chocolate Intense Dark 86% Cocoa Midnight Reverie ","3.13","0.0","Market Basket","3.17 oz","3.17 oz","X291.jpg","","3"
"31348","Breakfast & Dairy","Dairy & Eggs","Yogurt","Forager ","Forager Project Organic Dairy- Free Cashewmilk Yogurt Blueberry ","","Forager Project Organic Dairy- Free Cashewmilk Yogurt Blueberry ","2.11","0.0","Market Basket","5.3 oz","5.3 oz","X276.jpg","","1"
"9149","Frozen Food","Frozen Dessert","Frozen Dessert","Market Basket","Market Basket Homestyle Shepherds Pie","","Market Basket Homestyle Shepherds Pie","9.79","0.0","Market Basket","28 oz","28 oz","Market Basket.jpg","","18"
"31379","Frozen Food","Frozen Pizza","Frozen Pizza","Freschetta ","Freschetta Four Supreme","072180639752","Freschetta Four Supreme","6.24","0.0","Market Basket","30.88 oz","30.88 oz","X4927.jpg","","19"
"30214","Frozen Food","Frozen Dinners & Entrees","Frozen Meal","Atkins","Atkins Stone Fired Pepperoni Pizza","637480091633","Atkins Stone Fired Pepperoni Pizza","4.36","0.0","Market Basket","5.6 oz","5.6 oz","X4185.jpg","","18"
"7436","Cooking Needs","Canned Food","Canned & Jarred Vegetables","Gonsalves","Gonsalves Sliced Sweet Red Peppers","","Gonsalves Sliced Sweet Red Peppers","4.19","0.0","Market Basket","1 oz","1 oz","No Image.jpg","","9"
"33544","Breakfast & Dairy","Cereal","Cereal","Nature's Path ","Nature's Path Orignal Heritage Flakes ","058449770206","Nature's Path Orignal Heritage Flakes ","4.99","0.0","Market Basket","13.25 oz","13.25 oz","X3687.jpg","","5"
"3858","Fresh Produce","Fresh Vegetables","Green Onions","Market Basket","Green Onions (Scallions)","","Green Onions (Scallions)","1.19","0.0","Market Basket","1 bunch","1 bunch","14542.jpg","","20"
"13453","Breakfast & Dairy","Dairy & Eggs","Milk","Fairlife","Fairlife Milk Lactose Free Reduced Fat 2% Milk","","Fairlife Milk Lactose Free Reduced Fat 2% Milk","4.61","0.0","Market Basket","52 fl oz","52 fl oz","531.jpg","","1"
"4853","Chips, Cookies & Snacks","Chips & Fruit Snacks","Chips & Pretzels","LATE JULY","LATE JULY Snacks Restaurant Style Sea Salt Thin & Crispy Organic Tortilla Chips","","LATE JULY Snacks Restaurant Style Sea Salt Thin & Crispy Organic Tortilla Chips","4.69","0.0","Market Basket","11 oz","11 oz","14859.jpg","","0"
"15091","Personal Care","Personal Needs","Facial Care","Alba Botanica","Alba Botanica Hawaiian Facial Scrub Pore Purifying Pineapple Enzyme","","Alba Botanica Hawaiian Facial Scrub Pore Purifying Pineapple Enzyme","12.64","1.0","Market Basket","4 oz","4 oz","6270.jpg","","13"
"512","Laundry & Paper Goods","Laundry","Laundry Detergent","Market Basket","Market Basket Laundry Detergent OXI Fresh Scent","","Market Basket Laundry Detergent OXI Fresh Scent","3.74","1.0","Market Basket","50 fl oz","50 fl oz","Market Basket.jpg","","15"
"5597","Chips, Cookies & Snacks","Candy & Chocolates","Candy & Chocolate","Tootsie Roll","Tootsie Roll Pops Assorted Flavors","","Tootsie Roll Pops Assorted Flavors","3.29","0.0","Market Basket","10.125 oz","10.125 oz","14978.jpg","","3"
"6522","Chips, Cookies & Snacks","Nuts, Seeds & Dried Fruit","Nuts, Seeds & Dried Fruit","Sunmaid","Sunmaid California Sun-dried Raisins","","Sunmaid California Sun-dried Raisins","3.24","0.0","Market Basket","10 oz","10 oz","No Image.jpg","","6"
"32699","Breakfast & Dairy","Pancake & Waffle Mix","Pancake & Waffle Mix","Maple Grove Farms","Maple Grove Farms Honey Buckwheat Pancake and Waffle Mix","074683000091","Maple Grove Farms Honey Buckwheat Pancake and Waffle Mix","4.99","0.0","Market Basket","24 oz","24 oz","X3168.jpg","","2"
"32795","Chips, Cookies & Snacks","Candy & Chocolates","Candy & Chocolate","Market Basket","Market Basket Soft Peppermints ","","Market Basket Soft Peppermints ","1.24","0.0","Market Basket","4.5 oz","4.5 oz","X511.jpg","","3"
"7363","Cooking Needs","Spices & Seasonings","Spices & Seasonings","Mrs. Dash","Mrs. Dash Mrs. Dash Salt Free Seasoning Blend Lemon Pepper","","Mrs. Dash Mrs. Dash Salt Free Seasoning Blend Lemon Pepper","3.69","0.0","Market Basket","2.5 oz","2.5 oz","15641.jpg","","9"
"30924","Breakfast & Dairy","Dairy & Eggs","Yogurt","Chobani","Chobani Flip Peanut Butter Dream ","","Chobani Flip Peanut Butter Dream ","1.25","0.0","Market Basket","5.3 oz","5.3 oz","X131.jpg","","1"
"5685","Chips, Cookies & Snacks","Nuts, Seeds & Dried Fruit","Trail Mix & Snack Mix","Market Basket","Market Basket Cape Cod Cranberry Trail Mix","","Market Basket Cape Cod Cranberry Trail Mix","4.09","0.0","Market Basket","10 oz","10 oz","Market Basket.jpg","","21"
"31696","Condiments & Dressings","Marinades, Ketchup & Sauces","Ketchup","Heinz ","Heinz Est 1869 Tomato Ketchup 57 Varieties","01312102","Heinz Est 1869 Tomato Ketchup 57 Varieties","1.88","0.0","Market Basket","24 oz","24 oz","X2136.jpg","","2"
"33297","Frozen Food","Frozen Dinners & Entrees","Frozen Appetizers & Sides","Michelina's","Michelina's Pop'n Chicken","717854152099","Michelina's Pop'n Chicken","1.25","0.0","Market Basket","4.5 oz","4.5 oz","X4121.jpg","","18"
"13918","Breakfast & Dairy","Dairy & Eggs","Soy & Lactose-Free","Westbrae","Westbrae Natural Westsoy Organic Original Soymilk Plain","","Westbrae Natural Westsoy Organic Original Soymilk Plain","3.69","0.0","Market Basket","32 fl oz","32 fl oz","14800.jpg","","1"
"14118","Breakfast & Dairy","Dairy & Eggs","Yogurt","Danone","Danone Key Lime Nonfat Yogurt","","Danone Key Lime Nonfat Yogurt","1.29","0.0","Market Basket","5.3 oz","5.3 oz","14647.jpg","","1"
"33643","Condiments & Dressings","Preserved Dips & Spreads","Spreads","Nut Butter Rx","Nut Butter Rx 9G Protein Vanilla Almond Butter ","","Nut Butter Rx 9G Protein Vanilla Almond Butter ","1.56","0.0","Market Basket","1.13 oz","1.13 oz","X679.jpg","","3"
"5325","Chips, Cookies & Snacks","Cookies & Crackers","Crackers","Nabisco","Nabisco Teddy Grahams Cinnamon Graham Snacks","","Nabisco Teddy Grahams Cinnamon Graham Snacks","4.69","0.0","Market Basket","10 oz","10 oz","No Image.jpg","","6"
"32746","Frozen Food","Frozen Dinners & Entrees","Frozen Meal","Marie Callender's","Marie Callender's Cheesy Chipotle Rice & Beans Bowl","021131905583","Marie Callender's Cheesy Chipotle Rice & Beans Bowl","3.13","0.0","Market Basket","11.5 oz","11.5 oz","X4053.jpg","","18"
"4002","Fresh Produce","Fresh Vegetables","Squash","Market Basket","Tender Zucchini Squash","","Tender Zucchini Squash","1.42","0.0","Market Basket","1 lb","1 lb","f285.jpg","","20"
"33627","Breakfast & Dairy","Dairy & Eggs","Yogurt","Noosa ","Noosa apple cinnamon","","Noosa apple cinnamon","2.5","0.0","Market Basket","8 oz","8 oz","X675.jpg","","1"
"30822","Condiments & Dressings","Salad Dressings & Toppings","Salad Dressing & Toppings","Cardini's","Cardini's Caesar Dressing Balasamic Vianigrette","","Cardini's Caesar Dressing Balasamic Vianigrette","3.25","0.0","Market Basket","12 fl oz","12 fl oz","X98.jpg","","2"
"31455","Breakfast & Dairy","Cereal","Cereal","General Mills","General Mills Lucky Charm Family Size","016000126831","General Mills Lucky Charm Family Size","4.99","0.0","Market Basket","19.3 oz","19.3 oz","X3432.jpg","","5"
"30284","Meat & Seafood","Packaged Meat & Seafood","Ham","Bar S","Bar S Premium Deli Smoked Ham ","","Bar S Premium Deli Smoked Ham ","8.74","0.0","Market Basket","32 oz","32 oz","X4515.jpg","","1"
"14576","Breakfast & Dairy","Tea & Coffee","Tea","Lipton","Lipton Tea Bags Green Tea","","Lipton Tea Bags Green Tea","3.69","0.0","Market Basket","40 count","40 count","3486.jpg","","8"
"32414","Pasta & Sauces","Instant Pasta","Instant Pasta","Kraft","Kraft Macaroni & Cheese Unicorn Shapes","021000053162","Kraft Macaroni & Cheese Unicorn Shapes","1.66","0.0","Market Basket","5.5 oz","5.5 oz","X1200.jpg","","4"
"33337","Meat & Seafood","Packaged Meat & Seafood","Burger","Morning Stars Farms ","Morning Stars Farms Vggie Original Chik Patties ","","Morning Stars Farms Vggie Original Chik Patties ","4.61","0.0","Market Basket","10 oz","10 oz","X4775.jpg","","1"
"8764","Condiments & Dressings","Preserved Dips & Spreads","Preserved Dips & Salsa","Newman's Own","Newman's Own Farmer's Garden Salsa Medium Chunky","","Newman's Own Farmer's Garden Salsa Medium Chunky","3.59","0.0","Market Basket","16 oz","16 oz","1991.jpg","","1"
"4643","Meat & Seafood","Canned Meat & Seafood","Canned Tuna","Bumble Bee","Bumble Bee Solid White Albacore Tuna in Water","","Bumble Bee Solid White Albacore Tuna in Water","2.19","0.0","Market Basket","5 oz","5 oz","5186.jpg","","2"
"4699","Meat & Seafood","Canned Meat & Seafood","Canned Tuna","StarKistÃÂ®","StarKistÃÂ® StarKist Tuna Creations Ranch","","StarKistÃÂ® StarKist Tuna Creations Ranch","1.69","0.0","Market Basket","2.6 oz","2.6 oz","5208.jpg","","2"
"34051","Chips, Cookies & Snacks","Chips & Fruit Snacks","Popcorn","Pop Secret ","Pop Secret Butter Natural Flavor","023896451701","Pop Secret Butter Natural Flavor","2.5","0.0","Market Basket","9 oz","9 oz","X4951.jpg","","19"
"9771","Frozen Food","Frozen Produce","Frozen Produce","Birds Eye","Birds Eye Steamfresh Broccoli Florets","","Birds Eye Steamfresh Broccoli Florets","2.69","0.0","Market Basket","12 oz","12 oz","2470.jpg","","19"
"31405","Beverages & Juices","Energy & Sports Drinks","Energy & Sports Drinks","Gatorade","Gatorade Thirst Quencher Orange","052000338768","Gatorade Thirst Quencher Orange","1.25","0.0","Market Basket","32 fl oz","32 fl oz","X2652.jpg","","10"
"4311","Meat & Seafood","Meat & Seafood Counter","Pork","Market Basket","Market Basket Boneless Pork Butts","","Market Basket Boneless Pork Butts","6.67","0.0","Market Basket","Approx: 2.39 lb at $2.79/lb","Approx: 2.39 lb at $2.79/lb","Market Basket.jpg","","22"
"15317","Personal Care","Vitamins & Proteins","Vitamins & Supplements","Citracal","Citracal Petites Calcium Citrate With Vitamin D3 Caplets","","Citracal Petites Calcium Citrate With Vitamin D3 Caplets","18.27","1.0","Market Basket","200 count","200 count","6715.jpg","","13"
"13512","Breakfast & Dairy","Dairy & Eggs","Milk","McArthur","McArthur Dairy Pure 1% Lowfat Milk","","McArthur Dairy Pure 1% Lowfat Milk","4.79","0.0","Market Basket","1 gal","1 gal","520.jpg","","1"
"8304","Condiments & Dressings","Fresh Dips & Tapenades","Fresh Dips & Tapenades","Heluva Good!","Heluva Good! Bodacious Onion Sour Cream Dip","","Heluva Good! Bodacious Onion Sour Cream Dip","2.09","0.0","Market Basket","12 oz","12 oz","5532.jpg","","1"
"6470","Chips, Cookies & Snacks","Nuts, Seeds & Dried Fruit","Nuts, Seeds & Dried Fruit","Second Nature","Second Nature Wholesome Medley","","Second Nature Wholesome Medley","8.74","0.0","Market Basket","15 oz","15 oz","No Image.jpg","","6"
"6518","Chips, Cookies & Snacks","Nuts, Seeds & Dried Fruit","Nuts, Seeds & Dried Fruit","Second Nature","Second Nature Simplicity Medley","","Second Nature Simplicity Medley","6.24","0.0","Market Basket","14 oz","14 oz","No Image.jpg","","6"
"7498","Cooking Needs","Canned Food","Canned & Jarred Vegetables","Libby's","Libby's Peas & Carrots","","Libby's Peas & Carrots","1.09","0.0","Market Basket","15 oz","15 oz","5090.jpg","","9"
"8904","Condiments & Dressings","Salad Dressings & Toppings","Salad Dressing & Toppings","Marie's","Marie's Vinaigrette Italian","","Marie's Vinaigrette Italian","3.29","0.0","Market Basket","11.5 fl oz","11.5 fl oz","15430.jpg","","2"
"31823","Frozen Food","Frozen Pizza","Frozen Pizza Dough","House of Pasta","House of Pasta All Natural Pizza Dough","074708983316","House of Pasta All Natural Pizza Dough","2.99","0.0","Market Basket","32 oz","32 oz","X4790.jpg","","19"
"33927","Condiments & Dressings","Pickled Goods & Olives","Olives","Pearls ","Pearls Pimiento Stuffed Manzanilla Olives To Go!","072999805034","Pearls Pimiento Stuffed Manzanilla Olives To Go!","3.74","0.0","Market Basket","12 oz","12 oz","X2270.jpg","","2"
"31226","Frozen Food","Frozen Breakfast","Frozen Burrito","El Monterey","El Monterey Bean and Cheese Burritos 8 pack FAMILY SIZE","071007061400","El Monterey Bean and Cheese Burritos 8 pack FAMILY SIZE","4.49","0.0","Market Basket","32 oz","32 oz","X4832.jpg","","19"
"13284","Breakfast & Dairy","Dairy & Eggs","Butter","Land O' Lakes","Land O' Lakes Fresh Buttery Taste Spread","","Land O' Lakes Fresh Buttery Taste Spread","2.69","0.0","Market Basket","15 oz","15 oz","625.jpg","","1"
"33282","Condiments & Dressings","Pickled Goods & Olives","Peppers","Mezzetta ","Mezzetta Snice 1935 Family Co Roasted Red Bell Pepper Strips Californai Fresh Pack Mild ","073214001040","Mezzetta Snice 1935 Family Co Roasted Red Bell Pepper Strips Californai Fresh Pack Mild ","2.86","0.0","Market Basket","10 fl oz","10 fl oz","X3248.jpg","","2"
"304","Kitchen & Cleaning","Food Storage & Kitchen Supplies","Parchment Paper","Reynolds","Reynolds Cookie Baking Sheets Pre Cut Parchment Paper","","Reynolds Cookie Baking Sheets Pre Cut Parchment Paper","4.89","1.0","Market Basket","22 count","22 count","16869.jpg","","12"
"4848","Chips, Cookies & Snacks","Chips & Fruit Snacks","Chips & Pretzels","Good Health","Good Health Veggie Straws Sea Salt","","Good Health Veggie Straws Sea Salt","4.69","0.0","Market Basket","6.25 oz","6.25 oz","14813.jpg","","0"
"9036","Condiments & Dressings","Preserved Dips & Spreads","Spreads","Skippy","Skippy Peanut Butter","","Skippy Peanut Butter","2.79","0.0","Market Basket","12 oz","12 oz","No Image.jpg","","3"
"8322","Condiments & Dressings","Fresh Dips & Tapenades","Fresh Dips & Tapenades","Lake View Farms","Lake View Farms Classic Veggie Dip","","Lake View Farms Classic Veggie Dip","1.89","0.0","Market Basket","12 oz","12 oz","17330.jpg","","1"
"30670","Condiments & Dressings","Salad Dressings & Toppings","Salad Dressing & Toppings","Briannas ","Briannas Home Style Real French Vinaigrette Dressing","","Briannas Home Style Real French Vinaigrette Dressing","4.36","0.0","Market Basket","12 fl oz","12 fl oz","X70.jpg","","2"
"5036","Chips, Cookies & Snacks","Cookies & Crackers","Cookies & Cakes","Chips Ahoy!","Chips Ahoy! Nabisco Crunchy Cookies White Fudge Chunky","","Chips Ahoy! Nabisco Crunchy Cookies White Fudge Chunky","3.91","0.0","Market Basket","11.75 oz","11.75 oz","1134.jpg","","6"
"33776","Frozen Food","Frozen Dinners & Entrees","Frozen Meal","P.F.Chang's","P.F.Chang's Chicken Lo Mein","031000670757","P.F.Chang's Chicken Lo Mein","4.99","0.0","Market Basket","11 oz","11 oz","X4099.jpg","","18"
"33326","Condiments & Dressings","Marinades, Ketchup & Sauces","Mustard Sauce","Mister Mustard ","Mister Mustard Hot Original","092325222212","Mister Mustard Hot Original","2.49","0.0","Market Basket","18 oz","18 oz","X2153.jpg","","2"
"33234","Breakfast & Dairy","Breads & Rolls","Rolls","Martin's","Martin's 8 Long Potato Rolls","075185000015","Martin's 8 Long Potato Rolls","4.74","0.0","Market Basket","15 oz","15 oz","X2551.jpg","","18"
"30402","Pasta & Sauces","Instant Pasta","Instant Pasta","Betty Crocker","Betty Crocker Suddenly Pasta Salad Classic Pasta, Red Peppers and Seasoning","016000503304","Betty Crocker Suddenly Pasta Salad Classic Pasta, Red Peppers and Seasoning","2.5","0.0","Market Basket","7.75 oz","7.75 oz","X1133.jpg","","4"
"135","Kitchen & Cleaning","Cleaning Products","Mop","Murphy","Murphy Wood Cleaner, Squirt & Mop","","Murphy Wood Cleaner, Squirt & Mop","4.29","1.0","Market Basket","32 fl oz","32 fl oz","16817.jpg","","15"
"33792","Pasta & Sauces","Pasta Sauce","Pasta Sauce","Paesana","Paesana Pasta Sauce Marinara Traditional Pasta Sauce","076050170413","Paesana Pasta Sauce Marinara Traditional Pasta Sauce","7.49","0.0","Market Basket","40 oz","40 oz","X1532.jpg","","4"
"34465","Breakfast & Dairy","Breads & Rolls","Bread","Sara Lee","Sara Lee Delighful Healthy Multigrain Bread 45 Calories","072945715882","Sara Lee Delighful Healthy Multigrain Bread 45 Calories","5.36","0.0","Market Basket","20 oz","20 oz","X2482.jpg","","18"
"30938","Breakfast & Dairy","Dairy & Eggs","Yogurt","Chobani","Chobani Flip Pumpkin Harvest Crisp Yogurt","","Chobani Flip Pumpkin Harvest Crisp Yogurt","4.99","0.0","Market Basket","5.3 oz","5.3 oz","X145.jpg","","1"
"6926","Cooking Needs","Baking & Cooking","Baking Ingredients","Toll House","Toll House Semi Sweet Chocolate Chunks","","Toll House Semi Sweet Chocolate Chunks","3.69","0.0","Market Basket","11.5 oz","11.5 oz","2357.jpg","","8"
"31652","Frozen Food","Frozen Dinners & Entrees","Frozen Meal","Healthy Choice","Healthy Choice Chicken Fajita","072655005044","Healthy Choice Chicken Fajita","3.13","0.0","Market Basket","9.5 oz","9.5 oz","X4065.jpg","","18"
"30588","Cooking Needs","Baking & Cooking","Flour","Bob's Red Mill","BOb's Red MIll Unbleached White All- Purpose Flour ","039978533012","BOb's Red MIll Unbleached White All- Purpose Flour ","6.24","0.0","Market Basket","80 oz","80 oz","X5296.jpg","","3"
"6612","Beverages & Juices","Juices & Refrigerated Drinks","Refrigerated Drinks","Monster","Odwalla Blueberry Monster Blueberry Juice 100 Drink","","Odwalla Blueberry Monster Blueberry Juice 100 Drink","3.09","0.0","Market Basket","15.2 oz","15.2 oz","3793.jpg","","20"
"34276","Personal Care","Vitamins & Proteins","Protien Powders","Quest","Quest Milk Shake ","888849008582","Quest Milk Shake ","36.24","0.0","Market Basket","1.6 lb","1.6 lb","X5205.jpg","","3"
"30723","Cooking Needs","Canned Food","Baked Beans","Bush's","Bush's Best Since 1908 Original Brown Sugar Hickory Baked Beans ","","Bush's Best Since 1908 Original Brown Sugar Hickory Baked Beans ","1.25","0.0","Market Basket","8.3 oz","8.3 oz","X1818.jpg","","2"
"34325","Frozen Food","Frozen Dinners & Entrees","Frozen Meal","Rao's","RAO'S Meat Lasagna","747479300070","RAO'S Meat Lasagna","5.36","0.0","Market Basket","9 oz","9 oz","X3998.jpg","","18"
"3430","Fresh Produce","Fresh Fruits","Apple","Market Basket","Braeburn Apples","","Braeburn Apples","2.0","0.0","Market Basket","1 lb","1 lb","f3.jpg","","20"
"3876","Fresh Produce","Fresh Vegetables","Lettuce","Market Basket","Boston Butter Lettuce","","Boston Butter Lettuce","1.97","0.0","Market Basket","1 count","1 count","f219.jpg","","20"
"34846","Breakfast & Dairy","Breads & Rolls","English Muffins","Thomas","Thomas English Muffins Cinnamon Raisin","048121138066","Thomas English Muffins Cinnamon Raisin","6.24","0.0","Market Basket","13 oz","13 oz","X2615.jpg","","18"
"275","Kitchen & Cleaning","Dish Detergents","Dishwasher Detergent","Market Basket","Market Basket Orange Scent Dishwasher Gel","","Market Basket Orange Scent Dishwasher Gel","4.69","1.0","Market Basket","75 oz","75 oz","Market Basket.jpg","","15"
"30286","Meat & Seafood","Packaged Meat & Seafood","Hot Dogs & Franks","Bar S","Bar S Bun Lenght Franks ","","Bar S Bun Lenght Franks ","4.74","0.0","Market Basket","40 oz","40 oz","X4574.jpg","","1"
"34762","Condiments & Dressings","Marinades, Ketchup & Sauces","Marinades & Meat Preparation","Sweet Baby Ray's","Sweet Baby Ray's Gourmet Sauce Dipping Sauce Creamy Buffalo Dip ","013409516256","Sweet Baby Ray's Gourmet Sauce Dipping Sauce Creamy Buffalo Dip ","1.88","0.0","Market Basket","18 oz","18 oz","X2061.jpg","","2"
"10154","Frozen Food","Ice Cream & Ice","Ice Cream & Ice","Market Basket","Drumstick Vanilla Frozen Dairy Dessert Cones","","Drumstick Vanilla Frozen Dairy Dessert Cones","4.36","0.0","Market Basket","4 count","4 count","16149.jpg","","21"
"33466","Breakfast & Dairy","Bars & Pastries","Granola Bars","Nature Valley ","Nature Valley Fruit & Nut Trail Mix Granola Bars","016000439801","Nature Valley Fruit & Nut Trail Mix Granola Bars","3.75","0.0","Market Basket","6 x 1.02 oz","6 x 1.02 oz","X3816.jpg","","5"
"32822","Breakfast & Dairy","Bars & Pastries","Granola Bars","Market Basket","Market Basket Dipped Chocolaty Covered Chewy Granola Bars Peanut Butter","049705020746","Market Basket Dipped Chocolaty Covered Chewy Granola Bars Peanut Butter","2.5","0.0","Market Basket","6.34 oz","6.34 oz","X3808.jpg","","5"
"3542","Fresh Produce","Fresh Vegetables","Bell Pepper","Market Basket","Bell Peppers","","Bell Peppers","2.4","0.0","Market Basket","1 count","1 count","FP97.jpg","","20"
"3686","Fresh Produce","Fresh Fruits","Orange","Market Basket","Florida Oranges, Bag","","Florida Oranges, Bag","4.24","0.0","Market Basket","4 lb","4 lb","14245.jpg","","20"
"31665","Frozen Food","Frozen Dinners & Entrees","Frozen Meal","Healthy Choice","Healthy Choice Garden Vegetable","072655220157","Healthy Choice Garden Vegetable","3.74","0.0","Market Basket","9.25 oz","9.25 oz","X4079.jpg","","18"
"7456","Cooking Needs","Canned Food","Canned & Jarred Vegetables","Goya","Goya Sliced Pimientos","","Goya Sliced Pimientos","1.49","0.0","Market Basket","4 oz","4 oz","5059.jpg","","9"
"7196","Cooking Needs","Spices & Seasonings","Spices & Seasonings","Badia","Badia Guajillo Chili","","Badia Guajillo Chili","4.09","0.0","Market Basket","3 oz","3 oz","2219.jpg","","9"
"5939","Beverages & Juices","Cocoa & Drink Mixes","Cocoa & Drink Mixes","Powell & Mahoney","Powell & Mahoney Classic Margarita","","Powell & Mahoney Classic Margarita","8.74","0.0","Market Basket","750 ml","750 ml","No Image.jpg","","17"
"10489","Cooking Needs","Rice & Grains","Instant Rice","Goya","Goya Valencia Rice, Enriched, Short Grain","","Goya Valencia Rice, Enriched, Short Grain","2.99","0.0","Market Basket","12 oz","12 oz","5739.jpg","","7"
"14472","Breakfast & Dairy","Tea & Coffee","Coffee","Royal","Gevalia Kaffe Kaffe Dark Royal Roast Coffee Pods","","Gevalia Kaffe Kaffe Dark Royal Roast Coffee Pods","7.39","0.0","Market Basket","12 count","12 count","16279.jpg","","8"
"34066","Breakfast & Dairy","Bars & Pastries","Pastries","Pop Tarts","Pop tarts Frosted Brown Sugar Cinnamon","038000222962","Pop tarts Frosted Brown Sugar Cinnamon","4.99","0.0","Market Basket","27 oz","27 oz","X3498.jpg","","5"
"5211","Chips, Cookies & Snacks","Cookies & Crackers","Crackers","Nabisco","Nabisco Wheat Thins Nabisco Ranch","","Nabisco Wheat Thins Nabisco Ranch","3.91","0.0","Market Basket","9 oz","9 oz","1213.jpg","","6"
"31571","Frozen Food","Frozen Dinners & Entrees","Frozen Appetizers & Sides","Gorton's","Gorton's Natural Catch Grilled Fillets Garlic Butter","044400173001","Gorton's Natural Catch Grilled Fillets Garlic Butter","3.74","0.0","Market Basket","7.1 oz","7.1 oz","X4380.jpg","","18"
"31633","Cooking Needs","Oils & Vinegars","Oils & Vinegars","Gulf Wax","Gulf Wax House Hold Paraffin Wax For Canning , Candlemaking And Many other Uses ","","Gulf Wax House Hold Paraffin Wax For Canning , Candlemaking And Many other Uses ","3.74","0.0","Market Basket","16 oz","16 oz","X1798.jpg","","2"
"7934","Cooking Needs","Canned Food","Soup, Broth & Bouillon","Campbell's","Campbell's Chunky Soup, Chicken Corn Chowder Soup","","Campbell's Chunky Soup, Chicken Corn Chowder Soup","3.09","0.0","Market Basket","18.8 oz","18.8 oz","5342.jpg","","2"
"33680","Beverages & Juices","Juices & Refrigerated Drinks","Juice & Nectars","Ocean Spray","Ocean Spray Diet Cranberry Juice Drink from Concentrate 6 pack","031200001917","Ocean Spray Diet Cranberry Juice Drink from Concentrate 6 pack","4.61","0.0","Market Basket","6 x 10 fl oz","6 x 10 fl oz","X2846.jpg","","10"
"7439","Cooking Needs","Canned Food","Canned & Jarred Vegetables","Goya","Goya Blackeye Peas","","Goya Blackeye Peas","0.99","0.0","Market Basket","15.5 oz","15.5 oz","5049.jpg","","9"
"33011","Pasta & Sauces","Raw Pasta","Raw Pasta","Market Basket","Market Basket Pasta Rotini","049795032725","Market Basket Pasta Rotini","1.25","0.0","Market Basket","16 oz","16 oz","X1666.jpg","","4"
"34061","Breakfast & Dairy","Bars & Pastries","Pastries","Pop Tarts","Pop Tarts Frosted Chocolate Fudge","038000222870","Pop Tarts Frosted Chocolate Fudge","4.99","0.0","Market Basket","27 oz","27 oz","X3493.jpg","","5"
"13400","Breakfast & Dairy","Dairy & Eggs","Eggs","Egg Beaters","Egg Beaters Original","","Egg Beaters Original","3.09","0.0","Market Basket","16 oz","16 oz","602.jpg","","1"
"13269","Breakfast & Dairy","Dairy & Eggs","Butter","Brummel & Brown","Brummel & Brown 35% Vegetable Oil 10% Nonfat Yogurt Spread","","Brummel & Brown 35% Vegetable Oil 10% Nonfat Yogurt Spread","3.29","0.0","Market Basket","15 oz","15 oz","14769.jpg","","1"
"10138","Frozen Food","Ice Cream & Ice","Ice Cream & Ice","Luigi's","Luigi's Italian Ice, Orange, Box","","Luigi's Italian Ice, Orange, Box","2.49","0.0","Market Basket","6 fl oz","6 fl oz","16207.jpg","","21"
"8120","Cooking Needs","Canned Food","Soup, Broth & Bouillon","Progresso","Progresso Traditional Split Pea With Ham Soup","","Progresso Traditional Split Pea With Ham Soup","2.79","0.0","Market Basket","19 oz","19 oz","5289.jpg","","9"
"10248","Frozen Food","Ice Cream & Ice","Ice Cream & Ice","Turkey Hill","Turkey Hill Homemade Vanilla Premium Ice Cream","","Turkey Hill Homemade Vanilla Premium Ice Cream","3.69","0.0","Market Basket","48 fl oz","48 fl oz","3135.jpg","","21"
"31171","Frozen Food","Frozen Pasta","Frozen Pasta","Devour","Devour Double Chicken Creamy Alfredo Ravioli","025155000538","Devour Double Chicken Creamy Alfredo Ravioli","3.74","0.0","Market Basket","9.8 oz","9.8 oz","X4126.jpg","","18"
"30367","Cooking Needs","Baking & Cooking","Stuffing Mix","Bell's","BELL'S ALL NATURAL 15O 1867-2017 Years of Tradition THE WILLIM G .BELL CO. SINCE 1867 SEASONING","","BELL'S ALL NATURAL 15O 1867-2017 Years of Tradition THE WILLIM G .BELL CO. SINCE 1867 SEASONING","2.74","0.0","Market Basket","1 oz","1 oz","X45.jpg","","1"
"10126","Frozen Food","Ice Cream & Ice","Ice Cream & Ice","Klondike","Klondike Ice Cream Bars Reese's","","Klondike Ice Cream Bars Reese's","4.09","0.0","Market Basket","6 count","6 count","18023.jpg","","21"
"7395","Cooking Needs","Canned Food","Canned & Jarred Vegetables","Bruce's","Bruce's Yams Cut Sweet Potatoes in Syrup","","Bruce's Yams Cut Sweet Potatoes in Syrup","1.59","0.0","Market Basket","15 oz","15 oz","17104.jpg","","9"
"14522","Breakfast & Dairy","Tea & Coffee","Tea","Bigelow ","Bigelow Constant Comment Black Tea Decaffeinated","","Bigelow Constant Comment Black Tea Decaffeinated","2.49","0.0","Market Basket","20 count","20 count","3404.jpg","","8"
"30985","Condiments & Dressings","Marinades, Ketchup & Sauces","Sauce","Coconut Aminos ","Coconut Aminos Soy Free Alternative to Soy Sauce ","851492002108","Coconut Aminos Soy Free Alternative to Soy Sauce ","12.49","0.0","Market Basket","16.39 fl oz","16.39 fl oz","X5335.jpg","","3"
"4846","Chips, Cookies & Snacks","Chips & Fruit Snacks","Chips & Pretzels","Garden of Eatin'","Garden of Eatin' Corn Tortilla Chips Blue Chips","","Garden of Eatin' Corn Tortilla Chips Blue Chips","5.47","0.0","Market Basket","8.1 oz","8.1 oz","14892.jpg","","0"
"31836","Frozen Food","Frozen Dinners & Entrees","Frozen Appetizers & Sides","Hungry-Man","Hungry-Man Home-Style Meatloaf","051000083753","Hungry-Man Home-Style Meatloaf","3.74","0.0","Market Basket","16 oz","16 oz","X4006.jpg","","18"
"31525","Beverages & Juices","Tea, Coffee, Milk & Coconut Water","Tea","Gold Peak Tea","Gold Peak Tea Green Tea with real Sugar","083900005979","Gold Peak Tea Green Tea with real Sugar","1.66","0.0","Market Basket","18.5 fl oz","18.5 fl oz","X2932.jpg","","10"
"35212","Breakfast & Dairy","Dairy & Eggs","Yogurt","Yoplait","Yoplait Original Made With Real Fruit Red Raspberry ","","Yoplait Original Made With Real Fruit Red Raspberry ","0.81","0.0","Market Basket","6 oz","6 oz","X946.jpg","","1"
"30866","Frozen Food","Frozen Pizza","Frozen Pizza","Celeste ","Celeste Zesty Four Cheese Pizza","019600044000","Celeste Zesty Four Cheese Pizza","1.25","0.0","Market Basket","5.22 oz","5.22 oz","X4862.jpg","","19"
"3500","Fresh Produce","Fresh Organic Vegetables","Cauliflower","Market Basket","Organic Cauliflower","","Organic Cauliflower","7.14","0.0","Market Basket","1 count","1 count","f106.jpg","","20"
"31063","Pasta & Sauces","Pasta Sauce","Pasta Sauce","Cucina and Amore","Cucina and Amore Bruschetta Red Pepper and Artichoke","728119098823","Cucina and Amore Bruschetta Red Pepper and Artichoke","4.99","0.0","Market Basket","7.9 oz","7.9 oz","X1416.jpg","","4"
"9180","Frozen Food","Frozen Dinners & Entrees","Frozen Appetizers & Sides","Our Best","Our Best Italian Style Meatballs","","Our Best Italian Style Meatballs","6.69","0.0","Market Basket","32 oz","32 oz","Market Basket.jpg","","18"
"3791","Fresh Produce","Fresh Organic Fruits","Raspberries","Market Basket","Organic Raspberries","","Organic Raspberries","5.62","0.0","Market Basket","6 oz","6 oz","14179.jpg","","20"
"30477","Breakfast & Dairy","Granola & Oats","Oats","Bob's Red Mill","Bob's Red Mill Scottish Oatmeal","039978041210","Bob's Red Mill Scottish Oatmeal","4.36","0.0","Market Basket","20 oz","20 oz","X3669.jpg","","5"
"9078","Condiments & Dressings","Preserved Dips & Spreads","Spreads","Trappist","Trappist Peach Preserves","","Trappist Peach Preserves","3.69","0.0","Market Basket","12 oz","12 oz","No Image.jpg","","3"
"7307","Cooking Needs","Spices & Seasonings","Spices & Seasonings","McCormick","McCormick Grill Mates Garden Vegetable Seasoning","","McCormick Grill Mates Garden Vegetable Seasoning","2.49","0.0","Market Basket","3.12 oz","3.12 oz","2273.jpg","","9"
"9038","Condiments & Dressings","Preserved Dips & Spreads","Spreads","Skippy","Skippy Reduced Fat Creamy Peanut Butter Spread","","Skippy Reduced Fat Creamy Peanut Butter Spread","6.89","0.0","Market Basket","40 Oz","40 Oz","1638.jpg","","3"
"3477","Fresh Produce","Fresh Herbs","Garlic","Market Basket","Garlic (1 bag contains 5 Garlic bulbs)","","Garlic (1 bag contains 5 Garlic bulbs)","2.39","0.0","Market Basket","1 bag(s)","1 bag(s)","f66.jpg","","20"
"33751","Meat & Seafood","Packaged Meat & Seafood","Ham","Oscar Mayer ","Oscar Mayer Honey Uncured Ham ","","Oscar Mayer Honey Uncured Ham ","3.74","0.0","Market Basket","9 oz","9 oz","X4519.jpg","","1"
"35075","Beverages & Juices","Juices & Refrigerated Drinks","Juice & Nectars","Welch's","Welch's Concord Grape 100% Juice No Sugar Added","041800207503","Welch's Concord Grape 100% Juice No Sugar Added","4.74","0.0","Market Basket","64 fl oz","64 fl oz","X2891.jpg","","10"
"14465","Breakfast & Dairy","Tea & Coffee","Coffee","Peet's Coffee","Peet's Coffee Italian Roast Dark Roast Ground Coffee","","Peet's Coffee Italian Roast Dark Roast Ground Coffee","10.99","0.0","Market Basket","12 oz","12 oz","3328.jpg","","8"
"15236","Personal Care","Personal Needs","Oral Hygiene","Orajel","Orajel Daniel Tigerâs Fruity Stripes Training Toothpaste + Toothbrush","","Orajel Daniel Tigerâs Fruity Stripes Training Toothpaste + Toothbrush","6.31","1.0","Market Basket","2 count","2 count","18153.jpg","","13"
"34388","Cooking Needs","Rice & Grains","Grains, Rice & Dried Goods","Rice Select","Rice Select Orzo Rice Shaped Pasta Enriched Macroni product ","074401702412","Rice Select Orzo Rice Shaped Pasta Enriched Macroni product ","10.74","0.0","Market Basket","26.5 oz","26.5 oz","X1122.jpg","","4"
"7515","Cooking Needs","Canned Food","Canned & Jarred Vegetables","Market Basket","Market Basket No Salt Added Crushed Tomatoes In Heavy Puree","","Market Basket No Salt Added Crushed Tomatoes In Heavy Puree","1.29","0.0","Market Basket","28 oz","28 oz","Market Basket.jpg","","9"
"10010","Frozen Food","Ice Cream & Ice","Ice Cream & Ice","Edy's/dreyer's","Edy's/Dreyer's Espresso Chip Ice Cream","","Edy's/Dreyer's Espresso Chip Ice Cream","3.69","0.0","Market Basket","1.5 quart","1.5 quart","3027.jpg","","21"
"34376","Cooking Needs","Rice & Grains","Instant Rice","Rice Roni","Rice Roni Chicken & Garlic Flavor Rice, Vermicelli, chicken broth & garlic with other natural flavors ","015300430068","Rice Roni Chicken & Garlic Flavor Rice, Vermicelli, chicken broth & garlic with other natural flavors ","1.25","0.0","Market Basket","5.9 oz","5.9 oz","X987.jpg","","4"
"35144","Condiments & Dressings","Salad Dressings & Toppings","Salad Dressing & Toppings","Wish Bone","Wish Bone Fat Free Ranch Dressing","041321005428","Wish Bone Fat Free Ranch Dressing","2.5","0.0","Market Basket","15 fl oz","15 fl oz","X915.jpg","","2"
"33560","Cooking Needs","Rice & Grains","Instant Rice","Near East ","Near East Rice Pilaf mix Roasted Chicken & Garlic flavour with other Natural Flavors","072251002126","Near East Rice Pilaf mix Roasted Chicken & Garlic flavour with other Natural Flavors","1.88","0.0","Market Basket","6.3 oz","6.3 oz","X1022.jpg","","4"
"34449","Pasta & Sauces","Raw Pasta","Raw Pasta","San Remo","San Remo Pasta Elbows","726411000056","San Remo Pasta Elbows","1.25","0.0","Market Basket","16 oz","16 oz","X1649.jpg","","4"
"3771","Fresh Produce","Fresh Herbs","Thyme","Uncle Vinny's","Uncle Vinny's Fresh Thyme","","Uncle Vinny's Fresh Thyme","2.86","0.0","Market Basket","1 oz","1 oz","93.jpg","","20"
"13754","Breakfast & Dairy","Dairy & Eggs","Packaged Cheese","Market Basket","Market Basket Pepperjack Cheese Slices","","Market Basket Pepperjack Cheese Slices","2.69","0.0","Market Basket","8 oz","8 oz","Market Basket.jpg","","1"
"13418","Breakfast & Dairy","Dairy & Eggs","Eggs","Market Basket","Egg beater natural egg white","","Egg beater natural egg white","6.09","0.0","Market Basket","32 oz","32 oz","Market Basket.jpg","","1"
"6355","Beverages & Juices","Ginger Ale & Ginger Beer","Ginger Ale","Polar","Polar Zero Sugar Ginger Ale Soda","","Polar Zero Sugar Ginger Ale Soda","1.49","0.0","Market Basket","1 L","1 L","No Image.jpg","","11"
"33098","Cooking Needs","Oils & Vinegars","Oils & Vinegars","Market Basket ","Market Basket Naturally Cholosterol Free Vegetabe Oil ","049705041857","Market Basket Naturally Cholosterol Free Vegetabe Oil ","2.49","0.0","Market Basket","48 fl oz","48 fl oz","X1913.jpg","","2"
"33405","Condiments & Dressings","Pickled Goods & Olives","Sandwich Stuffers","Mt. Olive","Mt.Olive Sandwich Stuffers Old-Fashioned Sweet Bread & Butter Snice 1926","009300000673","Mt.Olive Sandwich Stuffers Old-Fashioned Sweet Bread & Butter Snice 1926","2.74","0.0","Market Basket","16 fl oz","16 fl oz","X3274.jpg","","2"
"4652","Meat & Seafood","Canned Meat & Seafood","Canned Crabmeat","Chicken of the Sea","Chicken of the Sea Premium Crab Meat Claw","","Chicken of the Sea Premium Crab Meat Claw","10.99","0.0","Market Basket","16 oz","16 oz","5213.jpg","","2"
"9221","Frozen Food","Frozen Dinners & Entrees","Frozen Appetizers & Sides","NewYork Bakery","New York Bakery Texas Toast with Real Garlic","","New York Bakery Texas Toast with Real Garlic","2.69","0.0","Market Basket","8 x 11.25 oz","8 x 11.25 oz","2623.jpg","","18"
"138","Kitchen & Cleaning","Cleaning Products","More Household","Swiffer","Swiffer WetJet Starter Kit","","Swiffer WetJet Starter Kit","29.29","1.0","Market Basket","1 count","1 count","16967.jpg","","15"
"6857","Cooking Needs","Baking & Cooking","Baking Ingredients","Heath Milk Chocolate","Heath Milk Chocolate Toffee Bits","","Heath Milk Chocolate Toffee Bits","4.09","0.0","Market Basket","8 oz","8 oz","15703.jpg","","8"
"31388","Condiments & Dressings","Preserved Dips & Spreads","Spreads","Fun Delina","Fun Delina Chocolate - Hazelnut Banana Spread ","","Fun Delina Chocolate - Hazelnut Banana Spread ","3.13","0.0","Market Basket","13 oz","13 oz","X283.jpg","","3"
"31887","Meat & Seafood","Packaged Meat & Seafood","Sausage","Incogmeato ","Incogmeato 100% Plant Protein Italian Sausage ","","Incogmeato 100% Plant Protein Italian Sausage ","6.86","0.0","Market Basket","14.1 oz","14.1 oz","X4718.jpg","","1"
"30079","Frozen Food","Frozen Dinners & Entrees","Frozen Meal","Amy's ","Amy's Thai Pad Thai","042272009244","Amy's Thai Pad Thai","5.49","0.0","Market Basket","9.5 oz","9.5 oz","X4158.jpg","","18"
"6195","Beverages & Juices","Soft Drinks & Seltzers","Soft Drinks","7 up","7 Up Lemon Lime","","7 Up Lemon Lime","2.11","0.0","Market Basket","2 L","2 L","No Image.jpg","","17"
"31730","Meat & Seafood","Packaged Meat & Seafood","Kielbasa","Hillshire Farm ","Hillshire Farm Turkey Polska Kielbasa ","","Hillshire Farm Turkey Polska Kielbasa ","4.61","0.0","Market Basket","13 oz","13 oz","X4613.jpg","","1"
"64","Kitchen & Cleaning","Air Fresheners & Candles","Other Air Fresheners & Candles","Febreze","Febreze Noticeables Warmer Oil Warmer","","Febreze Noticeables Warmer Oil Warmer","3.74","1.0","Market Basket","1 ct","1 ct","4240.jpg","","15"
"32465","Beverages & Juices","Juices & Refrigerated Drinks","Juice & Nectars","Langers","Langers Fresh Pressed All Pomegranate 100% Juice","041755001195","Langers Fresh Pressed All Pomegranate 100% Juice","6.24","0.0","Market Basket","32 fl oz","32 fl oz","X2796.jpg","","10"
"32310","Breakfast & Dairy","Bars & Pastries","Breakfast Bars","Kind","Kind Vanilla Blueberry Bars","602652184048","Kind Vanilla Blueberry Bars","3.75","0.0","Market Basket","5 x 1.2 oz","5 x 1.2 oz","X3886.jpg","","5"
"34769","Condiments & Dressings","Marinades, Ketchup & Sauces","Marinades & Meat Preparation","Sweet Baby Ray's","Sweet Baby Ray's Gourmet Sauce Maple Natural Flavor Barbecue Sauce ","013409517000","Sweet Baby Ray's Gourmet Sauce Maple Natural Flavor Barbecue Sauce ","2.86","0.0","Market Basket","16 fl oz","16 fl oz","X2078.jpg","","2"
"30110","Chips, Cookies & Snacks","Chips & Fruit Snacks","Fruit & Vegetable Snacks","Annie's","Annies Organic Bernie's Farm Fruit Snacks Tropical Treat","013562111008","Annies Organic Bernie's Farm Fruit Snacks Tropical Treat","3.75","0.0","Market Basket","4 oz","4 oz","X5146.jpg","","19"
"32723","Condiments & Dressings","Preserved Dips & Spreads","Spreads","Maranatha","Maranatha Coconut Butter Creamy","","Maranatha Coconut Butter Creamy","9.99","0.0","Market Basket","15 oz","15 oz","X501.jpg","","3"
"32381","Breakfast & Dairy","Breads & Rolls","Buns","Koffee Kup Bakery","Koffee Kup Bakery Seeded Potato Hamburger Buns","074016016652","Koffee Kup Bakery Seeded Potato Hamburger Buns","3.74","0.0","Market Basket","16 oz","16 oz","X2582.jpg","","18"
"34845","Breakfast & Dairy","Breads & Rolls","English Muffins","Thomas","Thomas English Muffins Original Whole Grain","048121184117","Thomas English Muffins Original Whole Grain","6.24","0.0","Market Basket","12 oz","12 oz","X2614.jpg","","18"
"4812","Chips, Cookies & Snacks","Chips & Fruit Snacks","Chips & Pretzels","Bachman","Bachman Pretzel Stix Brick Oven Flame Baked","","Bachman Pretzel Stix Brick Oven Flame Baked","3.91","0.0","Market Basket","12 oz","12 oz","14837.jpg","","0"
"14119","Breakfast & Dairy","Dairy & Eggs","Yogurt","Danone","Danone Nonfat Yogurt Banana Cream","","Danone Nonfat Yogurt Banana Cream","1.29","0.0","Market Basket","5.3 oz","5.3 oz","14693.jpg","","1"
"3532","Fresh Produce","Fresh Vegetables","Avacado","Mission Chilean","Mission Chilean Hass Avocado","","Mission Chilean Hass Avocado","5.62","0.0","Market Basket","4 count","4 count","14396.jpg","","20"
"594","Laundry & Paper Goods","Laundry","Laundry Detergent","Febreze","Febreze Odor Eliminator Quick Dry Mist Crisp Clean Laundry Detergent","","Febreze Odor Eliminator Quick Dry Mist Crisp Clean Laundry Detergent","6.24","1.0","Market Basket","15 fl oz","15 fl oz","No Image.jpg","","15"
"7992","Cooking Needs","Canned Food","Soup, Broth & Bouillon","College Inn","College Inn Less Sodium Chicken Broth","","College Inn Less Sodium Chicken Broth","0.99","0.0","Market Basket","14.5 oz","14.5 oz","5382.jpg","","2"
"4630","Meat & Seafood","Canned Meat & Seafood","Other Seafood","Bar Harbor","Bar Harbor Wild Herring Fillets, Seasoned with Cracked Pepper","","Bar Harbor Wild Herring Fillets, Seasoned with Cracked Pepper","3.09","0.0","Market Basket","6.7 oz","6.7 oz","5249.jpg","","2"
"14809","Personal Care","Body Wash, Soap & Hair Care","Hair Care","TRESemme","TRESemme Shampoo Moisture Rich","","TRESemme Shampoo Moisture Rich","4.93","1.0","Market Basket","28 oz","28 oz","18165.jpg","","13"
"7330","Cooking Needs","Spices & Seasonings","Spices & Seasonings","McCormick","McCormick Onion Powder","","McCormick Onion Powder","6.09","0.0","Market Basket","7.62 oz","7.62 oz","2158.jpg","","9"
"32359","Cooking Needs","Rice & Grains","Rice/Pasta Sides","Knorr","Knorr Pasta Sides Parmesan","041000022555","Knorr Pasta Sides Parmesan","1.25","0.0","Market Basket","4.3 oz","4.3 oz","X1167.jpg","","4"
"32997","Pasta & Sauces","Pasta Sauce","Pasta Sauce","Market Basket","Market Basket Premium Pasta Sauce Four Cheese","049705034576","Market Basket Premium Pasta Sauce Four Cheese","2.5","0.0","Market Basket","24 oz","24 oz","X1462.jpg","","4"
"31474","Breakfast & Dairy","Cereal","Cereal","General Mills","General Mills Honey Nut Cheerios Mega Size","016000163836","General Mills Honey Nut Cheerios Mega Size","6.24","0.0","Market Basket","29.4 oz","29.4 oz","X3451.jpg","","5"
"32584","Chips, Cookies & Snacks","Candy & Chocolates","Candy & Chocolate","Lindt","Lindor Caramel With Sea Salt","","Lindor Caramel With Sea Salt","3.75","0.0","Market Basket","5.1 oz","5.1 oz","X480.jpg","","3"
"80","Kitchen & Cleaning","Air Fresheners & Candles","Scented Oil Refill","Febreze","Febreze Plug Scented Oil Refill Meadows & Rain","","Febreze Plug Scented Oil Refill Meadows & Rain","6.24","1.0","Market Basket","0.879 fl oz","0.879 fl oz","4237.jpg","","15"
"10024","Frozen Food","Ice Cream & Ice","Ice Cream & Ice","Edy's/dreyer's","Edy's/dreyer's Vanilla Ice Cream","","Edy's/dreyer's Vanilla Ice Cream","3.69","0.0","Market Basket","1.5 quart","1.5 quart","3031.jpg","","21"
"3799","Fresh Produce","Fresh Organic Herbs","Oregano","Goodness Gardens","Goodness Gardens Organic Infinite Oregano","","Goodness Gardens Organic Infinite Oregano","2.86","0.0","Market Basket","4 oz","4 oz","FP47.jpg","","20"
"34614","Condiments & Dressings","Marinades, Ketchup & Sauces","Marinades & Meat Preparation","Sticky","Sticky Fingers SmokeHouse Sweet Kentucky Bourbon Barbecue Sauce ","757339250025","Sticky Fingers SmokeHouse Sweet Kentucky Bourbon Barbecue Sauce ","2.5","0.0","Market Basket","18 oz","18 oz","X2091.jpg","","2"
"14832","Personal Care","Body Wash, Soap & Hair Care","Soap","Dial","Dial White Deodorant Soap","","Dial White Deodorant Soap","6.31","1.0","Market Basket","8 x 4 oz","8 x 4 oz","6336.jpg","","13"
"5358","Chips, Cookies & Snacks","Cookies & Crackers","Crackers","Nabisco","Nabisco Mini Chips Ahoy! 12 Packs","","Nabisco Mini Chips Ahoy! 12 Packs","6.23","0.0","Market Basket","12 x 1 oz","12 x 1 oz","No Image.jpg","","6"
"14455","Breakfast & Dairy","Tea & Coffee","Coffee","Peet's Coffee","Peet's Coffee Colombia Luminosa Light Roast Ground Coffee","","Peet's Coffee Colombia Luminosa Light Roast Ground Coffee","10.99","0.0","Market Basket","12 oz","12 oz","3334.jpg","","8"
"30074","Cooking Needs","Baking & Cooking","Pizza Sauce","Amore","Amore Anchovy Paste ","072248271580","Amore Anchovy Paste ","3.13","0.0","Market Basket","1.6 oz","1.6 oz","X1306.jpg","","4"
"35054","Condiments & Dressings","Pickled Goods & Olives","Dill Stackers","Vlasic ","Vlasic Fresh Packed Kosher Dill Stackers Purely Pickles Big Crunch","054100005632","Vlasic Fresh Packed Kosher Dill Stackers Purely Pickles Big Crunch","2.5","0.0","Market Basket","16 fl oz","16 fl oz","X3271.jpg","","2"
"4059","Meat & Seafood","Meat & Seafood Counter","Beef","Market Basket","Beef Franks","","Beef Franks","4.29","0.0","Market Basket","1 lb","1 lb","Market Basket.jpg","","22"
"5650","Chips, Cookies & Snacks","Candy & Chocolates","Mint & Gum","Gum","5 Gum Peppermint Cobalt Sugarfree Gum s","","5 Gum Peppermint Cobalt Sugarfree Gum s","3.69","0.0","Market Basket","3 ct","3 ct","1512.jpg","","3"
"34367","Condiments & Dressings","Preserved Dips & Spreads","Spreads","Reese's","Reeser's Peanut Butter ","","Reeser's Peanut Butter ","3.74","0.0","Market Basket","1 lb","1 lb","X744.jpg","","3"
"31485","Breakfast & Dairy","Cereal","Cereal","General Mills","General Mills Cinnamon Toast Crunch Large Size","016000125933","General Mills Cinnamon Toast Crunch Large Size","4.38","0.0","Market Basket","16.8 oz","16.8 oz","X3462.jpg","","5"
"5238","Chips, Cookies & Snacks","Chips & Fruit Snacks","Ready Popcorn","SkinnyPop","SkinnyPop Original Popcorn Non GMO Gluten Free","","SkinnyPop Original Popcorn Non GMO Gluten Free","3.91","0.0","Market Basket","4.4 oz","4.4 oz","15319.jpg","","0"
"4896","Chips, Cookies & Snacks","Chips & Fruit Snacks","Chips & Pretzels","Market Basket","Market Basket Slightly Salted (50% Less Sodium) Potato Chips","","Market Basket Slightly Salted (50% Less Sodium) Potato Chips","3.13","0.0","Market Basket","9.5 oz","9.5 oz","Market Basket.jpg","","0"
"3985","Fresh Produce","Fresh Vegetables","Speciality Produce","Market Basket","Tomatillos Pack (Approx: 1 lb)","","Tomatillos Pack (Approx: 1 lb)","3.55","0.0","Market Basket","1 pack","1 pack","FP90.jpg","","20"
"8084","Cooking Needs","Canned Food","Soup, Broth & Bouillon","Pacific","Pacific Foods Organic Butternut Squash Bisque","","Pacific Foods Organic Butternut Squash Bisque","3.69","0.0","Market Basket","17.6 oz","17.6 oz","5352.jpg","","2"
"30086","Frozen Food","Frozen Dinners & Entrees","Frozen Meal","Amy's ","Amy's Gluten Free Made with Organic Beans & Rice Burrito, Non Dairy","042272003525","Amy's Gluten Free Made with Organic Beans & Rice Burrito, Non Dairy","3.36","0.0","Market Basket","5.5 oz","5.5 oz","X4165.jpg","","18"
"30867","Frozen Food","Frozen Pizza","Frozen Pizza","Celeste ","Celeste Deluxe Pizza","019600045809","Celeste Deluxe Pizza","1.25","0.0","Market Basket","5.9 oz","5.9 oz","X4863.jpg","","19"
"9365","Frozen Food","Frozen Dessert","Frozen Dessert","Sara Lee","Sara Lee Cheesecake Strawberry","","Sara Lee Cheesecake Strawberry","6.09","0.0","Market Basket","19 oz","19 oz","2978.jpg","","19"
"14658","Breakfast & Dairy","Tea & Coffee","Tea","Yogi","Yogi Tea Bedtime Organic Caffeine Free Bags, Box","","Yogi Tea Bedtime Organic Caffeine Free Bags, Box","4.89","0.0","Market Basket","16 count","16 count","3508.jpg","","8"
"478","Laundry & Paper Goods","Laundry","Laundry Detergent","Purex Liquid Detergents","Purex Detergent Odor Release 43 Loads","","Purex Detergent Odor Release 43 Loads","3.74","1.0","Market Basket","65 fl oz","65 fl oz","No Image.jpg","","15"
"10022","Frozen Food","Ice Cream & Ice","Ice Cream & Ice","Edy's/dreyer's","Edy's/Dreyer's Sundae Cone Ice Cream","","Edy's/Dreyer's Sundae Cone Ice Cream","3.69","0.0","Market Basket","1.5 quart","1.5 quart","3019.jpg","","21"
"5366","Chips, Cookies & Snacks","Cookies & Crackers","Cookies & Cakes","Pepperidge Farm","Pepperidge Farmhouse Thin & Crispy Milk Chocolate Chip","","Pepperidge Farmhouse Thin & Crispy Milk Chocolate Chip","4.69","0.0","Market Basket","6.9 oz","6.9 oz","No Image.jpg","","6"
"6236","Beverages & Juices","Water","Sparkling Water","Bubly","Bubly Sparkling Water Blackberry","","Bubly Sparkling Water Blackberry","4.18","0.0","Market Basket","8 x 12 fl oz","8 x 12 fl oz","No Image.jpg","","11"
"30400","Cooking Needs","Rice & Grains","Instant Food","Betty Crocker","Betty Crocker Hamburger Helper Four Cheese Lasagna made with Real Cheese","016000283831","Betty Crocker Hamburger Helper Four Cheese Lasagna made with Real Cheese","1.88","0.0","Market Basket","5.5 oz","5.5 oz","X1144.jpg","","4"
"10230","Frozen Food","Ice Cream & Ice","Ice Cream & Ice","Talenti","Talenti Gelato Caramel Cookie Crunch","","Talenti Gelato Caramel Cookie Crunch","3.69","0.0","Market Basket","16 fl oz","16 fl oz","17992.jpg","","21"
"8395","Condiments & Dressings","Marinades, Ketchup & Sauces","Marinades & Meat Preparation","A.1.","A.1. Original Sauce","","A.1. Original Sauce","4.89","0.0","Market Basket","15 oz","15 oz","15565.jpg","","2"
"33250","Pasta & Sauces","Pasta Sauce","Pasta Sauce","Mezzetta","Mezzetta Pasta Sauce Truffle, Porcini and Cream Marinara","073214002917","Mezzetta Pasta Sauce Truffle, Porcini and Cream Marinara","4.49","0.0","Market Basket","16.25 oz","16.25 oz","X1425.jpg","","4"
"6258","Beverages & Juices","Water","Water","Essentia","Essentia Water Purified Water","","Essentia Water Purified Water","2.49","0.0","Market Basket","50.7 fl oz","50.7 fl oz","16219.jpg","","11"
"30388","Chips, Cookies & Snacks","Chips & Fruit Snacks","Fruit & Vegetable Snacks","Betty Crocker","Betty Crocker Shimmer and Shine Fruit Flavored Snacks ","016000363519","Betty Crocker Shimmer and Shine Fruit Flavored Snacks ","2.5","0.0","Market Basket","8 oz","8 oz","X5165.jpg","","19"
"8602","Condiments & Dressings","Pickled Goods & Olives","Pickled Goods & Olives","Claussen","Claussen Kosher Deli Style Pickle Spears","","Claussen Kosher Deli Style Pickle Spears","3.69","0.0","Market Basket","24 fl oz","24 fl oz","1924.jpg","","2"
"14846","Personal Care","Body Wash, Soap & Hair Care","Soap","Irish Spring","Irish Spring Deodorant Soap","","Irish Spring Deodorant Soap","3.21","1.0","Market Basket","11.25 oz","11.25 oz","6355.jpg","","13"
"7306","Cooking Needs","Spices & Seasonings","Spices & Seasonings","McCormick","McCormick Grill Mates Chipotle Pepper Marinade Mix","","McCormick Grill Mates Chipotle Pepper Marinade Mix","1.29","0.0","Market Basket","1.13 oz","1.13 oz","2270.jpg","","9"
"9838","Frozen Food","Frozen Produce","Frozen Produce","Market Basket","Market Basket California Combo","","Market Basket California Combo","1.69","0.0","Market Basket","16 oz","16 oz","Market Basket.jpg","","19"
"33649","Beverages & Juices","Juices & Refrigerated Drinks","Juice & Nectars","Ocean Spray","Ocean Spray Diet 5 Cran Mango","031200023124","Ocean Spray Diet 5 Cran Mango","3.74","0.0","Market Basket","64 fl oz","64 fl oz","X2815.jpg","","10"
"30875","Chips, Cookies & Snacks","Candy & Chocolates","Candy & Chocolate","Charleston","Charleston Chew Rollers Your Favorite Chewy Nougat Rolled in a Chocolate Coating ","","Charleston Chew Rollers Your Favorite Chewy Nougat Rolled in a Chocolate Coating ","3.75","0.0","Market Basket","7.6 oz","7.6 oz","X101.jpg","","3"
"3701","Fresh Produce","Fresh Fruits","Peach","Market Basket","Peach","","Peach","0.37","0.0","Market Basket","1 count","1 count","14187.jpg","","20"
"31602","Frozen Food","Frozen Produce","Frozen Produce","Goya","Goya Yuca Cassava","041331090520","Goya Yuca Cassava","2.49","0.0","Market Basket","24 oz","24 oz","X4427.jpg","","18"
"14979","Personal Care","First Aid & Healthcare","Muscles, Joints & Pain Relief","Advil","Advil Ibuprofen","","Advil Ibuprofen","12.64","1.0","Market Basket","80 count","80 count","6627.jpg","","13"
"13687","Breakfast & Dairy","Dairy & Eggs","Packaged Cheese","Galbani","Galbani Marscarpone Mozzarella Fresca","","Galbani Marscarpone Mozzarella Fresca","3.09","0.0","Market Basket","8 oz","8 oz","151.jpg","","1"
"6935","Cooking Needs","Baking & Cooking","Doughs, Gelatins & Bake Mixes","Betty Crocker","Betty Crocker Cornbread and Muffin Mix","","Betty Crocker Cornbread and Muffin Mix","0.69","0.0","Market Basket","6.5 oz","6.5 oz","2087.jpg","","8"
"4083","Meat & Seafood","Meat & Seafood Counter","Beef","Market Basket","Market Basket Beef Loin Choice Sirloin Tips","","Market Basket Beef Loin Choice Sirloin Tips","14.68","0.0","Market Basket","Approx: 1.50 lb at $9.79/lb","Approx: 1.50 lb at $9.79/lb","Market Basket.jpg","","22"
"34374","Cooking Needs","Rice & Grains","Instant Rice","Rice Roni","Rice Roni Chicken flavor Rice, Vermicelli, chicken broth & herbs with other natural flavors ","015300200012","Rice Roni Chicken flavor Rice, Vermicelli, chicken broth & herbs with other natural flavors ","1.24","0.0","Market Basket","1.97 oz","1.97 oz","X985.jpg","","4"
"4927","Chips, Cookies & Snacks","Chips & Fruit Snacks","Chips & Pretzels","Smartfood","Smartfood Sweet & Salty Kettle Corn","","Smartfood Sweet & Salty Kettle Corn","6.23","0.0","Market Basket","7.75","7.75","No Image.jpg","","0"
"5300","Chips, Cookies & Snacks","Cookies & Crackers","Crackers","Ritz","Ritz Toasted Pita Oven Baked Crackers 55% Less Fat Original","","Ritz Toasted Pita Oven Baked Crackers 55% Less Fat Original","5.31","0.0","Market Basket","8 oz","8 oz","No Image.jpg","","6"
"32227","Condiments & Dressings","Salad Dressings & Toppings","Salad Dressing & Toppings","Ken's Steak House","Ken's Seak House Lite Creamy Caesar Dressing,Topping & Spread  ","041335341369","Ken's Seak House Lite Creamy Caesar Dressing,Topping & Spread  ","4.36","0.0","Market Basket","24 fl oz","24 fl oz","X395.jpg","","2"
"6695","Breakfast & Dairy","Bars & Pastries","Protien Bars","Atkins","Atkins Protein Rich Meal Bar Peanut Butter Granola","","Atkins Protein Rich Meal Bar Peanut Butter Granola","9.19","0.0","Market Basket","8.5 oz","8.5 oz","17654.jpg","","5"
"8667","Condiments & Dressings","Pickled Goods & Olives","Pickled Goods & Olives","Nellie's","Aunt Nellie's Sliced Pickled Beets","","Aunt Nellie's Sliced Pickled Beets","1.69","0.0","Market Basket","16 oz","16 oz","15540.jpg","","9"
"3974","Fresh Produce","Fresh Vegetables","Soy Beans","Kiyo Foods","Kiyo Foods Edamame Soy Beans, Sea Salted, Boiled Shelled, Tub","","Kiyo Foods Edamame Soy Beans, Sea Salted, Boiled Shelled, Tub","4.7","0.0","Market Basket","9 oz","9 oz","14372.jpg","","20"
"34797","Chips, Cookies & Snacks","Candy & Chocolates","Candy & Chocolate","Taza ","Taza Chocolate Cacao Crunch Organic Dark Chocolate ","","Taza Chocolate Cacao Crunch Organic Dark Chocolate ","3.74","0.0","Market Basket","2.5 oz","2.5 oz","X824.jpg","","3"
"6667","Beverages & Juices","Juices & Refrigerated Drinks","Refrigerated Drinks","Tropicana ","Tropicana PURE PRIMIUM  NO PULP CALICIUM + VITAMIN D NEVER FROM CONCENTRATE 100% ORANGE JUICE","","Tropicana PURE PRIMIUM  NO PULP CALICIUM + VITAMIN D NEVER FROM CONCENTRATE 100% ORANGE JUICE","4.61","0.0","Market Basket","89 fl oz","89 fl oz","X856.jpg","","1"
"32194","Breakfast & Dairy","Cereal","Cereal","Kellogg's ","Kellogg's Frosted Mini Wheats Blueberry Whole Grain Cereal ","038000199387","Kellogg's Frosted Mini Wheats Blueberry Whole Grain Cereal ","3.75","0.0","Market Basket","14.3 oz","14.3 oz","X3360.jpg","","5"
"5913","Beverages & Juices","Tea, Coffee, Milk & Coconut Water","Single To-Go Coffee","StarBucks","Starbucks Frappuccino Mocha Bottles 4 Pack","","Starbucks Frappuccino Mocha Bottles 4 Pack","6.24","0.0","Market Basket","4 x 9.5 fl oz","4 x 9.5 fl oz","No Image.jpg","","17"
"34655","Frozen Food","Frozen Dinners & Entrees","Frozen Meal","Stouffer's ","Stouffer's Bowl-Fulls Chicken Bacon Ranch Bowl","013800470089","Stouffer's Bowl-Fulls Chicken Bacon Ranch Bowl","4.11","0.0","Market Basket","14 oz","14 oz","X4269.jpg","","18"
"6446","Beverages & Juices","Soft Drinks & Seltzers","Soft Drinks","Market Basket","Market Basket Diet Soda","","Market Basket Diet Soda","3.75","0.0","Market Basket","12 x 12 fl oz","12 x 12 fl oz","Market Basket.jpg","","17"
"4193","Meat & Seafood","Packaged Meat & Seafood","Chicken","Perdue","Perdue Whole Roaster Chicken","","Perdue Whole Roaster Chicken","8.45","0.0","Market Basket","Approx: 5.00 lb at $1.69/lb","Approx: 5.00 lb at $1.69/lb","No Image.jpg","","22"
"15260","Personal Care","Personal Needs","Oral Hygiene","The Natural Dentist","The Natural Dentist Stim-U Dent Plaque Removers Original Mint - 4 PK","","The Natural Dentist Stim-U Dent Plaque Removers Original Mint - 4 PK","3.21","1.0","Market Basket","4 count","4 count","17766.jpg","","13"
"33051","Condiments & Dressings","Honey, Syrup & Nectars","Honey","Market Basket ","Market Basket Wildflower Honey ","049705016732","Market Basket Wildflower Honey ","4.99","0.0","Market Basket","16 oz","16 oz","X3185.jpg","","2"
"31542","Condiments & Dressings","Salad Dressings & Toppings","Dressing Mix","Gold Seasons","Gold Seasons Greek Dressing & Recipe Mix ","","Gold Seasons Greek Dressing & Recipe Mix ","1.86","0.0","Market Basket","0.7 oz","0.7 oz","X1744.jpg","","2"
"7829","Cooking Needs","Canned Food","Canned Meat & Seafood","Bumble Bee","Bumble Bee Solid White Albacore Tuna in Water","","Bumble Bee Solid White Albacore Tuna in Water","4.59","0.0","Market Basket","3 oz","3 oz","5188.jpg","","2"
"31632","Cooking Needs","Rice & Grains","Instant Rice","Gulf Pacific","Gulf Pacific All Natural Flavor Instant Brown Rice Natural Whole Grain ","720579903549","Gulf Pacific All Natural Flavor Instant Brown Rice Natural Whole Grain ","1.88","0.0","Market Basket","14 oz","14 oz","X998.jpg","","4"
"5343","Chips, Cookies & Snacks","Cookies & Crackers","Cookies & Cakes","belVita","belVita Soft Filled Strawberry","","belVita Soft Filled Strawberry","4.69","0.0","Market Basket","8.8 oz","8.8 oz","No Image.jpg","","6"
"34587","Beverages & Juices","Tea, Coffee, Milk & Coconut Water","Tea","Snapple","Snapple All Natural Lemon Tea","076183273746","Snapple All Natural Lemon Tea","7.49","0.0","Market Basket","6 x 16 fl oz","6 x 16 fl oz","X3008.jpg","","10"
"13274","Breakfast & Dairy","Dairy & Eggs","Butter","Country Crock","Country Crock Buttery Spread Calcium","","Country Crock Buttery Spread Calcium","4.29","0.0","Market Basket","45 oz","45 oz","648.jpg","","1"
"34508","Frozen Food","Frozen Dinners & Entrees","Frozen Meal","Smart Ones","Smart Ones Slow Roasted Turkey Breast","025800023202","Smart Ones Slow Roasted Turkey Breast","2.5","0.0","Market Basket","9 oz","9 oz","X4191.jpg","","18"
"5298","Chips, Cookies & Snacks","Cookies & Crackers","Crackers","Ritz","Ritz Crisp & Thins 50% Less Fat Salt & Vinegar","","Ritz Crisp & Thins 50% Less Fat Salt & Vinegar","3.91","0.0","Market Basket","7.1 oz","7.1 oz","No Image.jpg","","6"
"32453","Cooking Needs","Oils & Vinegars","Oils & Vinegars","La Spagnola ","La Spagnola Brand Since 1900 Peanut Oil With Vintamin E ","072071010004","La Spagnola Brand Since 1900 Peanut Oil With Vintamin E ","4.99","0.0","Market Basket","32 fl oz","32 fl oz","X1924.jpg","","2"
"32579","Condiments & Dressings","Pickled Goods & Olives","Olives","Lindsay ","Lindsay estd 1916 Natural Pitted Olives Mediterranean Medle With Parsley,Black Pepper,And Garlic ","053800420002 ","Lindsay estd 1916 Natural Pitted Olives Mediterranean Medle With Parsley,Black Pepper,And Garlic ","3.74","0.0","Market Basket","10 oz","10 oz","X2253.jpg","","2"
"6934","Cooking Needs","Baking & Cooking","Doughs, Gelatins & Bake Mixes","Betty Crocker","Betty Crocker Chocolate Chip Cookie Mix","","Betty Crocker Chocolate Chip Cookie Mix","2.49","0.0","Market Basket","17.5 oz","17.5 oz","2080.jpg","","8"
"6647","Beverages & Juices","Juices & Refrigerated Drinks","Refrigerated Drinks","Polar","Polar Seltzer Ruby Red Grapefruit","","Polar Seltzer Ruby Red Grapefruit","4.89","0.0","Market Basket","12 x fl oz","12 x fl oz","16517.jpg","","11"
"15230","Personal Care","Personal Needs","Oral Hygiene","Market Basket","Market Basket Mouthwash Peppermint","","Market Basket Mouthwash Peppermint","2.52","1.0","Market Basket","1 L","1 L","Market Basket.jpg","","13"
"30442","Cooking Needs","Rice & Grains","Rice","Blue Ribbon","Blue Ribbon Enriched Golden Parboiled Rice Gluten Free ","071771086050","Blue Ribbon Enriched Golden Parboiled Rice Gluten Free ","4.61","0.0","Market Basket","5 lb","5 lb","X1047.jpg","","4"
"9200","Frozen Food","Frozen Dinners & Entrees","Frozen Appetizers & Sides","Store Brand","Crinkle Cut Fries","","Crinkle Cut Fries","2.49","0.0","Market Basket","1 ct","1 ct","Market Basket.jpg","","18"
"9119","Frozen Food","Frozen Dinners & Entrees","Frozen Appetizers & Sides","Golden Platter","Golden Platter Chicken Nuggets, Gluten Free","","Golden Platter Chicken Nuggets, Gluten Free","7.39","0.0","Market Basket","24 oz","24 oz","15830.jpg","","18"
"6404","Beverages & Juices","Water","Sparkling Water","Sparkling ICE","Sparkling ICE 4 Pack","","Sparkling ICE 4 Pack","12.49","0.0","Market Basket","12 x 17 fl oz","12 x 17 fl oz","No Image.jpg","","11"
"5342","Chips, Cookies & Snacks","Cookies & Crackers","Cookies & Cakes","belVita","belVita Honey Chocolate Chip","","belVita Honey Chocolate Chip","4.69","0.0","Market Basket","8.8 oz","8.8 oz","No Image.jpg","","6"
"8046","Cooking Needs","Canned Food","Soup, Broth & Bouillon","Market Basket","Market Basket Chicken Noodle Condensed Soup","","Market Basket Chicken Noodle Condensed Soup","1.29","0.0","Market Basket","10.75 oz","10.75 oz","Market Basket.jpg","","2"
"5175","Chips, Cookies & Snacks","Cookies & Crackers","Crackers","Dare","Dare Breton Black Bean With Onion & Garlic Gluten Free","","Dare Breton Black Bean With Onion & Garlic Gluten Free","3.13","0.0","Market Basket","4.76 oz","4.76 oz","No Image.jpg","","6"
"4976","Chips, Cookies & Snacks","Chips & Fruit Snacks","Chips & Pretzels","Tostitos","Tositos Multigrain Scoops Tortilla Chips","","Tositos Multigrain Scoops Tortilla Chips","5.47","0.0","Market Basket","10 oz","10 oz","No Image.jpg","","0"
"7767","Cooking Needs","Canned Food","Canned Meals & Beans","Goya","Goya Small White Beans","","Goya Small White Beans","1.29","0.0","Market Basket","15.5 oz","15.5 oz","5110.jpg","","7"
"30997","Frozen Food","Frozen Dinners & Entrees","Frozen Appetizers & Sides","Cole's","Coles The Original Garlic Bread","071052000096","Coles The Original Garlic Bread","3.11","0.0","Market Basket","16 oz","16 oz","X4361.jpg","","18"
"8327","Condiments & Dressings","Fresh Dips & Tapenades","Fresh Dips & Tapenades","Marzetti","Marzetti Cream Cheese Fruit Dip","","Marzetti Cream Cheese Fruit Dip","4.69","0.0","Market Basket","13.5 oz","13.5 oz","5542.jpg","","1"
"34421","Condiments & Dressings","Salad Dressings & Toppings","Croutons","Rothbury Farms ","Rothbury Farms Seconsd Itlain Style croutons ","","Rothbury Farms Seconsd Itlain Style croutons ","3.13","0.0","Market Basket","5 oz","5 oz","X1751.jpg","","2"
"6330","Beverages & Juices","Soft Drinks & Seltzers","Soft Drinks","Polar","Polar Premium Club Soda Cans","","Polar Premium Club Soda Cans","3.74","0.0","Market Basket","6 x 7.5 fl oz","6 x 7.5 fl oz","No Image.jpg","","11"
"34528","Meat & Seafood","Packaged Meat & Seafood","Bacon","Smithfield","Smithfield Naturally Hickory Smoked Bacon","","Smithfield Naturally Hickory Smoked Bacon","6.86","0.0","Market Basket","16 oz","16 oz","X4457.jpg","","1"
"35222","Breakfast & Dairy","Dairy & Eggs","Yogurt","Yoplait","Yoplait original smooth style strawberry ","","Yoplait original smooth style strawberry ","3.11","0.0","Market Basket","2 lb","2 lb","X956.jpg","","1"
"13850","Breakfast & Dairy","Dairy & Eggs","Refrigerated Pudding & Desserts","Snack Pack","Snack Pack Pudding Chocolate Butter Scotch Family Pack","","Snack Pack Pudding Chocolate Butter Scotch Family Pack","4.09","0.0","Market Basket","12 x 3.25 oz","12 x 3.25 oz","811.jpg","","19"
"7780","Cooking Needs","Canned Food","Canned Meals & Beans","Market Basket","Market Basket Animal Shapes Macaroni & Cheese Dinner","","Market Basket Animal Shapes Macaroni & Cheese Dinner","0.79","0.0","Market Basket","5.5 oz","5.5 oz","Market Basket.jpg","","4"
"3666","Fresh Produce","Fresh Fruits","Kiwi","Market Basket","Kiwi","","Kiwi","0.79","0.0","Market Basket","1 count","1 count","14204.jpg","","20"
"34333","Frozen Food","Frozen Pizza","Frozen Pizza","Red Baron ","Red Baron Deep Dish Sigles Pepperoni Pizza","072180733665","Red Baron Deep Dish Sigles Pepperoni Pizza","4.61","0.0","Market Basket","11.20 oz","11.20 oz","X4898.jpg","","19"
"35159","Breakfast & Dairy","Breads & Rolls","Rolls","Wonder Bread","Wonder Bread 12 Dinner Rolls","072250074216","Wonder Bread 12 Dinner Rolls","3.74","0.0","Market Basket","12 oz","12 oz","X2458.jpg","","18"
"7835","Cooking Needs","Canned Food","Canned Meat & Seafood","Chicken of the Sea","Chicken of the Sea Lump Crabmeat","","Chicken of the Sea Lump Crabmeat","4.89","0.0","Market Basket","6 oz","6 oz","17156.jpg","","2"
"9041","Condiments & Dressings","Preserved Dips & Spreads","Spreads","Smucker's","Smucker's Concord Grape Jam","","Smucker's Concord Grape Jam","2.49","0.0","Market Basket","32 oz","32 oz","1618.jpg","","3"
"30053","Meat & Seafood","Packaged Meat & Seafood","Sausage","Alfresco ","Alfresco Spinch & Feta With A Hint Of Rosemary Chicken Sausage ","","Alfresco Spinch & Feta With A Hint Of Rosemary Chicken Sausage ","6.24","0.0","Market Basket","11 oz","11 oz","X4630.jpg","","1"
"5264","Chips, Cookies & Snacks","Chips & Fruit Snacks","Chips & Pretzels","Good Health","Good Health Veggie Straws Aged White Cheddar","","Good Health Veggie Straws Aged White Cheddar","4.69","0.0","Market Basket","6.25 oz","6.25 oz","No Image.jpg","","0"
"4697","Meat & Seafood","Canned Meat & Seafood","Canned Tuna","StarKistÃÂ®","StarKistÃÂ® StarKist Solid White Albacore Tuna In Water","","StarKistÃÂ® StarKist Solid White Albacore Tuna In Water","4.69","0.0","Market Basket","3 oz","3 oz","5212.jpg","","2"
"35194","Breakfast & Dairy","Dairy & Eggs","Yogurt","Yoplait","Yoplait Go Gurt Slushie Fizzy Low Fat Yogurt Style Snack","","Yoplait Go Gurt Slushie Fizzy Low Fat Yogurt Style Snack","2.99","0.0","Market Basket","4 x 5.3 oz","4 x 5.3 oz","X296.jpg","","1"
"6288","Beverages & Juices","Water","Water","Market Basket","Market Basket Alkaline Water Plus Electrolytes","","Market Basket Alkaline Water Plus Electrolytes","18.74","0.0","Market Basket","1.5 L","1.5 L","Market Basket.jpg","","11"
"4325","Meat & Seafood","Meat & Seafood Counter","Pork","Market Basket","Market Basket Sliced Pork Spare Ribs","","Market Basket Sliced Pork Spare Ribs","12.75","0.0","Market Basket","Approx: 2.41 lb at $5.29/lb","Approx: 2.41 lb at $5.29/lb","Market Basket.jpg","","22"
"33514","Breakfast & Dairy","Cereal","Cereal","Nature's Path","Nature's Path Gluten Free Golden Turmeric cereal","058449189084","Nature's Path Gluten Free Golden Turmeric cereal","4.99","0.0","Market Basket","10.6 oz","10.6 oz","X3685.jpg","","5"
"34315","Pasta & Sauces","Pasta Sauce","Pasta Sauce","Rao's","Rao's Marinara Homemade Pasta Sauce All Natural Premium","747479000079","Rao's Marinara Homemade Pasta Sauce All Natural Premium","6.24","0.0","Market Basket","24 oz","24 oz","X1540.jpg","","4"
"8814","Condiments & Dressings","Salad Dressings & Toppings","Salad Dressing & Toppings","Fresh Gourmet Classic","Fresh Gourmet Organic Seasoned Croutons","","Fresh Gourmet Organic Seasoned Croutons","2.09","0.0","Market Basket","4.5 oz","4.5 oz","15470.jpg","","2"
"33501","Breakfast & Dairy","Bars & Pastries","Granola Bars","Nature's Path","Nature's Path Orignal Sunrise Breakfast Bars Pumpkin - N - Spice Organic Granola Bars","058449891017","Nature's Path Orignal Sunrise Breakfast Bars Pumpkin - N - Spice Organic Granola Bars","4.99","0.0","Market Basket","6 x 1.2 oz","6 x 1.2 oz","X3898.jpg","","5"
"3758","Fresh Produce","Fresh Herbs","Parsley","Market Basket","Parsley","","Parsley","1.48","0.0","Market Basket","1 bunch","1 bunch","FP57.jpg","","20"
"33401","Condiments & Dressings","Pickled Goods & Olives","Pickles","Mt. Olive","Mt.Olive Sweet Heat Bread & Butter Chips Made With Sea Salt Snice 1926","009300002899","Mt.Olive Sweet Heat Bread & Butter Chips Made With Sea Salt Snice 1926","2.74","0.0","Market Basket","24 fl oz","24 fl oz","X3285.jpg","","2"
"35141","Condiments & Dressings","Salad Dressings & Toppings","Salad Dressing & Toppings","Wish Bone","Wish Bone Chunky Blue Cheese Dressing","041321006050","Wish Bone Chunky Blue Cheese Dressing","2.5","0.0","Market Basket","15 fl oz","15 fl oz","X912.jpg","","2"
"33916","Condiments & Dressings","Preserved Dips & Spreads","Spreads","Peanut Butter & co","Peanut Butter & co Peanut Powder Vanilla","","Peanut Butter & co Peanut Powder Vanilla","6.24","0.0","Market Basket","6.5 oz","6.5 oz","X722.jpg","","3"
"14355","Breakfast & Dairy","Tea & Coffee","Coffee","Dunkin' Donuts","Dunkin' Donuts Dunkin Donuts French Vanilla Ground Coffee","","Dunkin' Donuts Dunkin Donuts French Vanilla Ground Coffee","8.59","0.0","Market Basket","12 oz","12 oz","3380.jpg","","8"
"4748","Meat & Seafood","Frozen Meat & Seafood","Other Frozen Meat","Tyson","Tyson Cornish Game Hen","","Tyson Cornish Game Hen","8.72","0.0","Market Basket","Approx: 3.50 lb at $2.49/lb","Approx: 3.50 lb at $2.49/lb","No Image.jpg","","18"
"15039","Personal Care","Personal Needs","Deodorants","Old Spice","Old Spice High Endurance Deodorant Original","","Old Spice High Endurance Deodorant Original","4.24","1.0","Market Basket","3 oz","3 oz","6307.jpg","","13"
"6035","Beverages & Juices","Energy & Sports Drinks","Energy & Sports Drinks","Rockstar","Rockstar Regular Energy Drink","","Rockstar Regular Energy Drink","2.24","0.0","Market Basket","16 fl oz","16 fl oz","3788.jpg","","17"
"15170","Personal Care","Personal Needs","Oral Hygiene","Colgate","Colgate Tartar Protection Whitening Toothpaste Cool Mint","","Colgate Tartar Protection Whitening Toothpaste Cool Mint","2.86","1.0","Market Basket","6.4 oz","6.4 oz","6397.jpg","","13"
"30610","Beverages & Juices","Energy & Sports Drinks","Energy & Sports Drinks","Body Armor","Body Armor Super Drink Fruit Punch","858176002133","Body Armor Super Drink Fruit Punch","1.88","0.0","Market Basket","16 fl oz","16 fl oz","X2758.jpg","","10"
"30319","Pasta & Sauces","Raw Pasta","Raw Pasta","Barilla","Barilla Protien + Pasta Spaghetti","076808533576","Barilla Protien + Pasta Spaghetti","3.13","0.0","Market Basket","14.5 oz","14.5 oz","X1618.jpg","","4"
"31819","Frozen Food","Frozen Dinners & Entrees","Frozen Appetizers & Sides","Hot Pockets","Hot Pockets Sliced Beef and Cheddar 2 pack","043695056341","Hot Pockets Sliced Beef and Cheddar 2 pack","3.74","0.0","Market Basket","8.5 oz","8.5 oz","X4797.jpg","","19"
"9949","Frozen Food","Ice Cream & Ice","Ice Cream & Ice","Ben & Jerry's","Ben & Jerry's Ice Cream Mint Chocolate Cookie","","Ben & Jerry's Ice Cream Mint Chocolate Cookie","3.74","0.0","Market Basket","16 fl oz","16 fl oz","18013.jpg","","21"
"6212","Beverages & Juices","Soft Drinks & Seltzers","Soft Drinks","Sunkist","Diet Sunkist Orange Soda","","Diet Sunkist Orange Soda","2.11","0.0","Market Basket","2 L","2 L","16578.jpg","","17"
"7334","Cooking Needs","Spices & Seasonings","Spices & Seasonings","McCormick","McCormick Paprika","","McCormick Paprika","2.49","0.0","Market Basket","1 oz","1 oz","2150.jpg","","9"
"600","Laundry & Paper Goods","Paper Goods","Bathroom Tissues / Toilet Paper","Market Basket","Market Basket Premium Bathroom Tissue Ultra Strong","","Market Basket Premium Bathroom Tissue Ultra Strong","8.74","1.0","Market Basket","12 count","12 count","Market Basket.jpg","","14"
"6886","Cooking Needs","Baking & Cooking","Baking Ingredients","Market Basket","Market Basket Pumpkin Pie","","Market Basket Pumpkin Pie","6.69","0.0","Market Basket","8 oz","8 oz","Market Basket.jpg","","8"
"285","Kitchen & Cleaning","Food Storage & Kitchen Supplies","Aluminium Foil","Reynolds","Reynolds Wrap Aluminum Foil Heavy Duty","","Reynolds Wrap Aluminum Foil Heavy Duty","4.59","1.0","Market Basket","50 sq ft","50 sq ft","2408.jpg","","12"
"30713","Frozen Food","Frozen Pasta","Frozen Pasta","Buitoni ","Buitoni Spinch & Ricotta Tortelloni Frozen Pasta","","Buitoni Spinch & Ricotta Tortelloni Frozen Pasta","7.49","0.0","Market Basket","20 oz","20 oz","X4678.jpg","","1"
"30196","Breakfast & Dairy","Breads & Rolls","Bread","Arnold","Arnold Pita Pockets Healthy Multigrain","073410134139","Arnold Pita Pockets Healthy Multigrain","5.36","0.0","Market Basket","11.75 oz","11.75 oz","X2486.jpg","","18"
"14456","Breakfast & Dairy","Tea & Coffee","Coffee","Peet's Coffee","Peet's Coffee Dark Roast Ground Coffee Colombia","","Peet's Coffee Dark Roast Ground Coffee Colombia","10.99","0.0","Market Basket","12 oz","12 oz","3330.jpg","","8"
"8613","Condiments & Dressings","Pickled Goods & Olives","Pickled Goods & Olives","Goya","Goya Capers Nonpareilles","","Goya Capers Nonpareilles","3.29","0.0","Market Basket","2.5 oz","2.5 oz","1877.jpg","","7"
"34636","Frozen Food","Frozen Dinners & Entrees","Frozen Appetizers & Sides","Stouffer's","Stouffer's Chicken Pot Pie Bites","013800743633","Stouffer's Chicken Pot Pie Bites","6.24","0.0","Market Basket","12 oz","12 oz","X4789.jpg","","19"
"7506","Cooking Needs","Canned Food","Canned & Jarred Vegetables","Market Basket","Market Basket Diced Tomatoes In Tomato Juice No Salt Added","","Market Basket Diced Tomatoes In Tomato Juice No Salt Added","0.89","0.0","Market Basket","14.5 oz","14.5 oz","Market Basket.jpg","","9"
"4779","Meat & Seafood","Frozen Meat & Seafood","Frozen Shrimp","Market Basket","Market Basket 26 30 Per Pound Cooked Extra Jumbo Shrimp","","Market Basket 26 30 Per Pound Cooked Extra Jumbo Shrimp","29.19","0.0","Market Basket","32 oz","32 oz","Market Basket.jpg","","18"
"32298","Condiments & Dressings","Marinades, Ketchup & Sauces","Sauce","Kikkoman ","Kikkoman Sweet & Sour Sauce ","041390047602","Kikkoman Sweet & Sour Sauce ","3.13","0.0","Market Basket","11.5 oz","11.5 oz","X5391.jpg","","3"
"31056","Condiments & Dressings","Pickled Goods & Olives","Pickled Goods & Olives","Crosse & BlackWell","Crosse & BlackWell Ham Glaze With Montmorency Cherries ","051500286470","Crosse & BlackWell Ham Glaze With Montmorency Cherries ","2.49","0.0","Market Basket","31 oz","31 oz","X2228.jpg","","2"
"4835","Chips, Cookies & Snacks","Chips & Fruit Snacks","Chips & Pretzels","Chex Mix","Chex Mix Honey Nut Snack Mix","","Chex Mix Honey Nut Snack Mix","3.13","0.0","Market Basket","8.5 oz","8.5 oz","No Image.jpg","","0"
"8005","Cooking Needs","Canned Food","Soup, Broth & Bouillon","Healthy Choice","Healthy Choice Split Pea & Ham Soup","","Healthy Choice Split Pea & Ham Soup","1.69","0.0","Market Basket","1 ct","1 ct","5370.jpg","","2"
"6229","Beverages & Juices","Water","Sparkling Water","Adirondack","Adirondack Cherry Vanilla Sparkling Water","","Adirondack Cherry Vanilla Sparkling Water","0.63","0.0","Market Basket","1 L","1 L","No Image.jpg","","11"
"5409","Chips, Cookies & Snacks","Cookies & Crackers","Crackers","Blue Diamond","Blue Diamond Honey Nut Thins Honey Cinnamon","","Blue Diamond Honey Nut Thins Honey Cinnamon","4.69","0.0","Market Basket","4.25 oz","4.25 oz","No Image.jpg","","6"
"32921","Breakfast & Dairy","Dairy & Eggs","Yogurt","Market Basket","Market Basket Greek Nonfat Yogurt Strawberry Banana ","","Market Basket Greek Nonfat Yogurt Strawberry Banana ","3.75","0.0","Market Basket","5.3 oz","5.3 oz","X559.jpg","","1"
"7491","Cooking Needs","Canned Food","Canned & Jarred Vegetables","La Fe","La Fe Tomato Paste Dominican Style","","La Fe Tomato Paste Dominican Style","2.49","0.0","Market Basket","29 oz","29 oz","17118.jpg","","9"
"15347","Personal Care","Vitamins & Proteins","Vitamins & Supplements","Nature Made","Nature Made Vitamin D3 2000 IU (50 mcg) Tablets","","Nature Made Vitamin D3 2000 IU (50 mcg) Tablets","9.88","1.0","Market Basket","1 pack","1 pack","18196.jpg","","13"
"7676","Cooking Needs","Canned Food","Canned Fruit & Applesauce","Ocean Spray","Ocean Spray Sauce Whole Berry Cranberry Sauce","","Ocean Spray Sauce Whole Berry Cranberry Sauce","1.89","0.0","Market Basket","14 oz","14 oz","4960.jpg","","3"
"34416","Pasta & Sauces","Gluten Free Pasta","Raw Pasta","Ronzoni","Ronzoni Gluten Free Pasta Rotini","071300042144","Ronzoni Gluten Free Pasta Rotini","3.13","0.0","Market Basket","12 oz","12 oz","X1585.jpg","","4"
"6480","Chips, Cookies & Snacks","Nuts, Seeds & Dried Fruit","Nuts, Seeds & Dried Fruit","River Queen","River Queen Spanish Peanuts","","River Queen Spanish Peanuts","2.5","0.0","Market Basket","13 oz","13 oz","No Image.jpg","","6"
"31715","Beverages & Juices","Tea, Coffee, Milk & Coconut Water","Milk","Hershey's","Hershey's Strawberry Milk","034000830381","Hershey's Strawberry Milk","3.11","0.0","Market Basket","3 x 8 fl oz","3 x 8 fl oz","X3114.jpg","","10"
"32670","Cooking Needs","Baking & Cooking","Pizza Sauce","Mama Marys","Mama Marys Traditional Pizza Sauce ","035457770664","Mama Marys Traditional Pizza Sauce ","1.61","0.0","Market Basket","14 oz","14 oz","X1326.jpg","","4"
"34193","Beverages & Juices","Tea, Coffee, Milk & Coconut Water","Tea","Pure Leaf","Pure Leaf Mango Hibiscus Real Brewed Tea ","012000181498","Pure Leaf Mango Hibiscus Real Brewed Tea ","7.49","0.0","Market Basket","6 x 16.9 fl oz","6 x 16.9 fl oz","X2963.jpg","","10"
"30042","Meat & Seafood","Hot Dogs, Bacon & Sausage","Sausage","Alfresco","Alfresco all natural BUFFELO STYLE tangy With medium heat  CHICKEN SAUSAGE","","Alfresco all natural BUFFELO STYLE tangy With medium heat  CHICKEN SAUSAGE","4.99","0.0","Market Basket","13 oz","13 oz","X20.jpg","","1"
"6442","Beverages & Juices","Soft Drinks & Seltzers","Soft Drinks","Market Basket","Market Basket Club Soda","","Market Basket Club Soda","3.75","0.0","Market Basket","12 x 12 fl oz","12 x 12 fl oz","Market Basket.jpg","","17"
"4903","Chips, Cookies & Snacks","Chips & Fruit Snacks","Chips & Pretzels","Pringles","Pringles Potato Crisps Chips Cheddar Cheese","","Pringles Potato Crisps Chips Cheddar Cheese","1.55","0.0","Market Basket","2.5 oz","2.5 oz","974.jpg","","0"
"30007","Breakfast & Dairy","Dairy & Eggs","Yogurt","Activia ","Activia Strawberry Lowfat Yogurt 1.5% Milkfat Vitamin D","","Activia Strawberry Lowfat Yogurt 1.5% Milkfat Vitamin D","3.13","0.0","Market Basket","4 x 4 oz","4 x 4 oz","X4.jpg","","1"
"5932","Beverages & Juices","Tea, Coffee, Milk & Coconut Water","Single To-Go Coffee","Loco Coffee Co.","Loco Coffee Co. Maple Cold Brew Coffee + Coconut Water","","Loco Coffee Co. Maple Cold Brew Coffee + Coconut Water","3.74","0.0","Market Basket","12 fl oz","12 fl oz","No Image.jpg","","17"
"14868","Personal Care","Body Wash, Soap & Hair Care","Soap","Yardley","Yardley London Moisturizing Bath Bar English Lavender","","Yardley London Moisturizing Bath Bar English Lavender","2.86","1.0","Market Basket","2 count","2 count","17723.jpg","","13"
"4040","Fresh Produce","Fresh Vegetables","Yellow Onion","Market Basket","Yellow Onions","","Yellow Onions","1.71","0.0","Market Basket","2 lb","2 lb","14368.jpg","","20"
"30589","Cooking Needs","Baking & Cooking","Flour","Bob's Red Mill","BOb's Red MIll Unbleached White All- Purpose Organic Flour ","039978029911","BOb's Red MIll Unbleached White All- Purpose Organic Flour ","10.61","0.0","Market Basket","80 oz","80 oz","X5297.jpg","","3"
"34679","Cooking Needs","Baking & Cooking","Stuffing Mix","Stove Top ","Stove Top Stuffing Mix For CHICKEN With CHCKEN BROTH","","Stove Top Stuffing Mix For CHICKEN With CHCKEN BROTH","5.0","0.0","Market Basket","6 oz","6 oz","X810.jpg","","1"
"32028","Breakfast & Dairy","Bars & Pastries","Granola Bars","Kashi","Kashi Chocolate Chip Chia Crunchy Granola Bars","018627100010","Kashi Chocolate Chip Chia Crunchy Granola Bars","3.75","0.0","Market Basket","5 x 2 oz","5 x 2 oz","X3926.jpg","","5"
"13738","Breakfast & Dairy","Dairy & Eggs","Packaged Cheese","Market Basket","Market Basket Hot Pepper Jack Cheese Slices","","Market Basket Hot Pepper Jack Cheese Slices","3.69","0.0","Market Basket","10 oz","10 oz","Market Basket.jpg","","1"
"33465","Breakfast & Dairy","Bars & Pastries","Granola Bars","Nature Valley ","Nature Valley Sweet & Salty nut Chewy Granola Bars Dark Chocolate Peanut & Almond","016000278554","Nature Valley Sweet & Salty nut Chewy Granola Bars Dark Chocolate Peanut & Almond","3.75","0.0","Market Basket","6 x 1.02 oz","6 x 1.02 oz","X3815.jpg","","5"
"13752","Breakfast & Dairy","Dairy & Eggs","Packaged Cheese","Market Basket","Market Basket Pepper Jack Cheese Block","","Market Basket Pepper Jack Cheese Block","2.49","0.0","Market Basket","8 oz","8 oz","Market Basket.jpg","","1"
"4866","Chips, Cookies & Snacks","Chips & Fruit Snacks","Chips & Pretzels","Lay's","Lay's Kettle Cooked Original Potato Chips","","Lay's Kettle Cooked Original Potato Chips","5.45","0.0","Market Basket","8 oz","8 oz","886.jpg","","0"
"33358","Cooking Needs","Canned Food","Canned Fruit & Applesauce","Mott's ","Mott's No Sugar Added Applesause BlueBerry ","","Mott's No Sugar Added Applesause BlueBerry ","2.5","0.0","Market Basket","12.7 oz","12.7 oz","X620.jpg","","3"
"33672","Beverages & Juices","Juices & Refrigerated Drinks","Juice & Nectars","Ocean Spray","Ocean Spray Cranberry Pomegranate 100% Juice No sugar Added","031200034724","Ocean Spray Cranberry Pomegranate 100% Juice No sugar Added","3.99","0.0","Market Basket","64 fl oz","64 fl oz","X2838.jpg","","10"
"31148","Frozen Food","Frozen Dinners & Entrees","Frozen Meal","Del monte","Del monte Veggieful Spinach Artichoke Parmesan","024000250005","Del monte Veggieful Spinach Artichoke Parmesan","3.13","0.0","Market Basket","8 oz","8 oz","X4172.jpg","","18"
"34037","Meat & Seafood","Packaged Meat & Seafood","Burger","Plant Made ","Plant Made Carb-Less Cake ","","Plant Made Carb-Less Cake ","6.86","0.0","Market Basket","6 oz","6 oz","X4727.jpg","","1"
"33631","Meat & Seafood","Packaged Meat & Seafood","Bacon","North Country ","North Country Cob Smoked Bacon","","North Country Cob Smoked Bacon","8.74","0.0","Market Basket","16 oz","16 oz","X4491.jpg","","1"
"30166","Breakfast & Dairy","Dairy & Eggs","Packaged Cheese","Applegate ","Applegate Organics Organic Cheddar CHeese ","","Applegate Organics Organic Cheddar CHeese ","4.61","0.0","Market Basket","5 oz","5 oz","X4480.jpg","","1"
"33124","Condiments & Dressings","Marinades, Ketchup & Sauces","Mayonnaise","Market Basket ","Market Basket Light Reduced Colorie Mayonnaise ","","Market Basket Light Reduced Colorie Mayonnaise ","2.99","0.0","Market Basket","30 fl oz","30 fl oz","X1734.jpg","","2"
"33460","Breakfast & Dairy","Bars & Pastries","Granola Bars","Nature Valley ","Nature Valley Sweet & Salty nut Chewy Granola Bars Almond","016000277069","Nature Valley Sweet & Salty nut Chewy Granola Bars Almond","3.75","0.0","Market Basket","6 x 1.02 oz","6 x 1.02 oz","X3810.jpg","","5"
"6282","Beverages & Juices","Water","Water","Market Basket","Market Basket Distilled Water","","Market Basket Distilled Water","1.24","0.0","Market Basket","1 gal","1 gal","Market Basket.jpg","","11"
"30501","Personal Care","Vitamins & Proteins","Protien Powders","Bob's Red Mill","Bob's Red Mill Whey Protien Powder ","039978002181","Bob's Red Mill Whey Protien Powder ","14.99","0.0","Market Basket","12 oz","12 oz","X5190.jpg","","3"
"31752","Cooking Needs","Oils & Vinegars","Oils & Vinegars","Holland House ","Holland House Rich Golden Brown Malt Vinegar ","","Holland House Rich Golden Brown Malt Vinegar ","3.0","0.0","Market Basket","12 oz","12 oz","X1769.jpg","","2"
"31308","Breakfast & Dairy","Bars & Pastries","Chewy Bars","Fiber One","Fiber One Protein Coconut Almond Chewy Bars","016000411487","Fiber One Protein Coconut Almond Chewy Bars","4.36","0.0","Market Basket","5 x 1.17 oz","5 x 1.17 oz","X3837.jpg","","5"
"5003","Chips, Cookies & Snacks","Chips & Fruit Snacks","Chips & Pretzels","Utz","Utz Salt'n Vinegar Potato Chips Family Size","","Utz Salt'n Vinegar Potato Chips Family Size","4.69","0.0","Market Basket","9 oz","9 oz","845.jpg","","0"
"30354","Breakfast & Dairy","Granola & Oats","Granola","Bear Naked ","Bear Naked Granola Cacao & Cashew Butter ","884623101654","Bear Naked Granola Cacao & Cashew Butter ","4.63","0.0","Market Basket","11 oz","11 oz","X3778.jpg","","5"
"32294","Condiments & Dressings","Marinades, Ketchup & Sauces","Sauce","Kikkoman ","Kikkoman Less Sodium Soy Sause ","041390001109","Kikkoman Less Sodium Soy Sause ","4.36","0.0","Market Basket","20 fl oz","20 fl oz","X5355.jpg","","3"
"9146","Frozen Food","Frozen Dinners & Entrees","Frozen Appetizers & Sides","Market Basket","Market Basket Fully Cooked Italian Style Meatballs","","Market Basket Fully Cooked Italian Style Meatballs","7.09","0.0","Market Basket","32 oz","32 oz","Market Basket.jpg","","1"
"3545","Fresh Produce","Fresh Vegetables","Bell Pepper","Market Basket","Red Bell Pepper","","Red Bell Pepper","2.47","0.0","Market Basket","1 count","1 count","14296.jpg","","20"
"30818","Condiments & Dressings","Salad Dressings & Toppings","Salad Dressing & Toppings","Cardini's","Cardini's Caesar Dressing Original Caesar ","","Cardini's Caesar Dressing Original Caesar ","4.99","0.0","Market Basket","20 fl oz","20 fl oz","X94.jpg","","2"
"3562","Fresh Produce","Fresh Vegetables","Cabbage","Market Basket","Fresh Green Cabbage","","Fresh Green Cabbage","1.64","0.0","Market Basket","1 lb","1 lb","f159.jpg","","20"
"7700","Cooking Needs","Canned Food","Canned Meals & Beans","Bush's Best","Bush's Best Dark Red Kidney Beans","","Bush's Best Dark Red Kidney Beans","1.29","0.0","Market Basket","16 oz","16 oz","5130.jpg","","2"
"7629","Cooking Needs","Canned Food","Canned Fruit & Applesauce","Dole","Dole Mandarin Oranges in 100% Fruit Juice","","Dole Mandarin Oranges in 100% Fruit Juice","3.69","0.0","Market Basket","23.5 oz","23.5 oz","4931.jpg","","3"
"30259","Frozen Food","Frozen Dinners & Entrees","Frozen Meal","Banquet","Banquet Spaghetti & Meatballs","031000007225","Banquet Spaghetti & Meatballs","1.56","0.0","Market Basket","10 oz","10 oz","X4022.jpg","","18"
"324","Kitchen & Cleaning","Food Storage & Kitchen Supplies","Storage Bags","Market Basket","Market Basket Fold And Close Sandwich Bags","","Market Basket Fold And Close Sandwich Bags","2.49","1.0","Market Basket","300 bag(s)","300 bag(s)","Market Basket.jpg","","12"
"7276","Cooking Needs","Spices & Seasonings","Spices & Seasonings","McCormick","McCormick Gluten Free Beef Stew Seasoning Mix","","McCormick Gluten Free Beef Stew Seasoning Mix","1.29","0.0","Market Basket","1.37 oz","1.37 oz","2176.jpg","","9"
"31520","Meat & Seafood","Packaged Meat & Seafood","Bacon","Godshalls","Godshalls Turkey Bacon Turkey Dark Meat Chopped & Formed ","","Godshalls Turkey Bacon Turkey Dark Meat Chopped & Formed ","4.99","0.0","Market Basket","12 oz","12 oz","X4460.jpg","","1"
"32212","Breakfast & Dairy","Cereal","Cereal","Kellogg's ","Kellogg's Cocoa Krispies Family Size","038000198618","Kellogg's Cocoa Krispies Family Size","4.99","0.0","Market Basket","22.4 oz","22.4 oz","X3406.jpg","","5"
"14641","Breakfast & Dairy","Tea & Coffee","Tea","Twinings","Twinings of London Earl Grey Black Decaffeinated Tea Bags","","Twinings of London Earl Grey Black Decaffeinated Tea Bags","3.69","0.0","Market Basket","20 count","20 count","3448.jpg","","8"
"8279","Condiments & Dressings","Fresh Dips & Tapenades","Fresh Dips & Tapenades","Cedar","Cedar Greek Style Yogurt Dip, Buffalo Bleu Cheese","","Cedar Greek Style Yogurt Dip, Buffalo Bleu Cheese","2.49","0.0","Market Basket","11 oz","11 oz","No Image.jpg","","1"
"10391","Cooking Needs","Rice & Grains","Rice","Canilla","Goya Extra Long Grain Canilla Enriched White Rice","","Goya Extra Long Grain Canilla Enriched White Rice","8.59","0.0","Market Basket","10 lb","10 lb","17437.jpg","","4"
"34063","Breakfast & Dairy","Bars & Pastries","Pastries","Pop Tarts","Pop Tarts Frosted Cookies & Cream ","038000223143","Pop Tarts Frosted Cookies & Cream ","4.99","0.0","Market Basket","27 oz","27 oz","X3495.jpg","","5"
"7799","Cooking Needs","Canned Food","Canned Meals & Beans","Market Basket","Market Basket Red Beans","","Market Basket Red Beans","0.89","0.0","Market Basket","15.5 oz","15.5 oz","Market Basket.jpg","","2"
"32288","Condiments & Dressings","Salad Dressings & Toppings","Salad Dressing & Toppings","Ken's Steak House","Ken's Seak House Italian With Garlic And Asiago Cheese","014335000273","Ken's Seak House Italian With Garlic And Asiago Cheese","1.25","0.0","Market Basket","16 fl oz","16 fl oz","X456.jpg","","2"
"13285","Breakfast & Dairy","Dairy & Eggs","Butter","Hood","Hood Small Curd Cottage Cheese with Chive","","Hood Small Curd Cottage Cheese with Chive","2.69","0.0","Market Basket","16 oz","16 oz","14772.jpg","","1"
"3704","Fresh Produce","Fresh Fruits","Pear","Market Basket","Bosc Pears","","Bosc Pears","2.4","0.0","Market Basket","1 lb","1 lb","FP11.jpg","","20"
"31779","Breakfast & Dairy","Dairy & Eggs","Cottage Cheese","Hood","Hood Cottage Cheese Cucumber & Dill NATURAL & ARTIFICIAL FLAVORS ISMALL CURD 4%MILKFAT MIN","","Hood Cottage Cheese Cucumber & Dill NATURAL & ARTIFICIAL FLAVORS ISMALL CURD 4%MILKFAT MIN","2.09","0.0","Market Basket","16 oz","16 oz","X342.jpg","","1"
"34392","Cooking Needs","Rice & Grains","Grains, Rice & Dried Goods","Rice Select","Rice Select Sushi Quality Short Grain Rice For Sushi Gluten Free","074401410416","Rice Select Sushi Quality Short Grain Rice For Sushi Gluten Free","8.11","0.0","Market Basket","32 oz","32 oz","X1126.jpg","","4"
"30546","Cooking Needs","Baking & Cooking","Baking Mix","Bob's Red Mill","Bob's Red Mill Muffin Mix ","039978114600","Bob's Red Mill Muffin Mix ","4.99","0.0","Market Basket","16 oz","16 oz","X5254.jpg","","3"
"34182","Beverages & Juices","Tea, Coffee, Milk & Coconut Water","Tea","Pure Leaf","Pure Leaf Unsweetened Black Tea with Lemon Real Brewed Tea","012000046438","Pure Leaf Unsweetened Black Tea with Lemon Real Brewed Tea","1.24","0.0","Market Basket","18.5 fl oz","18.5 fl oz","X2950.jpg","","10"
"3816","Fresh Produce","Fresh Organic Vegetables","Celery","Olivia's Organics","Olivia's Organics Celery Heart","","Olivia's Organics Celery Heart","4.24","0.0","Market Basket","10 oz bag","10 oz bag","14342.jpg","","20"
"15125","Personal Care","Personal Needs","Facial Care","Scotties","Scotties 3 Ply Facial Tissue","","Scotties 3 Ply Facial Tissue","2.17","1.0","Market Basket","54 count","54 count","17683.jpg","","14"
"9884","Frozen Food","Frozen Produce","Frozen Produce","Market Basket","Market Basket Sweet Peas","","Market Basket Sweet Peas","1.29","0.0","Market Basket","32 oz","32 oz","Market Basket.jpg","","19"
"31320","Breakfast & Dairy","Breads & Rolls","English Muffins","Fiber One","Fiber One English Muffins Multigrain","835841005231","Fiber One English Muffins Multigrain","4.36","0.0","Market Basket","12 oz","12 oz","X2639.jpg","","18"
"5239","Chips, Cookies & Snacks","Chips & Fruit Snacks","Ready Popcorn","SkinnyPop","SkinnyPop White Cheddar Popcorn Non GMO Gluten Free","","SkinnyPop White Cheddar Popcorn Non GMO Gluten Free","3.91","0.0","Market Basket","4.4 oz","4.4 oz","15321.jpg","","0"
"33123","Condiments & Dressings","Marinades, Ketchup & Sauces","Mayonnaise","Market Basket ","Market Basket Mayonnaise ","","Market Basket Mayonnaise ","1.99","0.0","Market Basket","15 fl oz","15 fl oz","X1708.jpg","","2"
"3589","Fresh Produce","Fresh Vegetables","Cherry Tomato","Market Basket","Limited Edition Cherry Tomatoes","","Limited Edition Cherry Tomatoes","2.4","0.0","Market Basket","1 count","1 count","14311.jpg","","20"
"30922","Breakfast & Dairy","Dairy & Eggs","Yogurt","Chobani","Chobani Flip Strawberry Cheesecake","","Chobani Flip Strawberry Cheesecake","1.25","0.0","Market Basket","5.3 oz","5.3 oz","X129.jpg","","1"
"33467","Breakfast & Dairy","Bars & Pastries","Granola Bars","Nature Valley ","Nature Valley Fruit & Nut Dark Chocolate Cherry Granola Bars","016000417274","Nature Valley Fruit & Nut Dark Chocolate Cherry Granola Bars","3.75","0.0","Market Basket","6 x 1.02 oz","6 x 1.02 oz","X3817.jpg","","5"
"7746","Cooking Needs","Canned Food","Canned Meals & Beans","Goya","Goya Chick Peas","","Goya Chick Peas","2.39","0.0","Market Basket","29 oz","29 oz","5106.jpg","","7"
"10309","Pasta & Sauces","Raw Pasta","Raw Pasta","Goya","Goya Enriched Macaroni Product, Shells","","Goya Enriched Macaroni Product, Shells","0.69","0.0","Market Basket","7 oz","7 oz","5609.jpg","","4"
"7289","Cooking Needs","Spices & Seasonings","Spices & Seasonings","McCormick","McCormick GourmetÃ¢âÂ¢ Organic Dill Weed","","McCormick GourmetÃ¢âÂ¢ Organic Dill Weed","6.09","0.0","Market Basket","0.5 oz","0.5 oz","2195.jpg","","9"
"34020","Frozen Food","Frozen Breakfast","Frozen Breakfast","Pillsbury","Pillsbury Grands Buttermilk Biscuits","018000734122","Pillsbury Grands Buttermilk Biscuits","4.86","0.0","Market Basket","41.6 oz","41.6 oz","X4294.jpg","","18"
"5335","Chips, Cookies & Snacks","Cookies & Crackers","Cookies & Cakes","belVita","belVita Bites Cinnamon Brown Sugar","","belVita Bites Cinnamon Brown Sugar","4.69","0.0","Market Basket","8.8 oz","8.8 oz","No Image.jpg","","6"
"293","Kitchen & Cleaning","Food Storage & Kitchen Supplies","Cake Pans","Reynolds","Reynolds Bakeware 8 x 8 x 1 5/8"" EZ Occasions with Covers Cake Pans","","Reynolds Bakeware 8 x 8 x 1 5/8"" EZ Occasions with Covers Cake Pans","1.29","1.0","Market Basket","3 count","3 count","4478.jpg","","12"
"31137","Pasta & Sauces","Raw Pasta","Raw Pasta","De Cecco","De Cecco Pasta Orecchiette No. 91","024094070916","De Cecco Pasta Orecchiette No. 91","2.08","0.0","Market Basket","1 lb","1 lb","X1546.jpg","","4"
"14224","Breakfast & Dairy","Dairy & Eggs","Yogurt","So Delicious","So Delicious Dairy Free Coconut Milk Plain Yogurt Alternative","","So Delicious Dairy Free Coconut Milk Plain Yogurt Alternative","1.59","0.0","Market Basket","5.3 oz","5.3 oz","14681.jpg","","1"
"3469","Fresh Produce","Fresh Fruits","Plum","Market Basket","Plums","","Plums","3.29","0.0","Market Basket","1 lb","1 lb","f54.jpg","","20"
"6239","Beverages & Juices","Water","Tonic Water","Fever-Tree","Fever-Tree Elderflower Tonic Water","","Fever-Tree Elderflower Tonic Water","7.49","0.0","Market Basket","6.8 fl oz","6.8 fl oz","No Image.jpg","","11"
"33844","Pasta & Sauces","Raw Pasta","Raw Pasta","Pastene","Pastene Organic Mafaldine","066086070627","Pastene Organic Mafaldine","3.11","0.0","Market Basket","16 oz","16 oz","X1596.jpg","","4"
"31008","Cooking Needs","Canned Food","Tomato Paste","Contadina","Contadina Roma Tomatoes Paste","024000041061","Contadina Roma Tomatoes Paste","0.99","0.0","Market Basket","6 oz","6 oz","X1292.jpg","","4"
"34387","Cooking Needs","Rice & Grains","Grains, Rice & Dried Goods","Rice Select","Rice Select Whole Grain Royal Blend Signature Variety Texmati Brown & Red with Barley & Rye ","074401760337","Rice Select Whole Grain Royal Blend Signature Variety Texmati Brown & Red with Barley & Rye ","9.36","0.0","Market Basket","28 oz","28 oz","X1121.jpg","","4"
"34931","Cooking Needs","Rice & Grains","Instant Rice","Uncle Ben's","Uncle Ben's Ready Rice Roasted Chicken with Carrots & Herbs flavored ","054800030767","Uncle Ben's Ready Rice Roasted Chicken with Carrots & Herbs flavored ","2.5","0.0","Market Basket","8.8 oz","8.8 oz","X961.jpg","","4"
"34960","Beverages & Juices","Juices & Refrigerated Drinks","Juice & Nectars","V8","V8 Splash Watermelon Cherry Juice","051000221957","V8 Splash Watermelon Cherry Juice","2.5","0.0","Market Basket","64 fl oz","64 fl oz","X2924.jpg","","10"
"31298","Frozen Food","Frozen Dinners & Entrees","Frozen Appetizers & Sides","Feel Good Foods","Feel Good Foods Chicken Potstickers","899039002037","Feel Good Foods Chicken Potstickers","5.49","0.0","Market Basket","10 oz","10 oz","X4805.jpg","","19"
"34394","Condiments & Dressings","Preserved Dips & Spreads","Spreads","Richard's","Richard's 100% Peanuts! Crunchy Natural Peanut Butter","","Richard's 100% Peanuts! Crunchy Natural Peanut Butter","3.13","0.0","Market Basket","16 oz","16 oz","X746.jpg","","3"
"31051","Condiments & Dressings","Preserved Dips & Spreads","Spreads","Crofter's","Crofters Strawberry Organic","","Crofters Strawberry Organic","6.24","0.0","Market Basket","16.5 oz","16.5 oz","X166.jpg","","3"
"30593","Breakfast & Dairy","Breads & Rolls","Pizza Crust","Boboli","Boboli 2 mini Original Crusts","073130012861","Boboli 2 mini Original Crusts","6.24","0.0","Market Basket","10 oz","10 oz","X1332.jpg","","4"
"31095","Breakfast & Dairy","Dairy & Eggs","Yogurt","Dannon","Dannon Light & Fit Original Mixed Berry Naturally & Artifically Flavored 4 Pack ","","Dannon Light & Fit Original Mixed Berry Naturally & Artifically Flavored 4 Pack ","2.11","0.0","Market Basket","4 x 5.3 oz","4 x 5.3 oz","X197.jpg","","1"
"33528","Breakfast & Dairy","Granola & Oats","Cup Oatmeal","Nature's Path","Nature's Path Summer Berries Boost","058449184003","Nature's Path Summer Berries Boost","2.5","0.0","Market Basket","1.94 oz","1.94 oz","X3612.jpg","","5"
"7367","Cooking Needs","Spices & Seasonings","Spices & Seasonings","NoSalt","NoSalt Sodium Free Salt Alternative","","NoSalt Sodium Free Salt Alternative","5.79","0.0","Market Basket","11 oz","11 oz","15665.jpg","","9"
"5369","Chips, Cookies & Snacks","Cookies & Crackers","Cookies & Cakes","Enjoy Life","Enjoy Life Soft Baked Cookies Gingerbread Spice","","Enjoy Life Soft Baked Cookies Gingerbread Spice","6.23","0.0","Market Basket","6 oz","6 oz","No Image.jpg","","6"
"3762","Fresh Produce","Fresh Herbs","Rosemary","Market Basket","Rosemary","","Rosemary","4.7","0.0","Market Basket","1 oz container","1 oz container","14552.jpg","","20"
"6956","Cooking Needs","Baking & Cooking","Doughs, Gelatins & Bake Mixes","Duncan Hines","Duncan Hines Perfect Size For 1 Chocolate Lover's Cake","","Duncan Hines Perfect Size For 1 Chocolate Lover's Cake","3.09","0.0","Market Basket","4 x 2.5oz","4 x 2.5oz","2089.jpg","","8"
"3486","Fresh Produce","Fresh Fruits","Blackberries","Market Basket","Special Fruits Blackberries","","Special Fruits Blackberries","4.49","0.0","Market Basket","6 oz","6 oz","f78.jpg","","20"
"3910","Fresh Produce","Fresh Vegetables","Packaged Potato","The Little Potato Company","The Little Potato Company Blushing Belle Fresh Creamer Potatoes","","The Little Potato Company Blushing Belle Fresh Creamer Potatoes","5.74","0.0","Market Basket","1.5 lb","1.5 lb","39.jpg","","20"
"34103","Breakfast & Dairy","Cereal","Cereal","Post","Post Marshmallow Fruity Pebbles Family Size","884912288141","Post Marshmallow Fruity Pebbles Family Size","4.99","0.0","Market Basket","20 oz","20 oz","X3402.jpg","","5"
"443","Kitchen & Cleaning","Trash Bags & Liners","Tall Trash Bags","Hefty","Hefty Strong Scent Free Tall Drawstring Bags","","Hefty Strong Scent Free Tall Drawstring Bags","7.99","1.0","Market Basket","45 x 1 gal","45 x 1 gal","4692.jpg","","12"
"31419","Beverages & Juices","Energy & Sports Drinks","Energy & Sports Drinks","Gatorade","Gatorade G2 Lower Sugar Thirst Quencher Fruit Punch","052000321982","Gatorade G2 Lower Sugar Thirst Quencher Fruit Punch","1.25","0.0","Market Basket","32 fl oz","32 fl oz","X2666.jpg","","10"
"6650","Beverages & Juices","Juices & Refrigerated Drinks","Refrigerated Drinks","POM Wonderful","POM Wonderful 100% Pomegranate Juice","","POM Wonderful 100% Pomegranate Juice","12.09","0.0","Market Basket","48 fl oz","48 fl oz","16545.jpg","","20"
"33861","Cooking Needs","Oils & Vinegars","Cooking Wine","Pastene","Pastene Red Wine Vinegar ","","Pastene Red Wine Vinegar ","3.24","0.0","Market Basket","25.4 fl oz","25.4 fl oz","X1779.jpg","","2"
"7827","Cooking Needs","Canned Food","Canned Meat & Seafood","Bumble Bee","Bumble Bee Snack On The Run! with Crackers Tuna Salad","","Bumble Bee Snack On The Run! with Crackers Tuna Salad","1.59","0.0","Market Basket","3.5 oz","3.5 oz","5196.jpg","","2"
"32814","Breakfast & Dairy","Bars & Pastries","Cereal Bars","Market Basket","Market Basket Fruit & Grain Cereal Bars Strawberry","049705019993","Market Basket Fruit & Grain Cereal Bars Strawberry","3.13","0.0","Market Basket","8 x 1.3 oz","8 x 1.3 oz","X3932.jpg","","5"
"32316","Breakfast & Dairy","Granola & Oats","Granola","Kind","Kind Dark Chocolate Clusters Granola","602652171994","Kind Dark Chocolate Clusters Granola","6.24","0.0","Market Basket","11 oz","11 oz","X3768.jpg","","5"
"32589","Chips, Cookies & Snacks","Candy & Chocolates","Candy & Chocolate","Lindt","Lindt Excllence Roasted Hazelnut Dark Chocolate With Pieces Of Roasted Hazelnuts","","Lindt Excllence Roasted Hazelnut Dark Chocolate With Pieces Of Roasted Hazelnuts","2.5","0.0","Market Basket","3.5 oz","3.5 oz","X485.jpg","","3"
"5902","Beverages & Juices","Tea, Coffee, Milk & Coconut Water","Single To-Go Coffee","StarBucks","Starbucks Frappuccino Salted Dark Chocolate","","Starbucks Frappuccino Salted Dark Chocolate","3.36","0.0","Market Basket","13.7 fl oz","13.7 fl oz","No Image.jpg","","17"
"32757","Frozen Food","Frozen Pasta","Frozen Pasta","Marie Callender's","Marie Callender's Fettuccini with Chicken & Broccoli","021131504755","Marie Callender's Fettuccini with Chicken & Broccoli","3.13","0.0","Market Basket","13 oz","13 oz","X4037.jpg","","18"
"33571","Cooking Needs","Rice & Grains","Instant Rice","Near East ","Near East Couscous mix Roasted Garlic & Olive Oil Flavor with other Natural flavor","072251001556","Near East Couscous mix Roasted Garlic & Olive Oil Flavor with other Natural flavor","1.88","0.0","Market Basket","5.8 oz","5.8 oz","X1033.jpg","","4"
"76","Kitchen & Cleaning","Air Fresheners & Candles","Scented Oil Refill","Air Wick","Air Wick Magnolia & Cherry Blossom Scented Oil Refill","","Air Wick Magnolia & Cherry Blossom Scented Oil Refill","3.69","1.0","Market Basket","0.67 fl oz","0.67 fl oz","4204.jpg","","15"
"5364","Chips, Cookies & Snacks","Cookies & Crackers","Cookies & Cakes","Pepperidge Farm","Pepperidge Farmhouse Thin & Crispy Toffee Milk Chocolate","","Pepperidge Farmhouse Thin & Crispy Toffee Milk Chocolate","4.69","0.0","Market Basket","6.9 oz","6.9 oz","No Image.jpg","","6"
"33803","Cooking Needs","Oils & Vinegars","Oils & Vinegars","Pam ","Pam Cooking Spray Baking Made With Flour Perfect Release No Artifical ","064144030095","Pam Cooking Spray Baking Made With Flour Perfect Release No Artifical ","3.36","0.0","Market Basket","5 oz","5 oz","X1945.jpg","","2"
"31986","Beverages & Juices","Juices & Refrigerated Drinks","Juice & Nectars","Juicy Juice","Juicy Juice Fruitfuls Organic Fruit Punch","889497000966","Juicy Juice Fruitfuls Organic Fruit Punch","3.74","0.0","Market Basket","59 fl oz","59 fl oz","X2864.jpg","","10"
"4229","Meat & Seafood","Packaged Meat & Seafood","Crab","Market Basket","Market Basket Imitation Crab Meat Chunks","","Market Basket Imitation Crab Meat Chunks","3.69","0.0","Market Basket","16 oz","16 oz","Market Basket.jpg","","22"
"6156","Beverages & Juices","Soft Drinks & Seltzers","Soft Drinks","Mug","Mug Root Beer Soda","","Mug Root Beer Soda","2.5","0.0","Market Basket","2 L","2 L","16574.jpg","","17"
"6609","Beverages & Juices","Juices & Refrigerated Drinks","Refrigerated Drinks","Minute maid","Minute Maid Zero sugar PINK LEMONADE","","Minute Maid Zero sugar PINK LEMONADE","3.13","0.0","Market Basket","52 fl oz","52 fl oz","X611.jpg","","1"
"35135","Condiments & Dressings","Salad Dressings & Toppings","Salad Dressing & Toppings","Wish Bone","Wish Bone Greek Vinaigrette Dressing","041321130557","Wish Bone Greek Vinaigrette Dressing","2.5","0.0","Market Basket","15 fl oz","15 fl oz","X906.jpg","","2"
"9909","Frozen Food","Frozen Dinners & Entrees","Frozen Vegan & Vegetarian","Boca","Boca Original Veggie Crumble","","Boca Original Veggie Crumble","3.89","0.0","Market Basket","12 oz","12 oz","2940.jpg","","1"
"30527","Breakfast & Dairy","Granola & Oats","Oats","Bob's Red Mill","Bob's Red Mill Good Source of Fiber Wheat Bran Great For Baked Goods ","039978123213","Bob's Red Mill Good Source of Fiber Wheat Bran Great For Baked Goods ","1.88","0.0","Market Basket","8 oz","8 oz","X5235.jpg","","3"
"9213","Frozen Food","Frozen Dinners & Entrees","Frozen Appetizers & Sides","Tyson","Tyson Fully Cooked Fun Nuggets with Whole Grain Breading, Frozen","","Tyson Fully Cooked Fun Nuggets with Whole Grain Breading, Frozen","6.86","0.0","Market Basket","29 oz","29 oz","2597.jpg","","1"
"31377","Frozen Food","Frozen Pizza","Frozen Pizza","Freschetta ","Freschetta Four Cheese ","072180639837","Freschetta Four Cheese ","6.24","0.0","Market Basket","26.11 oz","26.11 oz","X4925.jpg","","19"
"33651","Beverages & Juices","Juices & Refrigerated Drinks","Juice & Nectars","Ocean Spray","Ocean Spray Diet 5 Cran Pineapple","031200028228","Ocean Spray Diet 5 Cran Pineapple","3.74","0.0","Market Basket","64 fl oz","64 fl oz","X2817.jpg","","10"
"4897","Chips, Cookies & Snacks","Chips & Fruit Snacks","Chips & Pretzels","Market Basket","Market Basket Touch Of Lime Tortilla Chips","","Market Basket Touch Of Lime Tortilla Chips","3.13","0.0","Market Basket","12.5 oz","12.5 oz","Market Basket.jpg","","0"
"548","Laundry & Paper Goods","Laundry","Laundry Detergent","Gain","Gain Aroma Boost Liquid Laundry Detergent, moonlight breeze","","Gain Aroma Boost Liquid Laundry Detergent, moonlight breeze","13.74","1.0","Market Basket","100 fl oz","100 fl oz","No Image.jpg","","15"
"30850","Breakfast & Dairy","Cereal","Cereal","Cascadian Farm ","Cascadian Farm Organic Cinnamon Crunch","021908455563","Cascadian Farm Organic Cinnamon Crunch","4.36","0.0","Market Basket","9.2 oz","9.2 oz","X3723.jpg","","5"
"9090","Frozen Food","Frozen Dinners & Entrees","Frozen Appetizers & Sides","Alexia","Alexia Fries, Seasoned, Waffle Cut","","Alexia Fries, Seasoned, Waffle Cut","3.69","0.0","Market Basket","20 oz","20 oz","2592.jpg","","19"
"5147","Chips, Cookies & Snacks","Cookies & Crackers","Crackers","Annie's Homegrown","Annie's Homegrown Organic White Cheddar Bunnies Baked Snack Crackers","","Annie's Homegrown Organic White Cheddar Bunnies Baked Snack Crackers","4.69","0.0","Market Basket","7.5 oz","7.5 oz","1215.jpg","","6"
"31629","Condiments & Dressings","Marinades, Ketchup & Sauces","Mustard Sauce","Grey Poupon","Grey Poupon Made With White Wine Dijon Mastard ","054400015034","Grey Poupon Made With White Wine Dijon Mastard ","2.5","0.0","Market Basket","12 oz","12 oz","X2197.jpg","","2"
"30377","Frozen Food","Frozen Pasta","Frozen Pasta","Bertolli","Bertolli Butternut Squash Ravioli","03100067129","Bertolli Butternut Squash Ravioli","8.11","0.0","Market Basket","20 oz","20 oz","X3971.jpg","","18"
"15198","Personal Care","Personal Needs","Oral Hygiene","Crest","Crest Toothpaste","","Crest Toothpaste","5.62","1.0","Market Basket","4 oz","4 oz","6418.jpg","","13"
"31244","Chips, Cookies & Snacks","Candy & Chocolates","Candy & Chocolate","Endangered Species","Endangered Species Chocolate Hazelnut Toffee + Dark Chocolate 72% Cocoa ","","Endangered Species Chocolate Hazelnut Toffee + Dark Chocolate 72% Cocoa ","3.74","0.0","Market Basket","3 oz","3 oz","X243.jpg","","3"
"8749","Condiments & Dressings","Preserved Dips & Spreads","Preserved Dips & Salsa","Market Basket","Market Basket Corn And Bean Mild Salsa","","Market Basket Corn And Bean Mild Salsa","2.19","0.0","Market Basket","16 oz","16 oz","Market Basket.jpg","","1"
"15196","Personal Care","Personal Needs","Oral Hygiene","Crest","Crest Tartar Protection Toothpaste Regular","","Crest Tartar Protection Toothpaste Regular","2.86","1.0","Market Basket","1 count","1 count","6405.jpg","","13"
"32607","Cooking Needs","Oils & Vinegars","Oils & Vinegars","London Pub ","London Pub Original Malt Vinegar tarditional British Flavors ","","London Pub Original Malt Vinegar tarditional British Flavors ","3.74","0.0","Market Basket","12.7 oz","12.7 oz","X1768.jpg","","2"
"5321","Chips, Cookies & Snacks","Cookies & Crackers","Cookies & Cakes","Chips Ahoy!","Chips Ahoy! Chewy Reese's Peanut Butter Cups Cookies","","Chips Ahoy! Chewy Reese's Peanut Butter Cups Cookies","3.91","0.0","Market Basket","9.5 oz","9.5 oz","No Image.jpg","","6"
"4174","Meat & Seafood","Packaged Meat & Seafood","Beef","Market Basket","Market Basket 80% Ground Beef","","Market Basket 80% Ground Beef","4.89","0.0","Market Basket","4 lb","4 lb","4074.jpg","","22"
"15320","Personal Care","Vitamins & Proteins","Vitamins & Supplements","Emergen-C","Emergen-C Calcium Magnesium Mineral Supplement","","Emergen-C Calcium Magnesium Mineral Supplement","5.62","1.0","Market Basket","10 count","10 count","6708.jpg","","13"
"34526","Frozen Food","Frozen Pasta","Frozen Pasta","Smart Ones","Smart Ones Ravioli Florentine","025800022892","Smart Ones Ravioli Florentine","2.5","0.0","Market Basket","8.5 oz","8.5 oz","X4205.jpg","","18"
"15020","Personal Care","Personal Needs","Deodorants","Degree","Degree Antiperspirant Deodorant Fresh","","Degree Antiperspirant Deodorant Fresh","4.24","1.0","Market Basket","2.6 oz","2.6 oz","6324.jpg","","13"
"33722","Personal Care","Vitamins & Proteins","Protien Powders","Organic Supwefoods ","Organic Supwefoods Super Nutrition Powder Berry Flavore ","851770003964","Organic Supwefoods Super Nutrition Powder Berry Flavore ","24.99","0.0","Market Basket","0.62 lb","0.62 lb","X5199.jpg","","3"
"34983","Frozen Food","Frozen Dinners & Entrees","Frozen Appetizers & Sides","Van De Kamp's","Van de Kamp's Jumbo Fish Sticks","019600920076","Van de Kamp's Jumbo Fish Sticks","6.24","0.0","Market Basket","23 oz","23 oz","X4389.jpg","","18"
"5109","Chips, Cookies & Snacks","Cookies & Crackers","Cookies & Cakes","Pepperidge Farm","Pepperidge Farm CaptivaÃ¢âÂ¢ Soft Baked Dark Chocolate Brownie Cookies","","Pepperidge Farm CaptivaÃ¢âÂ¢ Soft Baked Dark Chocolate Brownie Cookies","4.69","0.0","Market Basket","8.6 oz","8.6 oz","15026.jpg","","6"
"5619","Chips, Cookies & Snacks","Chips & Fruit Snacks","Fruit & Vegetable Snacks","Good Health","Good Health Veggie Chips Sea Salt","","Good Health Veggie Chips Sea Salt","3.69","0.0","Market Basket","6.75 oz","6.75 oz","15343.jpg","","0"
"5299","Chips, Cookies & Snacks","Cookies & Crackers","Crackers","Ritz","Ritz Toasted Chips 45% Less Fat 100% Whole Grain Multigrain","","Ritz Toasted Chips 45% Less Fat 100% Whole Grain Multigrain","3.91","0.0","Market Basket","8.1 oz","8.1 oz","No Image.jpg","","6"
"5250","Chips, Cookies & Snacks","Chips & Fruit Snacks","Ready Popcorn","LATE JULY","LATE JULY White Cheddar Organic Popcorn","","LATE JULY White Cheddar Organic Popcorn","4.69","0.0","Market Basket","4.4 oz","4.4 oz","No Image.jpg","","0"
"32963","Frozen Food","Frozen Pasta","Frozen Pasta","Market Basket","Market Basket Ravioli Spinach Ravioli","049705709986","Market Basket Ravioli Spinach Ravioli","3.74","0.0","Market Basket","30 oz","30 oz","X4328.jpg","","18"
"30327","Pasta & Sauces","Raw Pasta","Raw Pasta","Barilla","Barilla Pasta Cellentani","076808514377","Barilla Pasta Cellentani","1.74","0.0","Market Basket","1 lb","1 lb","X1631.jpg","","4"
"34173","Pasta & Sauces","Raw Pasta","Raw Pasta","Prince","Prince Homestyle Pasta Penne","041129015186","Prince Homestyle Pasta Penne","2.5","0.0","Market Basket","8.8 oz","8.8 oz","X1663.jpg","","4"
"13808","Breakfast & Dairy","Dairy & Eggs","Packaged Cheese","Stella","Stella Parmesan Freshly Shredded Cheese","","Stella Parmesan Freshly Shredded Cheese","3.09","0.0","Market Basket","5 oz","5 oz","14609.jpg","","1"
"5025","Chips, Cookies & Snacks","Chips & Fruit Snacks","Chips & Pretzels","Wise","Wise Salt & Vinegar Potato Chips","","Wise Salt & Vinegar Potato Chips","3.13","0.0","Market Basket","5.75 oz","5.75 oz","946.jpg","","0"
"144","Kitchen & Cleaning","Cleaning Products","Other Cleaning Products","Butler Gum","Butler Gum Stainless Steel Scrubbers","","Butler Gum Stainless Steel Scrubbers","2.49","1.0","Market Basket","2 count","2 count","No Image.jpg","","15"
"4010","Fresh Produce","Fresh Vegetables","Sweet Onion","Mayan Sweets","Mayan Sweets Sweet Onions Premium, Bag","","Mayan Sweets Sweet Onions Premium, Bag","3.78","0.0","Market Basket","3 lb","3 lb","14401.jpg","","20"
"31007","Cooking Needs","Canned Food","Tomato Paste","Contadina","Contadina Roma Tomatoes Paste","024000044161","Contadina Roma Tomatoes Paste","1.74","0.0","Market Basket","12 oz","12 oz","X1278.jpg","","4"
"30662","Breakfast & Dairy","Dairy & Eggs","Yogurt","Brekki ","Brekki  Overnight Oats With Ancient Graw Strawberries ","","Brekki  Overnight Oats With Ancient Graw Strawberries ","2.49","0.0","Market Basket","5.3 oz","5.3 oz","X62.jpg","","1"
"34196","Beverages & Juices","Tea, Coffee, Milk & Coconut Water","Tea","Pure Leaf","Pure Leaf Raspberry Real Brewed Tea","012000161995","Pure Leaf Raspberry Real Brewed Tea","3.11","0.0","Market Basket","64 fl oz","64 fl oz","X3041.jpg","","10"
"10178","Frozen Food","Ice Cream & Ice","Ice Cream & Ice","Northstar","Northstar Pops, Lotta Fruita, Box","","Northstar Pops, Lotta Fruita, Box","3.69","0.0","Market Basket","20 x 1.75 fl oz","20 x 1.75 fl oz","16199.jpg","","21"
"13415","Breakfast & Dairy","Dairy & Eggs","Eggs","Land O' Lakes","Land O' Lakes Land O Lakes All Natural Eggs Large Grade A Brown","","Land O' Lakes Land O Lakes All Natural Eggs Large Grade A Brown","4.59","0.0","Market Basket","12 count","12 count","605.jpg","","1"
"31030","Breakfast & Dairy","Breads & Rolls","Rolls","Country Kitchen","Country Kitchen 8 Frankfurt Rolls","073402236506","Country Kitchen 8 Frankfurt Rolls","3.74","0.0","Market Basket","11.5 oz","11.5 oz","X2461.jpg","","18"
"6972","Cooking Needs","Baking & Cooking","Doughs, Gelatins & Bake Mixes","Jell-O","Jell o Cook & Serve Fat Free Tapioca Pudding & Pie Filling Mix","","Jell o Cook & Serve Fat Free Tapioca Pudding & Pie Filling Mix","1.59","0.0","Market Basket","3 oz","3 oz","2053.jpg","","8"
"34950","Chips, Cookies & Snacks","Candy & Chocolates","Candy & Chocolate","Unreal","Unreal Dark Chocolate Coconut Bars ","","Unreal Dark Chocolate Coconut Bars ","4.99","0.0","Market Basket","4.2 oz","4.2 oz","X879.jpg","","3"
"7383","Cooking Needs","Spices & Seasonings","Spices & Seasonings","Spice Classics","Spice Classics Cinnamon","","Spice Classics Cinnamon","1.29","0.0","Market Basket","2.37 oz","2.37 oz","2257.jpg","","9"
"14700","Personal Care","Body Wash, Soap & Hair Care","Body Wash","Market Basket","Market Basket Coconut Lime Body Wash Enriched With Papaya & Aloe","","Market Basket Coconut Lime Body Wash Enriched With Papaya & Aloe","3.21","1.0","Market Basket","20 fl oz","20 fl oz","Market Basket.jpg","","13"
"7272","Cooking Needs","Spices & Seasonings","Spices & Seasonings","McCormick","McCormick Garlic Pepper Seasoning Grinder","","McCormick Garlic Pepper Seasoning Grinder","2.49","0.0","Market Basket","1.23 oz","1.23 oz","2167.jpg","","9"
"8029","Cooking Needs","Canned Food","Soup, Broth & Bouillon","Knorr","Knorr Recipe Mix Leek","","Knorr Recipe Mix Leek","2.49","0.0","Market Basket","1.8 oz","1.8 oz","17174.jpg","","2"
"31757","Frozen Food","Frozen Pizza","Frozen Pizza","Home Run Inn","Home Run Inn Cheese Classic Pizza ","031205060001","Home Run Inn Cheese Classic Pizza ","7.49","0.0","Market Basket","27 oz","27 oz","X4930.jpg","","19"
"4937","Chips, Cookies & Snacks","Chips & Fruit Snacks","Chips & Pretzels","Snyder's of Hanover","Snyder's of Hanover Pretzel Pieces, Cheddar Cheese","","Snyder's of Hanover Pretzel Pieces, Cheddar Cheese","3.91","0.0","Market Basket","12 oz","12 oz","907.jpg","","0"
"33188","Frozen Food","Frozen Pizza","Frozen Pizza","Market Basket ","Market Basket Wood-Fired Crust Pizza ","049705708538","Market Basket Wood-Fired Crust Pizza ","5.49","0.0","Market Basket","12.90 oz","12.90 oz","X4891.jpg","","19"
"13610","Breakfast & Dairy","Dairy & Eggs","Other Creams & Cheeses","The Laughing Cow","The Laughing Cow Creamy Light Swiss Cheese Spread","","The Laughing Cow Creamy Light Swiss Cheese Spread","3.09","0.0","Market Basket","8 x 0.75 oz","8 x 0.75 oz","14785.jpg","","1"
"9953","Frozen Food","Ice Cream & Ice","Ice Cream & Ice","Ben & Jerry's","Ben & Jerry's Ice Cream Phish Food","","Ben & Jerry's Ice Cream Phish Food","4.29","0.0","Market Basket","1 pint","1 pint","17994.jpg","","21"
"14869","Personal Care","Personal Needs","Family Planning","Answer","Answer Early Value Pack Pregnancy Test","","Answer Early Value Pack Pregnancy Test","14.02","1.0","Market Basket","2 count","2 count","6751.jpg","","13"
"6418","Chips, Cookies & Snacks","Chips & Fruit Snacks","Rice Cake","Mother's","Mother'S Sodium Free Plain Rice Cakes","","Mother'S Sodium Free Plain Rice Cakes","3.13","0.0","Market Basket","4.4 oz","4.4 oz","15149.jpg","","6"
"4070","Meat & Seafood","Meat & Seafood Counter","Beef","Market Basket","Market Basket 85% Lean Ground Beef","","Market Basket 85% Lean Ground Beef","6.14","0.0","Market Basket","Approx: 1.16 lb at $5.29/lb","Approx: 1.16 lb at $5.29/lb","4035.jpg","","22"
"13021","Breakfast & Dairy","Cereal","Cereal","Cookie Crisp","Cookie Crisp Cereal, Chocolate Chip Cookie Flavored","","Cookie Crisp Cereal, Chocolate Chip Cookie Flavored","3.69","0.0","Market Basket","11.25 oz","11.25 oz","17603.jpg","","5"
"32456","Cooking Needs","Oils & Vinegars","Oils & Vinegars","La Spagnola ","La Spagnola Corn Oil Aceite De Maiz ","072071866458","La Spagnola Corn Oil Aceite De Maiz ","7.49","0.0","Market Basket","96 fl oz","96 fl oz","X1930.jpg","","2"
"31099","Breakfast & Dairy","Dairy & Eggs","Yogurt","Dannon","Dannon Light+Fit Greek Toasted Coconut Vanilla  ","","Dannon Light+Fit Greek Toasted Coconut Vanilla  ","3.75","0.0","Market Basket","5.3 oz","5.3 oz","X201.jpg","","1"
"34597","Cooking Needs","Oils & Vinegars","Oils & Vinegars","Sparta ","Sparta Gourmet Organic Extra Virgin Olive Oil Cold Extraction Cholesterol Free","5213007640062","Sparta Gourmet Organic Extra Virgin Olive Oil Cold Extraction Cholesterol Free","12.49","0.0","Market Basket","16.91 fl oz","16.91 fl oz","X2007.jpg","","2"
"381","Kitchen & Cleaning","Food Storage & Kitchen Supplies","Utensils & Kitchen Supplies","Reynolds","Reynolds Bakeware Disposable 12.75 in x 9 in x 1.84 in Carrier Kit","","Reynolds Bakeware Disposable 12.75 in x 9 in x 1.84 in Carrier Kit","4.89","1.0","Market Basket","1 count","1 count","4483.jpg","","12"
"7601","Cooking Needs","Canned Food","Canned & Jarred Vegetables","Spice World","Spice World Organic Garlic","","Spice World Organic Garlic","2.39","0.0","Market Basket","4.5 oz","4.5 oz","17091.jpg","","9"
"4935","Chips, Cookies & Snacks","Chips & Fruit Snacks","Chips & Pretzels","Snyder's of Hanover","Snyder's of Hanover Braided Twists Multigrain Pretzels","","Snyder's of Hanover Braided Twists Multigrain Pretzels","4.69","0.0","Market Basket","12 oz","12 oz","913.jpg","","0"
"33936","Frozen Food","Frozen Pasta","Frozen Pasta","Pede Brothers","Pede Brothers Cheese Ravioli","035916111120","Pede Brothers Cheese Ravioli","1.24","0.0","Market Basket","13 oz","13 oz","X4315.jpg","","18"
"6881","Cooking Needs","Baking & Cooking","Baking Ingredients","Market Basket","Market Basket Golden Breadcrumbs","","Market Basket Golden Breadcrumbs","1.59","0.0","Market Basket","24 oz","24 oz","Market Basket.jpg","","1"
"14968","Personal Care","First Aid & Healthcare","First Aid","Nexcare","Nexcare Bandages, Natural Feel, Assorted","","Nexcare Bandages, Natural Feel, Assorted","3.55","1.0","Market Basket","30 count","30 count","17810.jpg","","13"
"31163","Meat & Seafood","Packaged Meat & Seafood","Hot Dogs & Franks","Deutschamcher ","Deutschamcher Frankfurters ","","Deutschamcher Frankfurters ","16.24","0.0","Market Basket","40 oz","40 oz","X4595.jpg","","1"
"8183","Condiments & Dressings","Marinades, Ketchup & Sauces","Condiments","Goya","Goya Hot Sauce, Bottle","","Goya Hot Sauce, Bottle","2.09","0.0","Market Basket","12 fl oz","12 fl oz","1581.jpg","","7"
"10449","Cooking Needs","Rice & Grains","Rice","Twin Elephants","Twin Elephants Jasmine White Scented Rice","","Twin Elephants Jasmine White Scented Rice","26.89","0.0","Market Basket","25 lb","25 lb","No Image.jpg","","4"
"30456","Breakfast & Dairy","Granola & Oats","Granola","Bob's Red Mill","Bob's Red Mill Gluten Free Apple Blueberry Granola","039978003652","Bob's Red Mill Gluten Free Apple Blueberry Granola","4.36","0.0","Market Basket","12 oz","12 oz","X3734.jpg","","5"
"13609","Breakfast & Dairy","Dairy & Eggs","Other Creams & Cheeses","Sargento","Sargento Balanced Breaks, Pepper Jack Natural Cheese, Honey Roasted Peanuts and Raisins","","Sargento Balanced Breaks, Pepper Jack Natural Cheese, Honey Roasted Peanuts and Raisins","3.69","0.0","Market Basket","4.5 oz","4.5 oz","706.jpg","","1"
"31082","Breakfast & Dairy","Dairy & Eggs","Yogurt","Danimals","Wild Danimals Berry Flavor Blast NonFat Yogurt Drink Vitmin D ","","Wild Danimals Berry Flavor Blast NonFat Yogurt Drink Vitmin D ","4.36","0.0","Market Basket","1.75 pint","1.75 pint","X184.jpg","","1"
"3442","Fresh Produce","Fresh Fruits","Blueberries","Market Basket","Blueberries","","Blueberries","7.14","0.0","Market Basket","2 box","2 box","No Image.jpg","","20"
"33075","Breakfast & Dairy","Cereal","Cereal","Market Basket ","Market Basket Puffed White Cereal","049705105412","Market Basket Puffed White Cereal","2.5","0.0","Market Basket","6 oz","6 oz","X3386.jpg","","5"
"32010","Frozen Food","Frozen Dinners & Entrees","Frozen Meal","Kahiki","Kahiki Japanese style fried rice, Savory sidekicks","054347142206","Kahiki Japanese style fried rice, Savory sidekicks","3.13","0.0","Market Basket","16 oz","16 oz","X3956.jpg","","18"
"14468","Breakfast & Dairy","Tea & Coffee","Coffee","Peet's Coffee","Peet's Coffee Medium Roast Coffee Brazil Minas Naturals","","Peet's Coffee Medium Roast Coffee Brazil Minas Naturals","10.99","0.0","Market Basket","12 oz","12 oz","16288.jpg","","8"
"32750","Frozen Food","Frozen Dinners & Entrees","Frozen Meal","Marie Callender's","Marie Callender's Tender Ginger Beef & Broccoli Bowl","021131905521","Marie Callender's Tender Ginger Beef & Broccoli Bowl","3.13","0.0","Market Basket","11.8 oz","11.8 oz","X4057.jpg","","18"
"33095","Breakfast & Dairy","Granola & Oats","Oats","Market Basket ","Market Basket Apple & Cinnamon  Instant Oatmeal","049705113073","Market Basket Apple & Cinnamon  Instant Oatmeal","2.5","0.0","Market Basket","10 x 1.23 oz","10 x 1.23 oz","X3565.jpg","","5"
"8975","Condiments & Dressings","Preserved Dips & Spreads","Spreads","Fluff","Fluff Marshmallow","","Fluff Marshmallow","1.29","0.0","Market Basket","7.5 oz","7.5 oz","15413.jpg","","3"
"5920","Beverages & Juices","Tea, Coffee, Milk & Coconut Water","Single To-Go Coffee","Peet's","Peet's Iced Espresso Black & White","","Peet's Iced Espresso Black & White","3.13","0.0","Market Basket","8 fl oz","8 fl oz","No Image.jpg","","17"
"7763","Cooking Needs","Canned Food","Canned Meals & Beans","Goya","Goya Red Kidney Beans","","Goya Red Kidney Beans","2.29","0.0","Market Basket","29 oz","29 oz","5116.jpg","","7"
"4657","Meat & Seafood","Canned Meat & Seafood","Canned Tuna","Genova","Genova Tonno Solid Light Tuna in Olive Oil","","Genova Tonno Solid Light Tuna in Olive Oil","2.49","0.0","Market Basket","5 oz","5 oz","5242.jpg","","2"
"4675","Meat & Seafood","Canned Meat & Seafood","Canned Tuna","Market Basket","Market Basket Solid White Albacore in Water Tuna","","Market Basket Solid White Albacore in Water Tuna","1.59","0.0","Market Basket","5 oz","5 oz","5185.jpg","","2"
"31972","Richardson's Farm Ice Cream","Cups, Cones & Bowls","Cones","Joy ","Joy Suger Cones","072092324128","Joy Suger Cones","2.5","0.0","Market Basket","5 oz","5 oz","X5116.jpg","","20"
"33014","Pasta & Sauces","Raw Pasta","Raw Pasta","Market Basket","Market Basket Pasta Vermicelli","049795032619","Market Basket Pasta Vermicelli","1.25","0.0","Market Basket","16 oz","16 oz","X1669.jpg","","4"
"14896","Personal Care","Feminine Care","Menstrual Pads","U by Kotex","U by Kotex - Premium Regular Maxi Pads","","U by Kotex - Premium Regular Maxi Pads","4.47","1.0","Market Basket","24 count","24 count","6521.jpg","","13"
"33225","Breakfast & Dairy","Pancake & Waffle Mix","Pancake & Waffle Mix","Market Basket ","Market Basket Pancake & Waffle Mix ","049705148525","Market Basket Pancake & Waffle Mix ","2.11","0.0","Market Basket","32 oz","32 oz","X5312.jpg","","3"
"31269","Breakfast & Dairy","Dairy & Eggs","Yogurt","Fage ","Fage Total 0% Milkfat With Peach ","","Fage Total 0% Milkfat With Peach ","1.25","0.0","Market Basket","5.3 oz","5.3 oz","X252.jpg","","1"
"252","Kitchen & Cleaning","Dish Detergents","Dish Liquid","Seventh Generation","Seventh Generation Dish Liquid Soap Free & Clear","","Seventh Generation Dish Liquid Soap Free & Clear","3.69","1.0","Market Basket","25 oz","25 oz","18060.jpg","","15"
"13871","Breakfast & Dairy","Dairy & Eggs","Soy & Lactose-Free","Blue Diamond Almond Breeze Almondmilk","Blue Diamond Almond Breeze Almondmilk Blue Diamond Almond Breeze Chocolate","","Blue Diamond Almond Breeze Almondmilk Blue Diamond Almond Breeze Chocolate","3.69","0.0","Market Basket","0.5 gal","0.5 gal","748.jpg","","1"
"31770","Breakfast & Dairy","Dairy & Eggs","Cottage Cheese","Hood","Hood Cottage Cheese Cucumber & Dill","","Hood Cottage Cheese Cucumber & Dill","1.61","0.0","Market Basket","5.3 oz","5.3 oz","X333.jpg","","1"
"33299","Frozen Food","Frozen Pasta","Frozen Pasta","Michelina's","Michelina's Penne with White Chicken","717854105040","Michelina's Penne with White Chicken","1.25","0.0","Market Basket","8 oz","8 oz","X4111.jpg","","18"
"13958","Breakfast & Dairy","Dairy & Eggs","Specialty Cheeses","Market Basket","Market Basket Monterey Jack Cheese","","Market Basket Monterey Jack Cheese","5.49","0.0","Market Basket","0.89 lb","0.89 lb","Market Basket.jpg","","1"
"9045","Condiments & Dressings","Preserved Dips & Spreads","Spreads","Smucker's","Smucker's Orchard's Finest Northwoods Blueberry Preserves","","Smucker's Orchard's Finest Northwoods Blueberry Preserves","3.69","0.0","Market Basket","12 oz","12 oz","1630.jpg","","3"
"3935","Fresh Produce","Fresh Vegetables","Pepper","Market Basket","Thai Hot Red Peppers Pack (Approx: 1 lb)","","Thai Hot Red Peppers Pack (Approx: 1 lb)","4.82","0.0","Market Basket","1 pack","1 pack","FP89.jpg","","20"
"31582","Frozen Food","Frozen Dinners & Entrees","Frozen Appetizers & Sides","Gorton's ","Gorton's Crispy Battered Fish Portions","044400112505","Gorton's Crispy Battered Fish Portions","6.24","0.0","Market Basket","24.5 oz","24.5 oz","X4401.jpg","","18"
"13119","Breakfast & Dairy","Cereal","Cereal","Meijer","Apple Cinnamon Toasted Oats","","Apple Cinnamon Toasted Oats","24.39","0.0","Market Basket","1 lb","1 lb","No Image.jpg","","5"
"9021","Condiments & Dressings","Preserved Dips & Spreads","Spreads","Pacific","Smucker's Orchard's Finest Pacific Mountain Strawberry Preserves","","Smucker's Orchard's Finest Pacific Mountain Strawberry Preserves","3.69","0.0","Market Basket","12 oz","12 oz","1620.jpg","","3"
"32143","Frozen Food","Frozen Breakfast","Frozen Pancakes","Kellogg's ","Kellogg's Eggo Minis Pancakes ","038000260667","Kellogg's Eggo Minis Pancakes ","3.11","0.0","Market Basket","14.1 oz","14.1 oz","X5057.jpg","","19"
"34160","Pasta & Sauces","Raw Pasta","Raw Pasta","Prince","Prince Pasta Elbow Macaroni","041129010150","Prince Pasta Elbow Macaroni","1.56","0.0","Market Basket","16 oz","16 oz","X1650.jpg","","4"
"15359","Personal Care","Vitamins & Proteins","Vitamins & Supplements","Tums","Tums Antacid","","Tums Antacid","4.93","1.0","Market Basket","60 count","60 count","17853.jpg","","13"
"6088","Beverages & Juices","Soft Drinks & Seltzers","Soft Drinks","Coca-Cola","Coca Cola Cherry Flavored","","Coca Cola Cherry Flavored","1.24","0.0","Market Basket","2 L","2 L","3942.jpg","","17"
"12961","Breakfast & Dairy","Breads & Rolls","Tortillas & Flat Bread","Joseph's","Joseph's Flatbread Honey Wheat","","Joseph's Flatbread Honey Wheat","3.09","0.0","Market Basket","5 count","5 count","4800.jpg","","18"
"3886","Fresh Produce","Fresh Vegetables","Mushroom","Hokto","Hokto King Trumpet Mushrooms","","Hokto King Trumpet Mushrooms","5.62","0.0","Market Basket","9.5 oz","9.5 oz","14421.jpg","","20"
"8171","Condiments & Dressings","Marinades, Ketchup & Sauces","Condiments","Frank's","Frank's RedHot Hot Buffalo Wings Sauce","","Frank's RedHot Hot Buffalo Wings Sauce","3.09","0.0","Market Basket","12 fl oz","12 fl oz","1578.jpg","","2"
"6287","Beverages & Juices","Water","Water","Market Basket","Market Basket Spring Water","","Market Basket Spring Water","1.68","0.0","Market Basket","1 gal","1 gal","Market Basket.jpg","","11"
"5162","Chips, Cookies & Snacks","Cookies & Crackers","Crackers","Carr's","Carr's Table Water Crackers Original","","Carr's Table Water Crackers Original","3.91","0.0","Market Basket","4.25 oz","4.25 oz","15117.jpg","","6"
"13900","Breakfast & Dairy","Dairy & Eggs","Soy & Lactose-Free","Parmalat","Parmalat 2% Reduced Fat Milk Vitamin A&D","","Parmalat 2% Reduced Fat Milk Vitamin A&D","2.49","0.0","Market Basket","32 fl oz","32 fl oz","14808.jpg","","1"
"7787","Cooking Needs","Canned Food","Canned Meals & Beans","Market Basket","Market Basket Cut Green Beans","","Market Basket Cut Green Beans","0.69","0.0","Market Basket","8 oz","8 oz","Market Basket.jpg","","2"
"8107","Cooking Needs","Canned Food","Soup, Broth & Bouillon","Progresso","Progresso Rich & Hearty, New England Clam Chowder Soup, Gluten Free","","Progresso Rich & Hearty, New England Clam Chowder Soup, Gluten Free","2.79","0.0","Market Basket","18.5 oz","18.5 oz","5282.jpg","","9"
"14514","Breakfast & Dairy","Tea & Coffee","Tea","Bigelow ","Bigelow Assorted Variety Pack Tea Bags","","Bigelow Assorted Variety Pack Tea Bags","3.09","0.0","Market Basket","1.1 oz","1.1 oz","3428.jpg","","8"
"5090","Chips, Cookies & Snacks","Cookies & Crackers","Cookies & Cakes","Nabisco","Nabisco Nutter Butter Peanut Butter Sandwich Cookies","","Nabisco Nutter Butter Peanut Butter Sandwich Cookies","4.67","0.0","Market Basket","11.8 oz","11.8 oz","1142.jpg","","6"
"15022","Personal Care","Personal Needs","Deodorants","Degree","Degree Men Antiperspirant Deodorant Solid Cool Rush","","Degree Men Antiperspirant Deodorant Solid Cool Rush","4.24","1.0","Market Basket","2.7 oz","2.7 oz","18124.jpg","","13"
"31238","Condiments & Dressings","Marinades, Ketchup & Sauces","Mustard Sauce","Emeril's","Emeril's New York Deli Style  Mustard ","074683097039","Emeril's New York Deli Style  Mustard ","2.49","0.0","Market Basket","14 oz","14 oz","X2190.jpg","","2"
"33475","Cooking Needs","Rice & Grains","Grains, Rice & Dried Goods","Nature's Earthly Choice","Nature's Earthly Choice Organic Italian Pearled Farro ","897034002144","Nature's Earthly Choice Organic Italian Pearled Farro ","3.75","0.0","Market Basket","14 oz","14 oz","X1088.jpg","","4"
"8117","Cooking Needs","Canned Food","Soup, Broth & Bouillon","Progresso","Progresso Soup, Vegetable Classics, Vegetable Soup","","Progresso Soup, Vegetable Classics, Vegetable Soup","2.49","0.0","Market Basket","19 oz","19 oz","5272.jpg","","9"
"30029","Cooking Needs","Rice & Grains","Rice/Pasta Sides","Alessi","Alessi Premium Risotto with Butternut Squash","071072803134","Alessi Premium Risotto with Butternut Squash","3.13","0.0","Market Basket","8 oz","8 oz","X1155.jpg","","4"
"15073","Personal Care","Personal Needs","Eye & Ear Care","Opti-Free","Opti-Free Replenish Multi-Purpose Disinfecting Solution Enhanced Comfort","","Opti-Free Replenish Multi-Purpose Disinfecting Solution Enhanced Comfort","15.51","1.0","Market Basket","10 fl oz","10 fl oz","6478.jpg","","13"
"3464","Fresh Produce","Fresh Fruits","Papaya","Market Basket","Imported Papaya","","Imported Papaya","4.39","0.0","Market Basket","1 count","1 count","f47.jpg","","20"
"33778","Frozen Food","Frozen Dinners & Entrees","Frozen Meal","P.F.Chang's","P.F.Chang's Dan Dan Noodles","031000670726","P.F.Chang's Dan Dan Noodles","4.99","0.0","Market Basket","11 oz","11 oz","X4101.jpg","","18"
"10184","Frozen Food","Ice Cream & Ice","Ice Cream & Ice","Outshine","Outshine Fruit & Veggie Bars Strawberry Rhubarb, Tangerine Medley, Blueberry Medley","","Outshine Fruit & Veggie Bars Strawberry Rhubarb, Tangerine Medley, Blueberry Medley","3.09","0.0","Market Basket","6 count","6 count","3157.jpg","","21"
"3556","Fresh Produce","Fresh Vegetables","Broccoli","Market Basket","Broccoli Crowns","","Broccoli Crowns","5.28","0.0","Market Basket","1.48 lb","1.48 lb","FP100.jpg","","20"
"33738","Meat & Seafood","Packaged Meat & Seafood","Bacon","Oscar Mayer","Oscar Myer Naturally Hardwood Smoked Lower Sodium Bacon"," ","Oscar Myer Naturally Hardwood Smoked Lower Sodium Bacon","8.74","0.0","Market Basket","16 oz","16 oz","X4449.jpg","","1"
"31146","Frozen Food","Frozen Dinners & Entrees","Frozen Meal","Del monte","Del monte Veggieful Rosemary Garlic Plant-Based Chicken with Mushroom & Spinach","024000250029","Del monte Veggieful Rosemary Garlic Plant-Based Chicken with Mushroom & Spinach","3.13","0.0","Market Basket","8 oz","8 oz","X4170.jpg","","18"
"8292","Condiments & Dressings","Fresh Dips & Tapenades","Hommus","Cedar","Cedar Roasted Red Pepper Hommus","","Cedar Roasted Red Pepper Hummus","3.69","0.0","Market Basket","20 oz","20 oz","No Image.jpg","","1"
"31870","Pasta & Sauces","Pasta Sauce","Pasta Sauce","Hunts","Hunts Pasta Sauce No Added Sugar","027000500057","Hunts Pasta Sauce No Added Sugar","1.25","0.0","Market Basket","24 oz","24 oz","X1399.jpg","","4"
"9859","Frozen Food","Frozen Produce","Frozen Produce","Market Basket","Market Basket Frozen Asparagus Spears","","Market Basket Frozen Asparagus Spears","3.09","0.0","Market Basket","8 oz","8 oz","Market Basket.jpg","","19"
"5960","Beverages & Juices","Cocoa & Drink Mixes","Cocoa & Drink Mixes","Mr & Mrs T","Mr & Mrs T Original Bloody Mary Mix","","Mr & Mrs T Original Bloody Mary Mix","6.24","0.0","Market Basket","1.75 L","1.75 L","No Image.jpg","","17"
"4873","Chips, Cookies & Snacks","Chips & Fruit Snacks","Chips & Pretzels","Lay's","Lay's Sour Cream And Onion Flavored Potato Chips Party Size","","Lay's Sour Cream And Onion Flavored Potato Chips Party Size","5.47","0.0","Market Basket","12.5 oz","12.5 oz","871.jpg","","0"
"8023","Cooking Needs","Canned Food","Soup, Broth & Bouillon","Kitchen Basics","Kitchen Basics Unsalted Vegetable Stock","","Kitchen Basics Unsalted Vegetable Stock","3.09","0.0","Market Basket","32 fl oz","32 fl oz","17173.jpg","","2"
"30358","Meat & Seafood","Packaged Meat & Seafood","Chicken","Bell & Evans","Bell & Evans Air Chilled Gourmet Chicken Burgers with Apple and Gouda Cheese","738985222925","Bell & Evans Air Chilled Gourmet Chicken Burgers with Apple and Gouda Cheese","8.74","0.0","Market Basket","12 oz","12 oz","X36.jpg","","1"
"5437","Chips, Cookies & Snacks","Candy & Chocolates","Candy & Chocolate","Drake's","Drake's Funny Bones","","Drake's Funny Bones","3.69","0.0","Market Basket","10 x 13.73 oz","10 x 13.73 oz","14941.jpg","","18"
"386","Kitchen & Cleaning","Food Storage & Kitchen Supplies","Utensils & Kitchen Supplies","Swing-A-Way","Swing-A-Way Can Opener, Portable","","Swing-A-Way Can Opener, Portable","7.39","1.0","Market Basket","1 count","1 count","16868.jpg","","12"
"5474","Chips, Cookies & Snacks","Candy & Chocolates","Candy & Chocolate","Joy","Almond Joy Snack Size Candy Bars","","Almond Joy Snack Size Candy Bars","1.89","0.0","Market Basket","8 x 0.6 oz","8 x 0.6 oz","14922.jpg","","3"
"8551","Cooking Needs","Oils & Vinegars","Oils & Vinegars","Mizkan","Mizkan Seasoned Rice Vinegar Roasted Garlic","","Mizkan Seasoned Rice Vinegar Roasted Garlic","3.09","0.0","Market Basket","12 fl oz","12 fl oz","15508.jpg","","2"
"6978","Cooking Needs","Baking & Cooking","Doughs, Gelatins & Bake Mixes","Jell-O","Jell O Pistachio Instant Pudding Mix","","Jell O Pistachio Instant Pudding Mix","1.09","0.0","Market Basket","3.4 oz","3.4 oz","2052.jpg","","8"
"33852","Pasta & Sauces","Raw Pasta","Raw Pasta","Pastene","Pastene Penne Ziti Rigate 20","066086070795","Pastene Penne Ziti Rigate 20","1.25","0.0","Market Basket","16 oz","16 oz","X1604.jpg","","4"
"31018","Frozen Food","Frozen Dessert","Frozen Dessert","Cool Whip ","Cool Whip Sugar Free","043000010846","Cool Whip Sugar Free","1.56","0.0","Market Basket","8 oz","8 oz","X4965.jpg","","19"
"32059","Meat & Seafood","Packaged Meat & Seafood","Bacon","Kayem ","Kayem Pineapple Uncured Bacon","","Kayem Pineapple Uncured Bacon","4.99","0.0","Market Basket","12 oz","12 oz","X4641.jpg","","1"
"14734","Personal Care","Body Wash, Soap & Hair Care","Hair Care","Garnier","Garnier Fructis Style Anti-Humidity Smoothing Milk","","Garnier Fructis Style Anti-Humidity Smoothing Milk","5.97","1.0","Market Basket","5.1 fl oz","5.1 fl oz","6620.jpg","","13"
"6546","Chips, Cookies & Snacks","Nuts, Seeds & Dried Fruit","Nuts, Seeds & Dried Fruit","Dang","Dang Original Coconut Chips","","Dang Original Coconut Chips","4.99","0.0","Market Basket","3.17 oz","3.17 oz","No Image.jpg","","6"
"6688","Beverages & Juices","Juices & Refrigerated Drinks","Refrigerated Drinks","Welch's","Welch's Dragon Fruit Mango Flavored Fruit Juice Cocktail Blend","","Welch's Dragon Fruit Mango Flavored Fruit Juice Cocktail Blend","2.99","0.0","Market Basket","59 fl oz","59 fl oz","3863.jpg","","1"
"8128","Cooking Needs","Canned Food","Soup, Broth & Bouillon","Rachael Ray","Rachael Ray Stock In A Box All Natural Beef","","Rachael Ray Stock In A Box All Natural Beef","2.49","0.0","Market Basket","32 fl oz","32 fl oz","17214.jpg","","2"
"13470","Breakfast & Dairy","Dairy & Eggs","Milk","Hood","Hood Chocolate Lowfat Milk","","Hood Chocolate Lowfat Milk","4.79","0.0","Market Basket","1 gal","1 gal","489.jpg","","1"
"30738","Cooking Needs","Canned Food","Baked Beans","Bush's","Bush's Best Since 1908 Brown Sugar Hickory Baked Beans Vegetarain Recipe Good Source of Fiber","","Bush's Best Since 1908 Brown Sugar Hickory Baked Beans Vegetarain Recipe Good Source of Fiber","3.0","0.0","Market Basket","28 oz","28 oz","X1833.jpg","","2"
"12714","Breakfast & Dairy","Breads & Rolls","Bread","Market Basket","Market Basket French Bread","","Market Basket French Bread","2.79","0.0","Market Basket","12 oz","12 oz","Market Basket.jpg","","18"
"32528","Frozen Food","Frozen Pasta","Frozen Pasta","Lean Cuisine ","Lean Cuisine Cheese Ravioli","013800166869","Lean Cuisine Cheese Ravioli","2.5","0.0","Market Basket","                  8 1/2 oz","                  8 1/2 oz","X4216.jpg","","18"
"7247","Cooking Needs","Spices & Seasonings","Spices & Seasonings","McCormick","McCormick 30% Less Sodium Mild Chili Mild Seasoning Mix","","McCormick 30% Less Sodium Mild Chili Mild Seasoning Mix","0.99","0.0","Market Basket","1.25 oz","1.25 oz","2172.jpg","","9"
"4975","Chips, Cookies & Snacks","Chips & Fruit Snacks","Chips & Pretzels","Tostitos","Tostitos Scoops Tortilla Chips","","Tostitos Scoops Tortilla Chips","5.47","0.0","Market Basket","10 oz","10 oz","964.jpg","","0"
"8077","Cooking Needs","Canned Food","Soup, Broth & Bouillon","Nissin","Nissin The Original Cup Noodles Chicken Flavor","","Nissin The Original Cup Noodles Chicken Flavor","2.49","0.0","Market Basket","13.5 oz","13.5 oz","17181.jpg","","9"
"3939","Fresh Produce","Fresh Vegetables","Pepper","Oakes Farms","Oakes Farms Mini Sweet Pepper Medley","","Oakes Farms Mini Sweet Pepper Medley","5.62","0.0","Market Basket","1 lb","1 lb","FP117.jpg","","20"
"30169","Meat & Seafood","Hot Dogs, Bacon & Sausage","Ham","Applegate ","Applegate Organic Uncured Black Forest Ham","","Applegate Organic Uncured Black Forest Ham","7.11","0.0","Market Basket","6 oz","6 oz","X4476.jpg","","1"
"3940","Fresh Produce","Fresh Vegetables","Pepper","Prime Time","Prime Time Sweet Mini Peppers","","Prime Time Sweet Mini Peppers","4.24","0.0","Market Basket","1 lb","1 lb","14324.jpg","","20"
"32774","Beverages & Juices","Juices & Refrigerated Drinks","Juice & Nectars","Market Basket","Market Basket Cranberry and Concord Grape 100% Juice Blend","049705060056","Market Basket Cranberry and Concord Grape 100% Juice Blend","3.36","0.0","Market Basket","64 fl oz","64 fl oz","X2812.jpg","","10"
"34064","Breakfast & Dairy","Bars & Pastries","Pastries","Pop Tarts","Pop Tarts Frosted Strawberry","038000223006","Pop Tarts Frosted Strawberry","4.99","0.0","Market Basket","27 oz","27 oz","X3496.jpg","","5"
"7025","Cooking Needs","Baking & Cooking","Doughs, Gelatins & Bake Mixes","Pillsbury","Pillsbury Ready To Bake Chocolate Chip Cookies","","Pillsbury Ready To Bake Chocolate Chip Cookies","3.09","0.0","Market Basket","12 x 16 oz","12 x 16 oz","2037.jpg","","1"
"4890","Chips, Cookies & Snacks","Chips & Fruit Snacks","Chips & Pretzels","Market Basket","Market Basket Pretzel Thins","","Market Basket Pretzel Thins","1.55","0.0","Market Basket","8 oz","8 oz","Market Basket.jpg","","0"
"6911","Cooking Needs","Baking & Cooking","Baking Ingredients","Splenda","Splenda Brown Sugar Blend","","Splenda Brown Sugar Blend","5.29","0.0","Market Basket","16 oz","16 oz","15686.jpg","","8"
"32201","Breakfast & Dairy","Cereal","Cereal","Kellogg's ","Kellogg's Corn pops Sweet Crispy Crunch ","038000198717","Kellogg's Corn pops Sweet Crispy Crunch ","3.75","0.0","Market Basket","10 oz","10 oz","X3373.jpg","","5"
"33083","Breakfast & Dairy","Cereal","Cereal","Market Basket ","Market Basket Wheat Biscuits","049705005156","Market Basket Wheat Biscuits","3.13","0.0","Market Basket","14 oz","14 oz","X3394.jpg","","5"
"5414","Chips, Cookies & Snacks","Cookies & Crackers","Crackers","Nabisco","Nabisco Barnum's Animals Crackers","","Nabisco Barnum's Animals Crackers","2.34","0.0","Market Basket","2.13 oz","2.13 oz","No Image.jpg","","6"
"32991","Cooking Needs","Rice & Grains","Instant Rice","Market Basket","Market Basket Instant Rice Enriched, Precooked, Long grain ","049705041055","Market Basket Instant Rice Enriched, Precooked, Long grain ","3.11","0.0","Market Basket","28 oz","28 oz","X999.jpg","","4"
"10225","Frozen Food","Ice Cream & Ice","Ice Cream & Ice","So Delicious","So Delicious Dairy Free Frozen Dessert Cashew Milk Salted Caramel Cluster","","So Delicious Dairy Free Frozen Dessert Cashew Milk Salted Caramel Cluster","7.39","0.0","Market Basket","1 pint","1 pint","16147.jpg","","21"
"10415","Cooking Needs","Canned Food","Canned Food","Goya","Goya Medium Grain Rice","","Goya Medium Grain Rice","9.79","0.0","Market Basket","10 lb","10 lb","5812.jpg","","7"
"4089","Meat & Seafood","Meat & Seafood Counter","Beef","Market Basket","Market Basket Beef Round Cube Steak","","Market Basket Beef Round Cube Steak","4.29","0.0","Market Basket","Approx: 1.00 lb at $4.29/lb","Approx: 1.00 lb at $4.29/lb","Market Basket.jpg","","22"
"30075","Frozen Food","Frozen Dinners & Entrees","Frozen Meal","Amy's ","Amy's Macaroni & Cheese","042272002641","Amy's Macaroni & Cheese","4.36","0.0","Market Basket","9 oz","9 oz","X4154.jpg","","18"
"31347","Breakfast & Dairy","Dairy & Eggs","Yogurt","Forager ","Forager Project Organic Dairy- Free Cashewmilk Yogurt Strawberry ","","Forager Project Organic Dairy- Free Cashewmilk Yogurt Strawberry ","2.11","0.0","Market Basket","5.3 oz","5.3 oz","X275.jpg","","1"
"35255","Richardson's Farm Ice Cream","Ice Cream","Peanut Butter","Richarson's Farm","Richarson's Farm Peanut Butter Oreo Ice Cream 16% Butterfat","","Peanut butter ice cream base with Oreo cookies pieces","32.99","0.0","Richardson's Farm","3 Gal. Tub","3 Gal. Tub","RichardsonsFarm.jpg","",""
"34382","Cooking Needs","Rice & Grains","Instant Rice","Rice Roni","Rice Roni Chicken Flavor Rice, Vermicelli, chicken broth & herbs with other natural flavors ","015300430235","Rice Roni Chicken Flavor Rice, Vermicelli, chicken broth & herbs with other natural flavors ","1.25","0.0","Market Basket","6.9 oz","6.9 oz","X993.jpg","","4"
"5225","Chips, Cookies & Snacks","Cookies & Crackers","Crackers","Nabisco","Nabisco Wheat Thins Crackers, Cracked Pepper and Olive Oil","","Nabisco Wheat Thins Crackers, Cracked Pepper and Olive Oil","3.91","0.0","Market Basket","9 oz","9 oz","No Image.jpg","","6"
"7966","Cooking Needs","Canned Food","Soup, Broth & Bouillon","Campbell's","Campbell's Condensed Campbell's Condensed Homestyle Chicken Noodle Soup","","Campbell's Condensed Campbell's Condensed Homestyle Chicken Noodle Soup","1.89","0.0","Market Basket","10.5 oz","10.5 oz","5299.jpg","","9"
"222","Kitchen & Cleaning","Cleaning Products","Toilet Cleaner","Glade","Scrubbing Bubbles Glade Rainshower Toilet Cleaning Gel","","Scrubbing Bubbles Glade Rainshower Toilet Cleaning Gel","4.89","1.0","Market Basket","1.34 oz","1.34 oz","4294.jpg","","15"
"32504","Frozen Food","Frozen Dinners & Entrees","Frozen Meal","Lean Cuisine ","Lean Cuisine Five Cheese Rigatoni","013800174208","Lean Cuisine Five Cheese Rigatoni","2.5","0.0","Market Basket","10 oz","10 oz","X4222.jpg","","18"
"7146","Cooking Needs","Oils & Vinegars","Oils & Vinegars","Mizkan","Mizkan Seasoned Rice Vinegar Roasted Garlic","","Mizkan Seasoned Rice Vinegar Roasted Garlic","3.09","0.0","Market Basket","12 fl oz","12 fl oz","15508.jpg","","2"
"14997","Personal Care","First Aid & Healthcare","Muscles, Joints & Pain Relief","Market Basket","Market Basket Ibuprofen Coated Caplets 200 mg","","Market Basket Ibuprofen Coated Caplets 200 mg","7.0","1.0","Market Basket","100 count","100 count","Market Basket.jpg","","13"
"5045","Chips, Cookies & Snacks","Cookies & Crackers","Cookies & Cakes","Famous Amos","Famous Amos Cookies Chocolate Chip","","Famous Amos Cookies Chocolate Chip","3.91","0.0","Market Basket","12.4 oz","12.4 oz","15055.jpg","","6"
"31778","Breakfast & Dairy","Dairy & Eggs","Cottage Cheese","Hood","Hood 4% Cottage Cheese With Honey & Pear added WITH OTHER NATURAL FLAVORS I SMALL CURD","","Hood 4% Cottage Cheese With Honey & Pear added WITH OTHER NATURAL FLAVORS I SMALL CURD","2.09","0.0","Market Basket","16 oz","16 oz","X341.jpg","","1"
"7796","Cooking Needs","Canned Food","Canned Meals & Beans","Market Basket","Market Basket Pink Beans","","Market Basket Pink Beans","0.89","0.0","Market Basket","15.5 oz","15.5 oz","Market Basket.jpg","","2"
"35007","Breakfast & Dairy","Breads & Rolls","Buns","Vermont Bread","Vermont Bread Organic Burger Buns","025911013000","Vermont Bread Organic Burger Buns","3.74","0.0","Market Basket","16 oz","16 oz","X2442.jpg","","18"
"35198","Breakfast & Dairy","Dairy & Eggs","Yogurt","Yoplait","Yoplait Paw Patrol 4 Cotton Candy,4 Strawberry Low Fat Yogurt ","","Yoplait Paw Patrol 4 Cotton Candy,4 Strawberry Low Fat Yogurt ","4.98","0.0","Market Basket","8 x 4 oz","8 x 4 oz","X932.jpg","","1"
"4938","Chips, Cookies & Snacks","Chips & Fruit Snacks","Chips & Pretzels","Snyder's of Hanover","Snyder's of Hanover Pretzel Pieces, Honey Mustard & Onion","","Snyder's of Hanover Pretzel Pieces, Honey Mustard & Onion","3.91","0.0","Market Basket","12 oz","12 oz","909.jpg","","0"
"7760","Cooking Needs","Canned Food","Canned Meals & Beans","Goya","Goya Premium Small Red Beans","","Goya Premium Small Red Beans","1.09","0.0","Market Basket","15.5 oz","15.5 oz","5102.jpg","","7"
"8061","Cooking Needs","Canned Food","Soup, Broth & Bouillon","Maruchan","Maruchan Instant Lunch Beef Flavor Ramen noodles","","Maruchan Instant Lunch Beef Flavor Ramen noodles","1.89","0.0","Market Basket","6 x 2.25 oz","6 x 2.25 oz","5338.jpg","","9"
"35336","Richardson's Farm Ice Cream","Frozen Yogurt","Coffee","Richarson's Farm","Richarson's Farm Coffee Toffee with Health Barï¿½ Frozen Yogurt 95% Fat Free","","Coffee yogurt with Heathï¿½ Bar pices, chocolate chips and toffee","7.99","0.0","Richardson's Farm","1-2 Gal. Container","1-2 Gal. Container","RichardsonsFarm.jpg","",""
"35276","Richardson's Farm Ice Cream","Ice Cream","Red Raspberry","Richarson's Farm","Richarson's Farm Maine Black Bear Ice Cream 16% Butterfat","","Red raspberry ice cream with chocolate chips and chocolate covered raspberry truffles","32.99","0.0","Richardson's Farm","3 Gal. Tub","3 Gal. Tub","RichardsonsFarm.jpg","",""
"6400","Beverages & Juices","Soft Drinks & Seltzers","Seltzer","Schweppes","Schweppes Sparkling Seltzer Water","","Schweppes Sparkling Seltzer Water","4.99","0.0","Market Basket","12 x 12 fl oz","12 x 12 fl oz","18039.jpg","","11"
"31937","Meat & Seafood","Packaged Meat & Seafood","Sausage","Jimmy Dean ","Jimmy Dean Heat'n Original Sausage Links","","Jimmy Dean Heat'n Original Sausage Links","6.86","0.0","Market Basket","23.4 oz","23.4 oz","X4755.jpg","","1"
"34924","Meat & Seafood","Canned Meat & Seafood","Other Meat","Tyling ","Tyling Smoked Mussels In Cottenseeds Oil ","","Tyling Smoked Mussels In Cottenseeds Oil ","3.74","0.0","Market Basket","3.7 oz","3.7 oz","X1911.jpg","","2"
"13506","Breakfast & Dairy","Dairy & Eggs","Milk","Market Basket","Market Basket Organic Whole Milk","","Market Basket Organic Whole Milk","4.36","0.0","Market Basket","0.5 gal","0.5 gal","Market Basket.jpg","","1"
"13705","Breakfast & Dairy","Dairy & Eggs","Packaged Cheese","Kraft","Kraft Singles American Cheese Slices","","Kraft Singles American Cheese Slices","3.29","0.0","Market Basket","16 x 12 oz","16 x 12 oz","14598.jpg","","1"
"33519","Breakfast & Dairy","Cereal","Cereal","Nature's Path","Nature's Path Envirokidz Orignal Peanut Butter & Chocolate Lepin Lemurs Organic","058449860073","Nature's Path Envirokidz Orignal Peanut Butter & Chocolate Lepin Lemurs Organic","4.99","0.0","Market Basket","10 oz","10 oz","X3691.jpg","","5"
"5397","Chips, Cookies & Snacks","Cookies & Crackers","Crackers","Back to Nature","Back to Nature Honey Graham Sticks","","Back to Nature Honey Graham Sticks","5.47","0.0","Market Basket","8 oz","8 oz","No Image.jpg","","6"
"4313","Meat & Seafood","Meat & Seafood Counter","Pork","Market Basket","Market Basket Center Cut Pork Chops Family Pack","","Market Basket Center Cut Pork Chops Family Pack","3.49","0.0","Market Basket","1 lb","1 lb","Market Basket.jpg","","22"
"13367","Breakfast & Dairy","Dairy & Eggs","Cream","Market Basket","Market Basket Fat Free Half And Half","","Market Basket Fat Free Half And Half","3.69","0.0","Market Basket","64 fl oz","64 fl oz","Market Basket.jpg","","1"
"14159","Breakfast & Dairy","Dairy & Eggs","Yogurt","Light & Fit","Light & Fit Greek Cherry Nonfat Yogurt","","Light & Fit Greek Cherry Nonfat Yogurt","1.89","0.0","Market Basket","5.3 oz","5.3 oz","14696.jpg","","1"
"9999","Frozen Food","Ice Cream & Ice","Ice Cream & Ice","Dove","Dove Vanilla with Milk Chocolate Ice Cream Bars","","Dove Vanilla with Milk Chocolate Ice Cream Bars","4.09","0.0","Market Basket","3 count","3 count","16137.jpg","","21"
"3870","Fresh Produce","Fresh Vegetables","Kale","Market Basket","Kale","","Kale","2.86","0.0","Market Basket","1 bunch","1 bunch","14429.jpg","","20"
"14448","Breakfast & Dairy","Tea & Coffee","Coffee","New England Coffee","New England Coffee K Cup Pods Coffee French Roast","","New England Coffee K Cup Pods Coffee French Roast","7.39","0.0","Market Basket","12 x 0.4 oz","12 x 0.4 oz","3370.jpg","","8"
"4316","Meat & Seafood","Meat & Seafood Counter","Pork","Market Basket","Market Basket Country Style Top Pork Spare Ribs","","Market Basket Country Style Top Pork Spare Ribs","1.59","0.0","Market Basket","1 lb","1 lb","Market Basket.jpg","","22"
"34050","Chips, Cookies & Snacks","Chips & Fruit Snacks","Popcorn","Pop Secret ","Pop Secret Butter Natural Flavor","023896499901","Pop Secret Butter Natural Flavor","2.5","0.0","Market Basket","9.6 oz","9.6 oz","X4950.jpg","","19"
"32532","Frozen Food","Frozen Pasta","Frozen Pasta","Lean Cuisine ","Lean Cuisine Butternut Squash Ravioli","013800144065","Lean Cuisine Butternut Squash Ravioli","3.13","0.0","Market Basket","9 7/8 oz","9 7/8 oz","X4238.jpg","","18"
"10417","Cooking Needs","Canned Food","Canned Food","Goya","Goya Natural Long Grain Rice Brown Rice","","Goya Natural Long Grain Rice Brown Rice","3.09","0.0","Market Basket","28 oz","28 oz","5814.jpg","","7"
"8133","Cooking Needs","Canned Food","Soup, Broth & Bouillon","Swanson","Swanson Chicken Broth","","Swanson Chicken Broth","1.29","0.0","Market Basket","14.5 oz","14.5 oz","5395.jpg","","9"
"5255","Chips, Cookies & Snacks","Chips & Fruit Snacks","Chips & Pretzels","LATE JULY","LATE JULY Cantina Style White Corn Tortilla Chips","","LATE JULY Cantina Style White Corn Tortilla Chips","4.67","0.0","Market Basket","9 oz","9 oz","No Image.jpg","","0"
"31955","Chips, Cookies & Snacks","Chips & Fruit Snacks","Popcorn","Jolly Time ","Jolly Time Healthy Pop Butter Sea Salt","025190007814","Jolly Time Healthy Pop Butter Sea Salt ","2.24","0.0","Market Basket","9 oz","9 oz","X4944.jpg","","19"
"5582","Chips, Cookies & Snacks","Candy & Chocolates","Candy & Chocolate","Sour Patch Kids","Sour Patch Kids Soft & Chewy Candy","","Sour Patch Kids Soft & Chewy Candy","2.11","0.0","Market Basket","8 oz","8 oz","14973.jpg","","3"
"31683","Meat & Seafood","Packaged Meat & Seafood","Turkey","Healthy Ones ","Healthy Ones Deli Thin Sliced Turkey Breast ","","Healthy Ones Deli Thin Sliced Turkey Breast ","3.74","0.0","Market Basket","7 oz","7 oz","X4523.jpg","","1"
"3957","Fresh Produce","Fresh Vegetables","Radish","Market Basket","Daikon Radish","","Daikon Radish","2.14","0.0","Market Basket","1 count","1 count","FP72.jpg","","20"
"4571","Meat & Seafood","Lunch Meat","Salami","Columbus","Columbus Calabrese Salami","","Columbus Calabrese Salami","4.39","0.0","Market Basket","5 oz","5 oz","5420.jpg","","22"
"33597","Condiments & Dressings","Salad Dressings & Toppings","Salad Dressing & Toppings","Newmen's Own","Newmen's Own Organics Balsanic Vinaigrette Dressing Gluten Free","020662003713","Newmen's Own Organics Balsanic Vinaigrette Dressing Gluten Free","4.11","0.0","Market Basket","12 fl oz","12 fl oz","X646.jpg","","2"
"4322","Meat & Seafood","Meat & Seafood Counter","Pork","Market Basket","Market Basket Pork Sirloin Mini Roast","","Market Basket Pork Sirloin Mini Roast","5.58","0.0","Market Basket","Approx: 2.00 lb at $2.79/lb","Approx: 2.00 lb at $2.79/lb","Market Basket.jpg","","22"
"33673","Beverages & Juices","Juices & Refrigerated Drinks","Juice & Nectars","Ocean Spray","Ocean Spray Grapefruit 100% Juice No sugar Added","031200029997","Ocean Spray Grapefruit 100% Juice No sugar Added","3.99","0.0","Market Basket","60 fl oz","60 fl oz","X2839.jpg","","10"
"259","Kitchen & Cleaning","Dish Detergents","Dishwasher Detergent","Cascade","Cascade Complete Lemon Scent Dishwasher Detergent","","Cascade Complete Lemon Scent Dishwasher Detergent","6.09","1.0","Market Basket","9.5 oz","9.5 oz","4325.jpg","","15"
"14154","Breakfast & Dairy","Dairy & Eggs","Yogurt","Lifeway","Lifeway Organic Plain Unsweetened Cultured Lowfat Milk","","Lifeway Organic Plain Unsweetened Cultured Lowfat Milk","4.79","0.0","Market Basket","32 fl oz","32 fl oz","14694.jpg","","1"
"34779","Condiments & Dressings","Marinades, Ketchup & Sauces","Sauces","Tabasco ","Tabasco mc ilhenny Co Pepper Sauce Original Flavor ","011210000155","Tabasco mc ilhenny Co Pepper Sauce Original Flavor ","3.24","0.0","Market Basket","5 fl oz","5 fl oz","X2115.jpg","","2"
"13398","Breakfast & Dairy","Dairy & Eggs","Eggs","Better N Eggs","Better N Eggs Egg Product","","Better N Eggs Egg Product","4.79","0.0","Market Basket","32 oz","32 oz","14757.jpg","","1"
"3515","Fresh Produce","Fresh Organic Vegetables","Pepper","Market Basket","Organic Wrapped Green Peppers","","Organic Wrapped Green Peppers","2.74","0.0","Market Basket","1 count","1 count","f134.jpg","","20"
"5911","Beverages & Juices","Tea, Coffee, Milk & Coconut Water","Single To-Go Coffee","StarBucks","Starbucks Frappuccino Mocha Light Bottles 4 Pack","","Starbucks Frappuccino Mocha Light Bottles 4 Pack","6.24","0.0","Market Basket","4 x 9.5 fl oz","4 x 9.5 fl oz","No Image.jpg","","17"
"30059","Chips, Cookies & Snacks","Candy & Chocolates","Candy & Chocolate","Almond joy","Almond joy Coconut & Almond Chocolate Candy Bar","","Almond joy Coconut & Almond Chocolate Candy Bar","1.88","0.0","Market Basket","8.6 oz","8.6 oz","X22.jpg","","3"
"30562","Cooking Needs","Baking & Cooking","Flour","Bob's Red Mill","Bob's Red Mill Whole Grain Brown Rice Flour Stone Ground ","039978033154","Bob's Red Mill Whole Grain Brown Rice Flour Stone Ground ","6.24","0.0","Market Basket","24 oz","24 oz","X5270.jpg","","3"
"31995","Beverages & Juices","Juices & Refrigerated Drinks","Juice & Nectars","Juicy Juice","Juicy Juice Orange","889497002267","Juicy Juice Orange","3.13","0.0","Market Basket","8 x 6.75 fl oz","8 x 6.75 fl oz","X3081.jpg","","10"
"9967","Frozen Food","Ice Cream & Ice","Ice Cream & Ice","Blue Bunny","Blue Bunny Vanilla Cones","","Blue Bunny Vanilla Cones","4.89","0.0","Market Basket","8 x 2.25 oz","8 x 2.25 oz","16098.jpg","","21"
"6491","Chips, Cookies & Snacks","Nuts, Seeds & Dried Fruit","Nuts, Seeds & Dried Fruit","River Queen","River Queen Dry Roasted Peanuts","","River Queen Dry Roasted Peanuts","2.5","0.0","Market Basket","16 oz","16 oz","No Image.jpg","","6"
"15017","Personal Care","Personal Needs","Deodorants","Ban","Ban Powder Fresh Antiperspirant/Deodorant","","Ban Powder Fresh Antiperspirant/Deodorant","4.24","1.0","Market Basket","1.5 oz","1.5 oz","6322.jpg","","13"
"33909","Condiments & Dressings","Pickled Goods & Olives","Peppers","Pastene","Pastene Since 1874 Sweet Banana Peppers ","066086101277","Pastene Since 1874 Sweet Banana Peppers ","4.99","0.0","Market Basket","32 fl oz","32 fl oz","X2352.jpg","","2"
"15064","Personal Care","Personal Needs","Deodorants","Tom's Of Maine","Tom's Of Maine Deodorant, Long Lasting, Maine Woodspice","","Tom's Of Maine Deodorant, Long Lasting, Maine Woodspice","7.0","1.0","Market Basket","2.25 oz","2.25 oz","17692.jpg","","13"
"6058","Beverages & Juices","Cocoa & Drink Mixes","Cocoa & Drink Mixes","Crystal Light","Crystal Light Pure Lemon Iced Tea","","Crystal Light Pure Lemon Iced Tea","3.75","0.0","Market Basket","2.53 oz","2.53 oz","No Image.jpg","","17"
"15112","Personal Care","Personal Needs","Facial Care","Olay","Olay Age Defying Classic Daily Renewal Cream, Face Moisturizer","","Olay Age Defying Classic Daily Renewal Cream, Face Moisturizer","16.43","1.0","Market Basket","2 fl oz","2 fl oz","6256.jpg","","13"
"8477","Condiments & Dressings","Marinades, Ketchup & Sauces","Marinades & Meat Preparation","Wrights","Wrights Liquid Smoke, Hickory","","Wrights Liquid Smoke, Hickory","2.79","0.0","Market Basket","3.5 oz","3.5 oz","15578.jpg","","9"
"4751","Meat & Seafood","Frozen Meat & Seafood","Chicken Products","Weaver Fully Cooked","Weaver Fully Cooked Chicken Breast Fun Nuggets, 1.5 lb. (Frozen)","","Weaver Fully Cooked Chicken Breast Fun Nuggets, 1.5 lb. (Frozen)","4.89","0.0","Market Basket","26 oz","26 oz","16036.jpg","","22"
"31328","Cooking Needs","Oils & Vinegars","Oils & Vinegars","Filippo Berio","Filippo Berio Snice 1867 Gold Selection Robusto Bold,Full-Bodied Flavor Extra Virgin Olive Oil FilippoBerio","041736060142","Filippo Berio Snice 1867 Gold Selection Robusto Bold,Full-Bodied Flavor Extra Virgin Olive Oil FilippoBerio","6.86","0.0","Market Basket","25.3 fl oz","25.3 fl oz","X1979.jpg","","2"
"14754","Personal Care","Body Wash, Soap & Hair Care","Hair Care","John Fireda","John Frieda Frizz Ease Secret Weapon Touch-Up Creme","","John Frieda Frizz Ease Secret Weapon Touch-Up Creme","7.69","1.0","Market Basket","4 oz","4 oz","17841.jpg","","13"
"12780","Breakfast & Dairy","Breads & Rolls","Bread","Schar Gluten Free","Dr. Schar Gluten Free Artisan Baker White Bread","","Dr. Schar Gluten Free Artisan Baker White Bread","7.59","0.0","Market Basket","14.1 oz","14.1 oz","17013.jpg","","18"
"33915","Condiments & Dressings","Preserved Dips & Spreads","Spreads","Peanut Butter & co","Peanut Butter & co Peanut Powder Original ","","Peanut Butter & co Peanut Powder Original ","6.24","0.0","Market Basket","6.5 oz","6.5 oz","X721.jpg","","3"
"6681","Beverages & Juices","Juices & Refrigerated Drinks","Refrigerated Drinks","Turkey Hill","Turkey Hill Diet Iced Tea Lemon","","Turkey Hill Diet Iced Tea Lemon","1.89","0.0","Market Basket","64 fl oz","64 fl oz","3877.jpg","","1"
"15095","Personal Care","Personal Needs","Facial Care","Blistex","Blistex Lip Protectant/Sunscreen SPF 15 Blissful Butters","","Blistex Lip Protectant/Sunscreen SPF 15 Blissful Butters","2.75","1.0","Market Basket","0.15 oz","0.15 oz","17688.jpg","","13"
"4895","Chips, Cookies & Snacks","Chips & Fruit Snacks","Chips & Pretzels","Market Basket","Market Basket Restaurant Style Tortilla Chips","","Market Basket Restaurant Style Tortilla Chips","3.13","0.0","Market Basket","12.5 oz","12.5 oz","Market Basket.jpg","","0"
"14495","Breakfast & Dairy","Tea & Coffee","Coffee","The Organic Coffee Co.","The Organic Coffee Co. French Roast Ground Coffee","","The Organic Coffee Co. French Roast Ground Coffee","7.39","0.0","Market Basket","12 oz","12 oz","16299.jpg","","8"
"33493","Breakfast & Dairy","Breads & Rolls","Rolls","Nature's Own","Nature's Own Perfectly Crafted Brioche Style Butter Rolls","072250092517","Nature's Own Perfectly Crafted Brioche Style Butter Rolls","3.75","0.0","Market Basket","12 oz","12 oz","X2469.jpg","","18"
"5078","Chips, Cookies & Snacks","Cookies & Crackers","Cookies & Cakes","Market Basket","Market Basket Lemon Creme Cookies","","Market Basket Lemon Creme Cookies","2.34","0.0","Market Basket","25 oz","25 oz","Market Basket.jpg","","6"
"6371","Beverages & Juices","Water","Tonic Water","Polar","Polar Zero Sugar Tonic Water Traditional","","Polar Zero Sugar Tonic Water Traditional","1.49","0.0","Market Basket","1 L","1 L","No Image.jpg","","11"
"14667","Personal Care","Body Wash, Soap & Hair Care","Body Lotion","Gold Bond","Gold Bond Softening Lotion Shea Butter + Coconut Oil & Cocoa Butter","","Gold Bond Softening Lotion Shea Butter + Coconut Oil & Cocoa Butter","14.02","1.0","Market Basket","14 oz","14 oz","17726.jpg","","13"
"31326","Meat & Seafood","Packaged Meat & Seafood","Wings","Field Roast  ","Field Roast Original Fruffalo Wings ","","Field Roast Original Fruffalo Wings ","6.86","0.0","Market Basket","10 oz","10 oz","X4759.jpg","","1"
"8786","Condiments & Dressings","Preserved Dips & Spreads","Preserved Dips & Salsa","Wise","Wise Salsa Con Queso Medium","","Wise Salsa Con Queso Medium","3.09","0.0","Market Basket","15 oz","15 oz","15610.jpg","","0"
"33288","Frozen Food","Frozen Dinners & Entrees","Frozen Meal","Michael Angelo's","Michael Angelo's Manicotti with Sauce","037363000729","Michael Angelo's Manicotti with Sauce","3.74","0.0","Market Basket","11 oz","11 oz","X4142.jpg","","18"
"34518","Frozen Food","Frozen Dinners & Entrees","Frozen Meal","Smart Ones","Smart OnesTeriyaki Chicken & Vegetables","025800020805","Smart OnesTeriyaki Chicken & Vegetables","2.5","0.0","Market Basket","9 oz","9 oz","X4201.jpg","","18"
"33700","Meat & Seafood","Packaged Meat & Seafood","Sausage","Old Neighborhood","Old Neighborhood Beef Knockwrust ","","Old Neighborhood Beef Knockwrust ","4.74","0.0","Market Basket","12 oz","12 oz","X4652.jpg","","1"
"33669","Beverages & Juices","Juices & Refrigerated Drinks","Juice & Nectars","Ocean Spray","Ocean Spray Cranberry Blackberry 100% Juice No sugar Added","031200034687","Ocean Spray Cranberry Blackberry 100% Juice No sugar Added","3.99","0.0","Market Basket","64 fl oz","64 fl oz","X2835.jpg","","10"
"13905","Breakfast & Dairy","Dairy & Eggs","Soy & Lactose-Free","Silk","Silk Light Original Soymilk","","Silk Light Original Soymilk","3.69","0.0","Market Basket","64 fl oz","64 fl oz","723.jpg","","1"
"34529","Meat & Seafood","Hot Dogs, Bacon & Sausage","Sausage","Smithfield","Smithfield PRIMIUM PORK BREAKFAST SAUSAGE HOMETOWN Original","","Smithfield PRIMIUM PORK BREAKFAST SAUSAGE HOMETOWN Original","4.61","0.0","Market Basket","12 oz","12 oz","X781.jpg","","1"
"14717","Personal Care","Body Wash, Soap & Hair Care","Cream","ShiKai","ShiKai Hand Cream, Fragrance-Free","","ShiKai Hand Cream, Fragrance-Free","8.96","1.0","Market Basket","2.5 oz","2.5 oz","17713.jpg","","13"
"30425","Condiments & Dressings","Honey, Syrup & Nectars","Honey","Billybee","Billybee Canadian Honey ","05852539","Billybee Canadian Honey ","6.24","0.0","Market Basket","16 oz","16 oz","X3177.jpg","","2"
"33823","Cooking Needs","Canned Food","Tomato Paste","Pastene","Pastene Fancy Tomato Paste","066086080336","Pastene Fancy Tomato Paste","1.86","0.0","Market Basket","12 oz","12 oz","X1279.jpg","","4"
"14351","Breakfast & Dairy","Tea & Coffee","Coffee","Chock Full O' Nuts","Chock Full O' Nuts French Roast Ground Coffee","","Chock Full O' Nuts French Roast Ground Coffee","8.59","0.0","Market Basket","26 oz","26 oz","16291.jpg","","8"
"13278","Breakfast & Dairy","Dairy & Eggs","Butter","Earth Balance","Earth Balance Organic Original Whipped Buttery Spread","","Earth Balance Organic Original Whipped Buttery Spread","4.59","0.0","Market Basket","13 oz","13 oz","Market Basket.jpg","","1"
"30472","Breakfast & Dairy","Granola & Oats","Oats","Bob's Red Mill","Bob's Red Mill Quick Cooking Rolled Oats Whole Grain","039978041531","Bob's Red Mill Quick Cooking Rolled Oats Whole Grain","4.74","0.0","Market Basket","32 oz","32 oz","X3664.jpg","","5"
"351","Kitchen & Cleaning","Food Storage & Kitchen Supplies","Storage Containers","Ziploc","Ziploc Color Edition Extra Small Square Containers & Lids - 8 CT","","Ziploc Color Edition Extra Small Square Containers & Lids - 8 CT","3.49","1.0","Market Basket","4 oz","4 oz","4398.jpg","","12"
"14461","Breakfast & Dairy","Tea & Coffee","Coffee","Peet's Coffee","Peet's Coffee French Roast Dark Roast Whole Bean Coffee","","Peet's Coffee French Roast Dark Roast Whole Bean Coffee","10.99","0.0","Market Basket","12 oz","12 oz","3321.jpg","","8"
"4523","Meat & Seafood","Lunch Meat","Ham","Plainville Farms","Plainville Farms Ham, Uncured, Black Forest","","Plainville Farms Ham, Uncured, Black Forest","4.89","0.0","Market Basket","7 oz","7 oz","17296.jpg","","22"
"30345","Chips, Cookies & Snacks","Candy & Chocolates","Candy & Chocolate","Bark Thins","Bark Thins Snacking Chocolate Dark Chocolate Coconut & Almond ","","Bark Thins Snacking Chocolate Dark Chocolate Coconut & Almond ","4.49","0.0","Market Basket","4.7 oz","4.7 oz","X31.jpg","","3"
"30467","Breakfast & Dairy","Granola & Oats","Oats","Bob's Red Mill","Bob's Red Mill Old Fashioned Rolled Oats Whole Grain","039978033758","Bob's Red Mill Old Fashioned Rolled Oats Whole Grain","8.74","0.0","Market Basket","32 oz","32 oz","X3652.jpg","","5"
"33558","Frozen Food","Frozen Breakfast","Frozen Waffles","Nature's Path ","Nature's Path Dark Chocolate Chip ","058449167013","Nature's Path Dark Chocolate Chip ","3.13","0.0","Market Basket","7.4 oz","7.4 oz","X5010.jpg","","19"
"14739","Personal Care","Body Wash, Soap & Hair Care","Hair Care","Head & Shoulders","Head & Shoulders Classic Clean 2-in-1","","Head & Shoulders Classic Clean 2-in-1","6.31","1.0","Market Basket","13.5 fl oz","13.5 fl oz","6584.jpg","","13"
"31850","Cooking Needs","Canned Food","Tomato Sauce","Hunts","Hunts No Salt added Tomato Sauce","027000001059","Hunts No Salt added Tomato Sauce","2.5","0.0","Market Basket","29 oz","29 oz","X1281.jpg","","4"
"34882","Frozen Food","Frozen Dinners & Entrees","Frozen Appetizers & Sides","Totino's","Totino's Pizza Rolls Supreme","042800109248","Totino's Pizza Rolls Supreme","4.99","0.0","Market Basket","24.8 oz","24.8 oz","X4801.jpg","","19"
"30816","Meat & Seafood","Packaged Meat & Seafood","Salami","Carando ","Carando Classic Italian Dry Salami ","","Carando Classic Italian Dry Salami ","3.11","0.0","Market Basket","3.16 oz","3.16 oz","X4553.jpg","","1"
"31927","Condiments & Dressings","Marinades, Ketchup & Sauces","Sauce","JHL","JHL Pad Thai Sauce ","667660000124","JHL Pad Thai Sauce ","2.49","0.0","Market Basket","8 oz","8 oz","X3236.jpg","","2"
"31393","Condiments & Dressings","Marinades, Ketchup & Sauces","Marinades & Meat Preparation","G Hughes","G Hughes Mokehouse Sugar Free BBQ Sauce Original ","021000052288","G Hughes Mokehouse Sugar Free BBQ Sauce Original ","3.75","0.0","Market Basket","18 oz","18 oz","X2035.jpg","","2"
"5605","Chips, Cookies & Snacks","Candy & Chocolates","Candy & Chocolate","YoCrunch","YoCrunch Vanilla Lowfat Yogurt with Snickers Pieces","","YoCrunch Vanilla Lowfat Yogurt with Snickers Pieces","2.49","0.0","Market Basket","4 oz","4 oz","14921.jpg","","1"
"6882","Cooking Needs","Baking & Cooking","Baking Ingredients","Market Basket","Market Basket Light Brown Sugar","","Market Basket Light Brown Sugar","2.19","0.0","Market Basket","32 oz","32 oz","Market Basket.jpg","","8"
"3643","Fresh Produce","Fresh Fruits","Blueberries","Market Basket","Prize Blueberries","","Prize Blueberries","5.62","0.0","Market Basket","1 pint container","1 pint container","FP35.jpg","","20"
"33586","Chips, Cookies & Snacks","Chips & Fruit Snacks","Popcorn","Newman's Own ","Newman's Own Movie Theater Butter Microwave Popcorn ","020662001153","Newman's Own Movie Theater Butter Microwave Popcorn ","2.5","0.0","Market Basket","9.6 oz","9.6 oz","X4941.jpg","","19"
"30936","Breakfast & Dairy","Dairy & Eggs","Yogurt","Chobani","Chobani Greek Yogurt Key Lime Blended 4 Value Pack ","","Chobani Greek Yogurt Key Lime Blended 4 Value Pack ","4.36","0.0","Market Basket","4 x 5.3 oz","4 x 5.3 oz","X143.jpg","","1"
"35303","Richardson's Farm Ice Cream","Ice Cream","Coffee","Richarson's Farm","Richarson's Farm Mocha Chip Ice Cream 16% Butterfat","","Rich coffee mixed with light chocolate ice cream with chocolate chips","7.99","0.0","Richardson's Farm","1-2 Gal. Container","1-2 Gal. Container","RichardsonsFarm.jpg","",""
"34473","Frozen Food","Frozen Dinners & Entrees","Frozen Appetizers & Sides","SeaPak","SeaPak Popcorn Shrimp","041322108630","SeaPak Popcorn Shrimp","9.99","0.0","Market Basket","28 oz","28 oz","X4371.jpg","","18"
"6329","Beverages & Juices","Water","Tonic Water","Polar","Polar Premium Tonic Water Cans","","Polar Premium Tonic Water Cans","3.74","0.0","Market Basket","6 x 7.5 fl oz","6 x 7.5 fl oz","No Image.jpg","","11"
"13624","Breakfast & Dairy","Dairy & Eggs","Packaged Cheese","BelGioioso","BelGioioso Cheese Parmesan","","BelGioioso Cheese Parmesan","4.89","0.0","Market Basket","8 oz","8 oz","14565.jpg","","1"
"7413","Cooking Needs","Canned Food","Canned & Jarred Vegetables","Del Monte","Del Monte Leaf Spinach","","Del Monte Leaf Spinach","1.09","0.0","Market Basket","13.5 oz","13.5 oz","5027.jpg","","9"
"13308","Breakfast & Dairy","Dairy & Eggs","Butter","Market Basket","Market Basket Salted Sweet Cream Butter","","Market Basket Salted Sweet Cream Butter","3.69","0.0","Market Basket","16 oz","16 oz","Market Basket.jpg","","1"
"8994","Condiments & Dressings","Preserved Dips & Spreads","Spreads","Joseph's","Joseph's Organic Original Hommus Singles","","Joseph's Organic Original Hommus Singles","3.29","0.0","Market Basket","4 x 2 oz","4 x 2 oz","15415.jpg","","3"
"30831","Personal Care","Vitamins & Proteins","Protien Drinks","Carnation ","Carnation Breakfast Essential Strawberry Sensation ","050000504909","Carnation Breakfast Essential Strawberry Sensation ","6.24","0.0","Market Basket","10 x 1.26 oz","10 x 1.26 oz","X3489.jpg","","5"
"32588","Chips, Cookies & Snacks","Candy & Chocolates","Candy & Chocolate","Lindt","Lindt Excllence Intense Orange Natural Flavor Dark Chocolate With Orange and Almonds Slivers","","Lindt Excllence Intense Orange Natural Flavor Dark Chocolate With Orange and Almonds Slivers","2.5","0.0","Market Basket","3.5 oz","3.5 oz","X484.jpg","","3"
"7427","Cooking Needs","Canned Food","Canned & Jarred Vegetables","Del Monte","Del Monte Fresh Cut Golden Sweet Corn Cream Style No Salt Added","","Del Monte Fresh Cut Golden Sweet Corn Cream Style No Salt Added","1.09","0.0","Market Basket","14.75 oz","14.75 oz","5038.jpg","","9"
"33947","Breakfast & Dairy","Breads & Rolls","Bread","Pepperidge Farm","Pepperidge Farm Jewish Rye Whole Grain Seeded Bread","014100091400","Pepperidge Farm Jewish Rye Whole Grain Seeded Bread","4.99","0.0","Market Basket","16 oz","16 oz","X2514.jpg","","18"
"4303","Meat & Seafood","Meat & Seafood Counter","Other Seafood","Market Basket","Market Basket Mako Shark Steaks","","Market Basket Mako Shark Steaks","9.79","0.0","Market Basket","Approx: 1.00 lb at $9.79/lb","Approx: 1.00 lb at $9.79/lb","Market Basket.jpg","","22"
"33910","Condiments & Dressings","Pickled Goods & Olives","Peppers","Pastene","Pastene Since 1874 Sweet Red Sliced Peppers ","066086101055","Pastene Since 1874 Sweet Red Sliced Peppers ","4.99","0.0","Market Basket","32 fl oz","32 fl oz","X2355.jpg","","2"
"7615","Cooking Needs","Canned Food","Canned Fruit & Applesauce","Del Monte","Del Monte Fruit Naturals Red Grapefruit","","Del Monte Fruit Naturals Red Grapefruit","1.59","0.0","Market Basket","7 oz","7 oz","No Image.jpg","","3"
"4559","Meat & Seafood","Lunch Meat","Other Meat","Veroni","Veroni Prosciutto","","Veroni Prosciutto","8.59","0.0","Market Basket","4 oz","4 oz","No Image.jpg","","22"
"30509","Breakfast & Dairy","Cereal","Meal Supplements","Bob's Red Mill","Bob's Red Mill Whole Chia Seed Meal ","039978008442","Bob's Red Mill Whole Chia Seed Meal ","8.74","0.0","Market Basket","12 oz","12 oz","X5217.jpg","","3"
"34059","Breakfast & Dairy","Bars & Pastries","Pastries","Pop Tarts","Pop Tarts Frosted Chocolate Chip Cookie Dough","038000223129","Pop Tarts Frosted Chocolate Chip Cookie Dough","4.99","0.0","Market Basket","27 oz","27 oz","X3490.jpg","","5"
"34351","Condiments & Dressings","Marinades, Ketchup & Sauces","Mustard Sauce","Reese","Reese prepared Horseradish Add A Kick To your Meal ","070670004882","Reese prepared Horseradish Add A Kick To your Meal ","2.11","0.0","Market Basket","4 oz","4 oz","X2180.jpg","","2"
"34258","Breakfast & Dairy","Bars & Pastries","Chewy Bars","Quaker ","Quaker Chewy Dips Peanut Butter","030000312711","Quaker Chewy Dips Peanut Butter","3.13","0.0","Market Basket","6 x 1.05 oz","6 x 1.05 oz","X3856.jpg","","5"
"5478","Chips, Cookies & Snacks","Candy & Chocolates","Candy & Chocolate","Kisses","Kisses Special Dark Mildly Sweet Chocolate","","Kisses Special Dark Mildly Sweet Chocolate","3.69","0.0","Market Basket","12 oz","12 oz","14957.jpg","","3"
"8750","Condiments & Dressings","Preserved Dips & Spreads","Preserved Dips & Salsa","Market Basket","Market Basket Corn And Bean Salsa","","Market Basket Corn And Bean Salsa","2.19","0.0","Market Basket","16 oz","16 oz","Market Basket.jpg","","1"
"7417","Cooking Needs","Canned Food","Canned & Jarred Vegetables","Del Monte","Del Monte Sliced Carrots","","Del Monte Sliced Carrots","1.09","0.0","Market Basket","14.5 oz","14.5 oz","5023.jpg","","9"
"33760","Breakfast & Dairy","Dairy & Eggs","Yogurt","Yoplait","Oui By Yoplait Strawberry French Style Yogurt","","Oui By Yoplait Strawberry French Style Yogurt","1.74","0.0","Market Basket","5 oz","5 oz","X709.jpg","","1"
"35233","Cooking Needs","Rice & Grains","Instant Rice","Zatarains","Zatarains Jambalaya Long grain rice mix with vegetables & Spices","071429095236","Zatarains Jambalaya Long grain rice mix with vegetables & Spices","2.11","0.0","Market Basket","8 oz","8 oz","X1018.jpg","","4"
"7847","Cooking Needs","Canned Food","Canned Meat & Seafood","Goya","Goya Mussels, in Pickled Sauce","","Goya Mussels, in Pickled Sauce","3.89","0.0","Market Basket","4 oz","4 oz","5226.jpg","","2"
"103","Kitchen & Cleaning","Cleaning Products","Bleach","2000 Flushes","2000 Flushes Bleach","","2000 Flushes Bleach","3.69","1.0","Market Basket","1.25 oz","1.25 oz","16834.jpg","","15"
"13522","Breakfast & Dairy","Dairy & Eggs","Milk","Oakhurst","Oakhurst 2% Reduced Fat Milk","","Oakhurst 2% Reduced Fat Milk","1.69","0.0","Market Basket","1 count","1 count","Market Basket.jpg","","1"
"7268","Cooking Needs","Spices & Seasonings","Spices & Seasonings","McCormick","McCormick Crushed Red Pepper","","McCormick Crushed Red Pepper","3.69","0.0","Market Basket","2.62 oz","2.62 oz","17924.jpg","","9"
"15144","Personal Care","Personal Needs","Oral Hygiene","Aim","Aim Multi-Benefit Cavity Protection Ultra Mint Gel Toothpaste","","Aim Multi-Benefit Cavity Protection Ultra Mint Gel Toothpaste","1.48","1.0","Market Basket","5.5 oz","5.5 oz","17786.jpg","","13"
"31078","Breakfast & Dairy","Dairy & Eggs","Smoothies","Danimals","Danimals Smoothies 6 Watermelon Flavors 6 Strawberry Flavors ","","Danimals Smoothies 6 Watermelon Flavors 6 Strawberry Flavors ","5.86","0.0","Market Basket","3.1 oz","3.1 oz","X181.jpg","","1"
"5199","Chips, Cookies & Snacks","Cookies & Crackers","Crackers","Milton's","Milton's Craft Bakers Gluten Free Baked Crackers Cheddar Cheese","","Milton's Craft Bakers Gluten Free Baked Crackers Cheddar Cheese","3.91","0.0","Market Basket","4.5 oz","4.5 oz","No Image.jpg","","6"
"6449","Chips, Cookies & Snacks","Jerkies","Jerky","Jack Link's","Jack Link's Teriyaki Beef Jerky","","Jack Link's Teriyaki Beef Jerky","4.99","0.0","Market Basket","2.85 oz","2.85 oz","No Image.jpg","","6"
"441","Kitchen & Cleaning","Trash Bags & Liners","Tall Trash Bags","Glad","Glad Tall Kitchen Quick-Tie Trash Bags","","Glad Tall Kitchen Quick-Tie Trash Bags","14.69","1.0","Market Basket","80 count","80 count","4681.jpg","","12"
"6508","Chips, Cookies & Snacks","Nuts, Seeds & Dried Fruit","Nuts, Seeds & Dried Fruit","Emerald","Emerald Honey Glazed Cashews","","Emerald Honey Glazed Cashews","6.24","0.0","Market Basket","5 oz","5 oz","No Image.jpg","","6"
"219","Kitchen & Cleaning","Cleaning Products","Toilet Cleaner","Lysol","Lysol Click Gel Automatic Toilet Bowl Cleaner Ocean Fresh Scent","","Lysol Click Gel Automatic Toilet Bowl Cleaner Ocean Fresh Scent","4.09","1.0","Market Basket","4 count","4 count","4251.jpg","","15"
"9175","Frozen Food","Frozen Dinners & Entrees","Frozen Appetizers & Sides","Ore-Ida","Ore Ida Golden Tater Tots","","Ore Ida Golden Tater Tots","4.09","0.0","Market Basket","32 oz","32 oz","2569.jpg","","19"
"30129","Pasta & Sauces","Instant Pasta","Instant Pasta","Annie's ","Annies Homegrown Shells & White Cheddar Macaroni & Cheese","013562300877","Annies Homegrown Shells & White Cheddar Macaroni & Cheese","16.24","0.0","Market Basket","12 x 6 oz","12 x 6 oz","X1213.jpg","","4"
"33815","Pasta & Sauces","Instant Pasta","Instant Pasta","Pasta Roni","Pasta Roni White Cheddar and Broccoli Pasta","015300440333","Pasta Roni White Cheddar and Broccoli Pasta","1.25","0.0","Market Basket","5.5 oz","5.5 oz","X1131.jpg","","4"
"3576","Fresh Produce","Fresh Vegetables","Cauliflower","Market Basket","Vegetables Produce Cauliflower","","Vegetables Produce Cauliflower","4.93","0.0","Market Basket","1 count","1 count","14434.jpg","","20"
"6539","Chips, Cookies & Snacks","Nuts, Seeds & Dried Fruit","Nuts, Seeds & Dried Fruit","Market Basket","Market Basket Sun Dried Raisins","","Market Basket Sun Dried Raisins","2.24","0.0","Market Basket","6 x 1 oz","6 x 1 oz","Market Basket.jpg","","6"
"7775","Cooking Needs","Canned Food","Canned Meals & Beans","Kuner's","Kuner's Black Beans Traditional","","Kuner's Black Beans Traditional","1.29","0.0","Market Basket","15 oz","15 oz","17124.jpg","","2"
"32069","Meat & Seafood","Packaged Meat & Seafood","Sausage","Kayem ","Kayen Sweet Papper Provolone Sausage","","Kayen Sweet Papper Provolone Sausage","4.99","0.0","Market Basket","12 oz","12 oz","X4643.jpg","","1"
"3492","Fresh Produce","Fresh Organic Herbs","Dill","HerbThyme Farms","HerbThyme Farms Fresh Organic Dill","","HerbThyme Farms Fresh Organic Dill","2.99","0.0","Market Basket","0.67 oz","0.67 oz","FP42.jpg","","20"
"34075","Breakfast & Dairy","Bars & Pastries","Pastries","Pop Tarts","Poptarts Frosted strawberry Milkshake","038000221798","Poptarts Frosted strawberry Milkshake","2.5","0.0","Market Basket","13.5 oz","13.5 oz","X3507.jpg","","5"
"4739","Meat & Seafood","Frozen Meat & Seafood","Chicken Products","Perdue","Perdue Honey BBQ Style Boneless Chicken Wyngz","","Perdue Honey BBQ Style Boneless Chicken Wyngz","7.99","0.0","Market Basket","1.63 lb","1.63 lb","2895.jpg","","22"
"32022","Breakfast & Dairy","Bars & Pastries","Breakfast Bars","Kashi","Kashi Ripe Strawberry Soft Baked Breakfast Bars","018627386896","Kashi Ripe Strawberry Soft Baked Breakfast Bars","3.75","0.0","Market Basket","7.2 oz","7.2 oz","X3920.jpg","","5"
"3802","Fresh Produce","Fresh Organic Herbs","Thyme","Infinite Herbs","Infinite Herbs Organic Thyme","","Infinite Herbs Organic Thyme","5.62","0.0","Market Basket","4 oz","4 oz","92.jpg","","20"
"7461","Cooking Needs","Canned Food","Canned & Jarred Vegetables","Green Giant","Green Giant SteamCrisp Niblets Whole Kernel Sweet Corn","","Green Giant SteamCrisp Niblets Whole Kernel Sweet Corn","1.09","0.0","Market Basket","11 oz","11 oz","5087.jpg","","9"
"32807","Chips, Cookies & Snacks","Candy & Chocolates","Candy & Chocolate","Market Basket","Market Basket Caramel Creams","","Market Basket Caramel Creams","1.88","0.0","Market Basket","8.5 oz","8.5 oz","X523.jpg","","3"
"34095","Breakfast & Dairy","Cereal","Cereal","Post","Post Oats of Honey Bunches Cereal with Real Strawberries","884912112217","Post Oats of Honey Bunches Cereal with Real Strawberries","3.75","0.0","Market Basket","13 oz","13 oz","X3316.jpg","","5"
"8596","Condiments & Dressings","Pickled Goods & Olives","Pickled Goods & Olives","Canada Dry","Canada Dry All Natural Sparkling Seltzer Water Pomegranate Cherry","","Canada Dry All Natural Sparkling Seltzer Water Pomegranate Cherry","4.29","0.0","Market Basket","12 fl oz","12 fl oz","15535.jpg","","2"
"30490","Cooking Needs","Rice & Grains","Grains, Rice & Dried Goods","Bob's Red Mill","Bob's Red Mill Organic Whole Grain Kamut Khorasan Wheat Whole Grain Non GMO Organic","039978119414","Bob's Red Mill Organic Whole Grain Kamut Khorasan Wheat Whole Grain Non GMO Organic","4.99","0.0","Market Basket","24 oz","24 oz","X1078.jpg","","4"
"32935","Breakfast & Dairy","Dairy & Eggs","Yogurt","Market Basket","Market Basket Blueberry Lowfat Yogurt ","","Market Basket Blueberry Lowfat Yogurt ","2.36","0.0","Market Basket","32 oz","32 oz","X573.jpg","","1"
"30714","Frozen Food","Frozen Pasta","Frozen Pasta","Buitoni ","Buitoni Three Cheese Trotellini Frozen Pasta","","Buitoni Three Cheese Trotellini Frozen Pasta","7.49","0.0","Market Basket","20 oz","20 oz","X4679.jpg","","1"
"10276","Frozen Food","Ice Cream & Ice","Ice Cream & Ice","Yasso","Yasso Frozen Greek Yogurt, Sea Salt Caramel Bars","","Yasso Frozen Greek Yogurt, Sea Salt Caramel Bars","4.89","0.0","Market Basket","4 x 3.5 fl oz","4 x 3.5 fl oz","16146.jpg","","21"
"31091","Breakfast & Dairy","Dairy & Eggs","Yogurt","Dannon","Dannon Light & fit Original Raspberry Naturally & Artifically Flavored 4 Pack","","Dannon Light & fit Original Raspberry Naturally & Artifically Flavored 4 Pack","2.11","0.0","Market Basket","4 x 5.3 oz","4 x 5.3 oz","X193.jpg","","1"
"32906","Breakfast & Dairy","Dairy & Eggs","Parmesan Cheese","Market Basket","Market Basket Reduced Fat Parmesan STyle Topping ","049705034491","Market Basket Reduced Fat Parmesan STyle Topping ","3.13","0.0","Market Basket","8 oz","8 oz","X1267.jpg","","4"
"33724","Personal Care","Vitamins & Proteins","Protien Powders","Organic Supwefoods ","Organic Supwefoods Super Nutrition Powder Vaanilla Bean Flavore ","851770003926","Organic Supwefoods Super Nutrition Powder Vaanilla Bean Flavore ","24.99","0.0","Market Basket","1.02 lb","1.02 lb","X5201.jpg","","3"
"7806","Cooking Needs","Canned Food","Canned Meals & Beans","Pastene","Pastene White Kidney Beans","","Pastene White Kidney Beans","1.29","0.0","Market Basket","14 oz","14 oz","17133.jpg","","2"
"14552","Breakfast & Dairy","Tea & Coffee","Tea","Celestial Seasonings","Celestial Seasonings Lemon Zinger Caffeine Free Herbal Tea","","Celestial Seasonings Lemon Zinger Caffeine Free Herbal Tea","2.49","0.0","Market Basket","20 count","20 count","3479.jpg","","8"
"33053","Condiments & Dressings","Honey, Syrup & Nectars","Honey","Market Basket ","Market Basket Pure Honey","049705016763","Market Basket Pure Honey","3.74","0.0","Market Basket","12 oz","12 oz","X3188.jpg","","2"
"32126","Breakfast & Dairy","Cereal","Cereal","Kellogg's ","Kellogg's Corn Pops Jumbo Snax","038000234569","Kellogg's Corn Pops Jumbo Snax","6.24","0.0","Market Basket","12 x 0.45 oz","12 x 0.45 oz","X3604.jpg","","5"
"8059","Cooking Needs","Canned Food","Soup, Broth & Bouillon","Maruchan","Maruchan Chicken Flavor Ramen Noodle Soup","","Maruchan Chicken Flavor Ramen Noodle Soup","3.09","0.0","Market Basket","12 x 3 oz","12 x 3 oz","5321.jpg","","9"
"13834","Breakfast & Dairy","Dairy & Eggs","Refrigerated Pudding & Desserts","Jell-O","Jell O Temptations Ready to Eat Strawberry Cheesecake Pudding Snack","","Jell O Temptations Ready to Eat Strawberry Cheesecake Pudding Snack","2.39","0.0","Market Basket","4 x 3.525 oz","4 x 3.525 oz","791.jpg","","19"
"4749","Meat & Seafood","Frozen Meat & Seafood","Chicken Products","Tyson","Tyson Fully Cooked Chicken Patties, Frozen","","Tyson Fully Cooked Chicken Patties, Frozen","6.86","0.0","Market Basket","26 oz","26 oz","2909.jpg","","22"
"3852","Fresh Produce","Fresh Vegetables","Gold Potato","Market Basket","Yukon Gold Potatoes","","Yukon Gold Potatoes","4.24","0.0","Market Basket","5 lb","5 lb","14349.jpg","","20"
"33606","Condiments & Dressings","Salad Dressings & Toppings","Salad Dressing & Toppings","Newmen's Own","Newmen's Own Sesame Ginger Dressing","020662002976","Newmen's Own Sesame Ginger Dressing","4.11","0.0","Market Basket","16 fl oz","16 fl oz","X655.jpg","","2"
"5883","Beverages & Juices","Cocoa & Drink Mixes","Cocoa & Drink Mixes","4C","4C Iced Tea Mix Natural Lemon Flavor","","4C Iced Tea Mix Natural Lemon Flavor","6.24","0.0","Market Basket","4 lb","4 lb","No Image.jpg","","17"
"31797","Cooking Needs","Canned Food","Baked Beans","Hormel","Hormel Chili  Beef in Chili Sauce No Artificals Ingredients","","Hormel Chili  Beef in Chili Sauce No Artificals Ingredients","1.99","0.0","Market Basket","15 oz","15 oz","X1848.jpg","","2"
"14537","Breakfast & Dairy","Tea & Coffee","Tea","Bigelow ","Bigelow Organic Green Tea","","Bigelow Organic Green Tea","4.89","0.0","Market Basket","1.82 oz","1.82 oz","3406.jpg","","8"
"35145","Condiments & Dressings","Salad Dressings & Toppings","Salad Dressing & Toppings","Wish Bone","Wish Bone Light Ranch Dressing","041321005749","Wish Bone Light Ranch Dressing","2.5","0.0","Market Basket","15 fl oz","15 fl oz","X916.jpg","","2"
"7737","Cooking Needs","Canned Food","Canned Meals & Beans","Eden","Eden Organic Kidney Beans, No Salt Added","","Eden Organic Kidney Beans, No Salt Added","3.09","0.0","Market Basket","15 oz","15 oz","17145.jpg","","2"
"5572","Chips, Cookies & Snacks","Candy & Chocolates","Candy & Chocolate","Royal","Cadbury Royal Dark Chocolate Bar","","Cadbury Royal Dark Chocolate Bar","1.89","0.0","Market Basket","3.5 oz","3.5 oz","1052.jpg","","3"
"4427","Meat & Seafood","Hot Dogs, Bacon & Sausage","Hot Dogs","Jodran's","Jordan's Chicken, Pork & Beef Franks","","Jordan's Chicken, Pork & Beef Franks","7.39","0.0","Market Basket","48 oz","48 oz","No Image.jpg","","1"
"33403","Condiments & Dressings","Pickled Goods & Olives","Pickles","Mt. Olive","Mt.Olive Old-Fashioned Sweet Bread & Butter Chips Make a Wish Since 1926","009300000772","Mt.Olive Old-Fashioned Sweet Bread & Butter Chips Make a Wish Since 1926","2.74","0.0","Market Basket","24 fl oz","24 fl oz","X3295.jpg","","2"
"33388","Condiments & Dressings","Pickled Goods & Olives","Dill Crunchers","Mt. Olive","Mt.Olive Petite Snack Crunchers Kosher Dill Snice 1926","009300003346","Mt.Olive Petite Snack Crunchers Kosher Dill Snice 1926","2.74","0.0","Market Basket","16 fl oz","16 fl oz","X3273.jpg","","2"
"32106","Breakfast & Dairy","Cereal","Cereal","Kellogg's ","Kellogg's Spcial K Cinnamon & Pecan ","038000787041","Kellogg's Spcial K Cinnamon & Pecan ","3.75","0.0","Market Basket","12.1 oz","12.1 oz","X3347.jpg","","5"
"6146","Beverages & Juices","Soft Drinks & Seltzers","Soft Drinks","Mountain Dew","Mountain Dew Can","","Mountain Dew Can","4.38","0.0","Market Basket","6 x 7.5 fl oz","6 x 7.5 fl oz","No Image.jpg","","17"
"7792","Cooking Needs","Canned Food","Canned Meals & Beans","Market Basket","Market Basket Light Red Kidney Beans","","Market Basket Light Red Kidney Beans","0.89","0.0","Market Basket","15.5 oz","15.5 oz","Market Basket.jpg","","2"
"30751","Meat & Seafood","Packaged Meat & Seafood","Burger","Butterball","Butterball Turkey Burger ","","Butterball Turkey Burger ","10.61","0.0","Market Basket","32 oz","32 oz","X4709.jpg","","1"
"5117","Chips, Cookies & Snacks","Cookies & Crackers","Cookies & Cakes","Pepperidge Farm","Pepperidge Farm Pumpkin Cheesecake Soft Baked","","Pepperidge Farm Pumpkin Cheesecake Soft Baked","4.69","0.0","Market Basket","8.6 oz","8.6 oz","No Image.jpg","","6"
"5701","Breakfast & Dairy","Bars & Pastries","Protien Bars","Atkins","Atkins Advantage Protein Rich Meal Bar Chocolate Peanut Butter Bar","","Atkins Advantage Protein Rich Meal Bar Chocolate Peanut Butter Bar","8.59","0.0","Market Basket","5 x 2.1 oz","5 x 2.1 oz","15200.jpg","","3"
"30533","Breakfast & Dairy","Granola & Oats","Granola","Bob's Red Mill","Bob's Red Mill Honey Oat Granola ","039978003645","Bob's Red Mill Honey Oat Granola ","6.24","0.0","Market Basket","12 oz","12 oz","X5241.jpg","","3"
"31395","Condiments & Dressings","Marinades, Ketchup & Sauces","Marinades & Meat Preparation","G Hughes","G Hudhes Sugar Free Dipping Sauce Honey Mustard Flavored ","026825000063","G Hudhes Sugar Free Dipping Sauce Honey Mustard Flavored ","3.13","0.0","Market Basket","12 oz","12 oz","X2054.jpg","","2"
"33591","Frozen Food","Frozen Pizza","Frozen Pizza","Newman's Own ","Newman's Own Thin And Crispy Pizza White ","020662006073","Newman's Own Thin And Crispy Pizza White ","6.61","0.0","Market Basket","15.1 oz","15.1 oz","X4909.jpg","","19"
"4261","Meat & Seafood","Packaged Meat & Seafood","Pork","Market Basket","Boneless Thin Sliced Pork Chops","","Boneless Thin Sliced Pork Chops","2.99","0.0","Market Basket","1.05 lb","1.05 lb","Market Basket.jpg","","22"
"6164","Beverages & Juices","Soft Drinks & Seltzers","Soft Drinks","Pepsi","Pepsi Caffeine Free","","Pepsi Caffeine Free","2.5","0.0","Market Basket","2 L","2 L","No Image.jpg","","17"
"30787","Breakfast & Dairy","Breads & Rolls","Bread","Canyon Bakehouse","Canyon Bakehouse Gluten Free Honey Oat Bread","835841002317","Canyon Bakehouse Gluten Free Honey Oat Bread","7.49","0.0","Market Basket","15 oz","15 oz","X2574.jpg","","18"
"7317","Cooking Needs","Spices & Seasonings","Spices & Seasonings","McCormick","McCormick Ground Ginger","","McCormick Ground Ginger","11.99","0.0","Market Basket","8 oz","8 oz","2154.jpg","","9"
"33563","Cooking Needs","Rice & Grains","Instant Rice","Near East ","Near East Quinoa & Brown Rice Blend Roasted Red Pepper & Basil with other Natural Flavors","072251020069","Near East Quinoa & Brown Rice Blend Roasted Red Pepper & Basil with other Natural Flavors","2.5","0.0","Market Basket","4.9 oz","4.9 oz","X1025.jpg","","4"
"33520","Breakfast & Dairy","Cereal","Cereal","Nature's Path","Nature's Path Orignal Flax Plus Red Berry Crunh","058449777656","Nature's Path Orignal Flax Plus Red Berry Crunh","4.99","0.0","Market Basket","10.6 oz","10.6 oz","X3692.jpg","","5"
"33590","Frozen Food","Frozen Pizza","Frozen Pizza","Newman's Own ","Newman's Own Cauliflower Crust Cheese ","020662005984","Newman's Own Cauliflower Crust Cheese ","8.74","0.0","Market Basket","12 oz","12 oz","X4883.jpg","","19"
"13442","Breakfast & Dairy","Dairy & Eggs","Eggs","Pete And Gerry's","Pete & Gerry's Organic Pure Egg Whites","","Pete & Gerry's Organic Pure Egg Whites","5.59","0.0","Market Basket","16 oz","16 oz","14763.jpg","","1"
"4290","Meat & Seafood","Packaged Meat & Seafood","Turkey","Shady Brook Farms","Shady Brook Farms 85% Lean Ground Turkey","","Shady Brook Farms 85% Lean Ground Turkey","4.99","0.0","Market Basket","20.8 oz","20.8 oz","4114.jpg","","22"
"30687","Breakfast & Dairy","Dairy & Eggs","Yogurt","Brown Cow ","Brown Cow Whole Milk Yogurt Cream Top Peach On The Bottom ","","Brown Cow Whole Milk Yogurt Cream Top Peach On The Bottom ","1.24","0.0","Market Basket","5.3 oz","5.3 oz","X82.jpg","","1"
"3964","Fresh Produce","Fresh Vegetables","Red Potato","Market Basket","Red Potatoes Bag","","Red Potatoes Bag","4.24","0.0","Market Basket","5 lb","5 lb","14358.jpg","","20"
"116","Kitchen & Cleaning","Cleaning Products","Cleaning Brush","Butler Gum","Butler Gum Wire Bowl Brush","","Butler Gum Wire Bowl Brush","3.49","1.0","Market Basket","1 count","1 count","No Image.jpg","","15"
"14894","Personal Care","Feminine Care","Menstrual Pads","Stayfree","Stayfree Maxi Super Pads - 24 CT","","Stayfree Maxi Super Pads - 24 CT","5.28","1.0","Market Basket","24 count","24 count","6527.jpg","","13"
"32479","Beverages & Juices","Juices & Refrigerated Drinks","Juice & Nectars","Langers","Langers Strawberry Peach Juice Cocktail from Concentrate","041755006114","Langers Strawberry Peach Juice Cocktail from Concentrate","2.35","0.0","Market Basket","64 fl oz","64 fl oz","X2855.jpg","","10"
"6318","Beverages & Juices","Water","Sparkling Water","Poland Spring","Poland Spring Sparkling Water, White Peach Ginger","","Poland Spring Sparkling Water, White Peach Ginger","3.74","0.0","Market Basket","8 x 12 fl oz","8 x 12 fl oz","No Image.jpg","","11"
"33369","Condiments & Dressings","Salad Dressings & Toppings","Croutons","Mrs Cubbison's ","Mrs Cubbison's Cheddar Crisps 100% Baked Cheese ","","Mrs Cubbison's Cheddar Crisps 100% Baked Cheese ","3.13","0.0","Market Basket","1.98 oz","1.98 oz","X1749.jpg","","2"
"7866","Cooking Needs","Canned Food","Canned Meat & Seafood","Market Basket","Market Basket Chicken Cooking Stock No Msg Fat Free","","Market Basket Chicken Cooking Stock No Msg Fat Free","2.49","0.0","Market Basket","32 oz","32 oz","Market Basket.jpg","","2"
"4043","Meat & Seafood","Meat & Seafood Counter","Beef","85% Lean","85% Lean Beef Burgers","","85% Lean Beef Burgers","8.59","0.0","Market Basket","1 lb","1 lb","No Image.jpg","","22"
"33169","Cooking Needs","Oils & Vinegars","Oils & Vinegars","Market Basket ","Market Basket Balsamic Vinegar Of Modern of a Gourmet ","","Market Basket Balsamic Vinegar Of Modern of a Gourmet ","4.99","0.0","Market Basket","16.9 fl oz","16.9 fl oz","X1781.jpg","","2"
"34594","Breakfast & Dairy","Dairy & Eggs","Eggnog","Southern Comfort","SOUTHERN COMFORT TRADITIONAL EGG NOG Ultra-Pasteurized Non- Alcoholic","","SOUTHERN COMFORT TRADITIONAL EGG NOG Ultra-Pasteurized Non- Alcoholic","3.74","0.0","Market Basket","964 ml","964 ml","X784.jpg","","1"
"32196","Breakfast & Dairy","Cereal","Cereal","Kellogg's ","Kellogg's Frosted Mini Wheats little bites Chocolate","038000199530","Kellogg's Frosted Mini Wheats little bites Chocolate","3.75","0.0","Market Basket","15.9 oz","15.9 oz","X3362.jpg","","5"
"4640","Meat & Seafood","Canned Meat & Seafood","Canned Sardines","Bumble Bee","Bumble Bee Sardines in Mustard","","Bumble Bee Sardines in Mustard","1.29","0.0","Market Basket","3.75 oz","3.75 oz","5198.jpg","","2"
"431","Kitchen & Cleaning","Trash Bags & Liners","Regular Trash Bags","Market Basket","Market Basket Grip N Tie Lawn And Leaf Bags","","Market Basket Grip N Tie Lawn And Leaf Bags","2.79","1.0","Market Basket","10 count","10 count","Market Basket.jpg","","12"
"32808","Chips, Cookies & Snacks","Candy & Chocolates","Candy & Chocolate","Market Basket","Market Basket Dinner mints","","Market Basket Dinner mints","1.88","0.0","Market Basket","9.5 oz","9.5 oz","X524.jpg","","3"
"8604","Condiments & Dressings","Pickled Goods & Olives","Pickled Goods & Olives","Claussen","Claussen Kosher Dill Whole Pickles","","Claussen Kosher Dill Whole Pickles","4.49","0.0","Market Basket","32 fl oz","32 fl oz","1925.jpg","","1"
"34352","Condiments & Dressings","Pickled Goods & Olives","Onions","Reese","Reese Sour Cocktail Onions a tangy ganish for cocktails ","070670005544","Reese Sour Cocktail Onions a tangy ganish for cocktails ","3.13","0.0","Market Basket","12 oz","12 oz","X2220.jpg","","2"
"14473","Breakfast & Dairy","Tea & Coffee","Coffee","StarBucks","Starbucks Blonde K Cup Coffee Pods Ã¢â¬â Veranda Blend for Keurig Brewers","","Starbucks Blonde K Cup Coffee Pods Ã¢â¬â Veranda Blend for Keurig Brewers","9.79","0.0","Market Basket","10 count","10 count","3311.jpg","","8"
"6080","Beverages & Juices","Soft Drinks & Seltzers","Soft Drinks","Coca Cola","Coca Cola Diet Coke","","Coca Cola Diet Coke","1.49","0.0","Market Basket","42.2 fl oz","42.2 fl oz","No Image.jpg","","17"
"14483","Beverages & Juices","Tea, Coffee, Milk & Coconut Water","Coffee","StarBucks","Starbucks Frappuccino Vanilla Chilled Coffee Drink","","Starbucks Frappuccino Vanilla Chilled Coffee Drink","7.39","0.0","Market Basket","9.5 fl oz","9.5 fl oz","3296.jpg","","17"
"14661","Personal Care","Body Wash, Soap & Hair Care","Body Lotion","Aveeno","AveenoÂ® Daily Moisturizing Lotion","","AveenoÂ® Daily Moisturizing Lotion","15.17","1.0","Market Basket","18 fl oz","18 fl oz","17709.jpg","","13"
"30020","Chips, Cookies & Snacks","Candy & Chocolates","Candy & Chocolate","Albanese","Albanese Gummi Bears","","Albanese Gummi Bears","7.49","0.0","Market Basket","36 oz","36 oz","X15.jpg","","3"
"5944","Beverages & Juices","Cocoa & Drink Mixes","Cocoa & Drink Mixes","Cocktail Artist","Cocktail Artist Bloody Mary Premium Mix","","Cocktail Artist Bloody Mary Premium Mix","6.24","0.0","Market Basket","1 L","1 L","No Image.jpg","","17"
"14652","Breakfast & Dairy","Tea & Coffee","Tea","Yogi","Yogi Green Tea Kombucha","","Yogi Green Tea Kombucha","4.89","0.0","Market Basket","16 x 1.12 oz","16 x 1.12 oz","No Image.jpg","","8"
"3835","Fresh Produce","Fresh Organic Vegetables","Roster Potato","Market Basket","Organic Gold Roaster Potato Bag","","Organic Gold Roaster Potato Bag","6.31","0.0","Market Basket","5 lb bag","5 lb bag","14431.jpg","","20"
"13903","Breakfast & Dairy","Dairy & Eggs","Soy & Lactose-Free","Rolling Hills Farm","Rolling Hills Farm Vanilla Organic Soymilk","","Rolling Hills Farm Vanilla Organic Soymilk","3.09","0.0","Market Basket","0.5 gal","0.5 gal","14804.jpg","","1"
"32099","Breakfast & Dairy","Bars & Pastries","Breakfast Bars","Kellogg's ","Kellogg's Special K Chewy Snacks Bar Red Berries ","038000124204","Kellogg's Special K Chewy Snacks Bar Red Berries ","3.13","0.0","Market Basket","6 x 0.88 oz","6 x 0.88 oz","X3954.jpg","","5"
"34792","Condiments & Dressings","Marinades, Ketchup & Sauces","Sauce","Tamari ","Tamari Gluteen Free Soy Sauce ","075810021255","Tamari Gluteen Free Soy Sauce ","3.74","0.0","Market Basket","10 fl oz","10 fl oz","X5366.jpg","","3"
"4898","Chips, Cookies & Snacks","Chips & Fruit Snacks","Chips & Pretzels","Market Basket","Market Basket Yellow Round Tortilla Chips","","Market Basket Yellow Round Tortilla Chips","3.13","0.0","Market Basket","12.5 oz","12.5 oz","Market Basket.jpg","","0"
"10135","Frozen Food","Ice Cream & Ice","Ice Cream & Ice","Lindy's","Lindy's Homemade Italian Ice Tropical Combo (Mango/Pineapple)","","Lindy's Homemade Italian Ice Tropical Combo (Mango/Pineapple)","2.49","0.0","Market Basket","6 fl oz","6 fl oz","16083.jpg","","21"
"4497","Meat & Seafood","Lunch Meat","Ham","Deli","Deli Select Ultra Thin Sliced Lunchmeat, Smoked Ham, 16 oz.","","Deli Select Ultra Thin Sliced Lunchmeat, Smoked Ham, 16 oz.","6.09","0.0","Market Basket","16 oz","16 oz","17280.jpg","","1"
"6245","Beverages & Juices","Soft Drinks & Seltzers","Seltzer","Canada Dry","Canada Dry Peach Mango Sparkling Seltzer Water","","Canada Dry Peach Mango Sparkling Seltzer Water","4.18","0.0","Market Basket","12 x 12 fl oz","12 x 12 fl oz","No Image.jpg","","11"
"13678","Breakfast & Dairy","Dairy & Eggs","Packaged Cheese","Frigo","Frigo Cheese, Light, Part Skim, Mozzarella, Low Moisture, String","","Frigo Cheese, Light, Part Skim, Mozzarella, Low Moisture, String","3.69","0.0","Market Basket","10 oz","10 oz","14567.jpg","","1"
"257","Kitchen & Cleaning","Dish Detergents","Dishwasher Detergent","Cascade","Cascade Complete Gel Dishwasher Detergent, Fresh, 75 oz","","Cascade Complete Gel Dishwasher Detergent, Fresh, 75 oz","9.19","1.0","Market Basket","75 fl oz","75 fl oz","4339.jpg","","15"
"4477","Meat & Seafood","Hot Dogs, Bacon & Sausage","Sausage","Market Basket","Market Basket Hot Italian Sausage","","Market Basket Hot Italian Sausage","4.09","0.0","Market Basket","1 lb","1 lb","Market Basket.jpg","","22"
"32654","Condiments & Dressings","Marinades, Ketchup & Sauces","Mustard Sauce","Maille","Maille Dijon OriginaleDepuis 1747 Honey Dijaon Mustrad ","043646204005","Maille Dijon OriginaleDepuis 1747 Honey Dijaon Mustrad ","3.74","0.0","Market Basket","8.1 oz","8.1 oz","X2169.jpg","","2"
"5979","Beverages & Juices","Cocoa & Drink Mixes","Cocoa & Drink Mixes","Master of Mixes","Master of Mixes Triple Sec","","Master of Mixes Triple Sec","3.74","0.0","Market Basket","375 ml","375 ml","No Image.jpg","","17"
"13968","Breakfast & Dairy","Dairy & Eggs","Specialty Cheeses","Market Basket","Market Basket Swiss Cheese","","Market Basket Swiss Cheese","6.09","0.0","Market Basket","0.93 lb","0.93 lb","Market Basket.jpg","","1"
"34406","Richardson's Farm Ice Cream","Ice Cream Toppings","Ice Cream Toppings","Roland ","Roland Classic Style Melba Sauce ","041224871823","Roland Classic Style Melba Sauce ","5.36","0.0","Market Basket","10 oz","10 oz","X5142.jpg","","20"
"31266","Breakfast & Dairy","Dairy & Eggs","Yogurt","Fage","Fage Total 0% MILKFAT WITH STRAWBERRY ","","Fage Total 0% MILKFAT WITH STRAWBERRY ","1.25","0.0","Market Basket","5.3 oz","5.3 oz","X249.jpg","","1"
"14778","Personal Care","Body Wash, Soap & Hair Care","Hair Care","Pantene","Pantene ProV Repair & Protect Miracle Protecting Conditioner","","Pantene ProV Repair & Protect Miracle Protecting Conditioner","6.66","1.0","Market Basket","12 fl oz","12 fl oz","6572.jpg","","13"
"34228","Breakfast & Dairy","Bars & Pastries","Oatmeal Squares","Quaker","Quaker Baked Flats Blueberry Nuts","030000322444","Quaker Baked Flats Blueberry Nuts","3.75","0.0","Market Basket","5 x 1.41 oz","5 x 1.41 oz","X3855.jpg","","5"
"3877","Fresh Produce","Fresh Vegetables","Lettuce","Market Basket","Fresh Romaine Lettuce","","Fresh Romaine Lettuce","1.97","0.0","Market Basket","1 count","1 count","f220.jpg","","20"
"471","Laundry & Paper Goods","Laundry","Laundry Detergent","Oxi Clean","OxiClean Laundry Booster Odor Blasters","","OxiClean Laundry Booster Odor Blasters","9.36","1.0","Market Basket","50 fl oz","50 fl oz","No Image.jpg","","15"
"5644","Chips, Cookies & Snacks","Candy & Chocolates","Mint & Gum","Extra","Extra Peppermint Sugarfree Gum multi total","","Extra Peppermint Sugarfree Gum multi total","3.49","0.0","Market Basket","3 ct","3 ct","1495.jpg","","3"
"30117","Condiments & Dressings","Salad Dressings & Toppings","Salad Dressing & Toppings","Annie's ","Annie's Lite Goddess Dressing ","092325333017","Annie's Lite Goddess Dressing ","4.36","0.0","Market Basket","8 fl oz","8 fl oz","X1714.jpg","","2"
"10065","Frozen Food","Ice Cream & Ice","Ice Cream & Ice","Haagen-dazs","Haagen dazs Chocolate Ice Cream","","Haagen dazs Chocolate Ice Cream","4.29","0.0","Market Basket","14 fl oz","14 fl oz","3081.jpg","","21"
"6532","Chips, Cookies & Snacks","Nuts, Seeds & Dried Fruit","Nuts, Seeds & Dried Fruit","Sunmaid","Sunmaid Vanilla Yogurt Covered Raisins","","Sunmaid Vanilla Yogurt Covered Raisins","3.13","0.0","Market Basket","6 box","6 box","No Image.jpg","","6"
"31357","Pasta & Sauces","Gluten Free Pasta","Pasta Sauce","Francesco Rinaldi","Francesco Rinaldi Pasta Sauce Three Cheese Gluten Free","077644900478","Francesco Rinaldi Pasta Sauce Three Cheese Gluten Free","2.11","0.0","Market Basket","24 oz","24 oz","X1478.jpg","","4"
"5854","Richardson's Farm Ice Cream","Ice Cream Toppings","Ice Cream Toppings","Market Basket","Market Basket Jumbo Topping Cherries","","Market Basket Jumbo Topping Cherries","1.89","0.0","Market Basket","12 oz","12 oz","Market Basket.jpg","","20"
"13973","Breakfast & Dairy","Dairy & Eggs","Specialty Cheeses","Market Basket","Queso Fresco Guatemala","","Queso Fresco Guatemala","4.79","0.0","Market Basket","12 oz","12 oz","Market Basket.jpg","","1"
"4092","Meat & Seafood","Meat & Seafood Counter","Beef","Market Basket","Market Basket Boneless NY Sirloin Petite Select","","Market Basket Boneless NY Sirloin Petite Select","9.83","0.0","Market Basket","Approx: 1.33 lb at $7.39/lb","Approx: 1.33 lb at $7.39/lb","Market Basket.jpg","","22"
"4006","Fresh Produce","Fresh Vegetables","Squash","Market Basket","Kabocha Squash","","Kabocha Squash","1.99","0.0","Market Basket","1 lb","1 lb","FP112.jpg","","20"
"32378","Breakfast & Dairy","Breads & Rolls","Buns","Koffee Kup Bakery","Koffee Kup Bakery Potato Hot Dog Buns","074016016799","Koffee Kup Bakery Potato Hot Dog Buns","3.74","0.0","Market Basket","12 oz","12 oz","X2579.jpg","","18"
"15046","Personal Care","Personal Needs","Deodorants","Secret","Secret Clinical Strength Deodorant Waterproof","","Secret Clinical Strength Deodorant Waterproof","9.88","1.0","Market Basket","1.6 oz","1.6 oz","6286.jpg","","13"
"9873","Frozen Food","Frozen Produce","Frozen Produce","Market Basket","Market Basket Pepper And Onion Stir Fry","","Market Basket Pepper And Onion Stir Fry","1.69","0.0","Market Basket","16 oz","16 oz","Market Basket.jpg","","19"
"14878","Personal Care","Feminine Care","Menstrual Pads","Always","Always Maxi Super Pads Without Wings Unscented","","Always Maxi Super Pads Without Wings Unscented","4.93","1.0","Market Basket","22 count","22 count","6501.jpg","","13"
"31493","Breakfast & Dairy","Cereal","Cup Cereal","General Mills","General Mills Cheerios","016000141599","General Mills Cheerios","1.25","0.0","Market Basket","1.3 oz","1.3 oz","X3637.jpg","","5"
"6024","Beverages & Juices","Energy & Sports Drinks","Energy & Sports Drinks","Red Bull","Red Bull Sugar Free","","Red Bull Sugar Free","4.36","0.0","Market Basket","16 fl oz","16 fl oz","3739.jpg","","17"
"6158","Beverages & Juices","Soft Drinks & Seltzers","Soft Drinks","Pepsi","Pepsi Caffeine Free Box of Cans","","Pepsi Caffeine Free Box of Cans","5.63","0.0","Market Basket","12 x 12 fl oz","12 x 12 fl oz","3914.jpg","","17"
"33018","Pasta & Sauces","Raw Pasta","Raw Pasta","Market Basket","Market Basket Pasta Acini Di Pepe","049795310618","Market Basket Pasta Acini Di Pepe","1.86","0.0","Market Basket","16 oz","16 oz","X1673.jpg","","4"
"3909","Fresh Produce","Fresh Vegetables","Packaged Potato","The Little Potato Company","The Little Potato Company Baby Boomer Fresh Creamer Potatoes","","The Little Potato Company Baby Boomer Fresh Creamer Potatoes","4.24","0.0","Market Basket","1.5 lb","1.5 lb","38.jpg","","20"
"34202","Personal Care","Vitamins & Proteins","Protien Powders","Pure Protein","Pure Protien Vanilla Cream ","749826443126","Pure Protien Vanilla Cream ","13.74","0.0","Market Basket","16 oz","16 oz","X5195.jpg","","3"
"4204","Meat & Seafood","Packaged Meat & Seafood","Chicken Breast","Perdue","Perdue Breaded Chicken Breast Strips","","Perdue Breaded Chicken Breast Strips","3.69","0.0","Market Basket","0.75 lb","0.75 lb","4104.jpg","","22"
"33156","Condiments & Dressings","Salad Dressings & Toppings","Salad Dressing & Toppings","Market Basket ","Market Basket Great as a Marinade Light Blasamic Vinaigette Dressing","049705014967","Market Basket Great as a Marinade Light Blasamic Vinaigette Dressing","2.24","0.0","Market Basket","16 fl oz","16 fl oz","X598.jpg","","2"
"34966","Beverages & Juices","Juices & Refrigerated Drinks","Juice & Nectars","V8","V8 Essential Antioxidants Vegetable Juice","051000119773","V8 Essential Antioxidants Vegetable Juice","3.74","0.0","Market Basket","6 x 5.5 fl oz","6 x 5.5 fl oz","X3122.jpg","","10"
"10187","Frozen Food","Ice Cream & Ice","Ice Cream & Ice","Outshine","Outshine Grape Fruit Bars","","Outshine Grape Fruit Bars","4.29","0.0","Market Basket","6 count","6 count","3167.jpg","","21"
"34707","Cooking Needs","Rice & Grains","Instant Rice","Success","Success Boil in Bag Fragrant Thai Rice Jasmine","017400100766","Success Boil in Bag Fragrant Thai Rice Jasmine","2.49","0.0","Market Basket","14 oz","14 oz","X984.jpg","","4"
"5158","Chips, Cookies & Snacks","Cookies & Crackers","Crackers","Blue Diamond","Blue Diamond Nut Thins Nut & Rice Cracker Snacks Hint of Sea Salt","","Blue Diamond Nut Thins Nut & Rice Cracker Snacks Hint of Sea Salt","4.69","0.0","Market Basket","4.25 oz","4.25 oz","1237.jpg","","6"
"10151","Frozen Food","Ice Cream & Ice","Ice Cream & Ice","Market Basket","Drumstick Dairy Dessert Cones Vanilla Fudge","","Drumstick Dairy Dessert Cones Vanilla Fudge","4.29","0.0","Market Basket","4 count","4 count","16159.jpg","","21"
"10219","Frozen Food","Ice Cream & Ice","Ice Cream & Ice","Skinny Cow","Skinny Cow Oh La La Chocolate Truffle Ice Cream Bars","","Skinny Cow Oh La La Chocolate Truffle Ice Cream Bars","4.29","0.0","Market Basket","6 count","6 count","16140.jpg","","21"
"229","Kitchen & Cleaning","Cleaning Products","Window and Glass Cleaner","Windex","Windex Original Window Cleaner Value Refill","","Windex Original Window Cleaner Value Refill","6.09","1.0","Market Basket","67.6 fl oz","67.6 fl oz","16803.jpg","","15"
"232","Kitchen & Cleaning","Dish Detergents","Dish Liquid","Ajax","Ajax Super Degreaser Dish Liquid Lemon","","Ajax Super Degreaser Dish Liquid Lemon","1.29","1.0","Market Basket","12.6 fl oz","12.6 fl oz","4373.jpg","","15"
"7228","Cooking Needs","Spices & Seasonings","Spices & Seasonings","Goya","Goya Sazon Coriander & Annatto Seasoning","","Goya Sazon Coriander & Annatto Seasoning","3.09","0.0","Market Basket","3.52 oz","3.52 oz","2242.jpg","","9"
"30780","Pasta & Sauces","Instant Pasta","Instant Pasta","Campbell's","Campbell's Sphagettios Cool shape Pasta in Tomato & cheese Sauce","051000233202","Campbell's Sphagettios Cool shape Pasta in Tomato & cheese Sauce","1.25","0.0","Market Basket","15.8 oz","15.8 oz","X1257.jpg","","4"
"34432","Breakfast & Dairy","Breads & Rolls","Pizza Crust","Rustic Crust","Rustic Crust Crispy Italian Thia Crust ","794716912039","Rustic Crust Crispy Italian Thia Crust ","3.74","0.0","Market Basket","10 oz","10 oz","X1339.jpg","","4"
"30767","Condiments & Dressings","Pickled Goods & Olives","Relish","Cains ","Cains Hot dog Relish Sweet Mustard","041660204902","Cains Hot dog Relish Sweet Mustard","2.5","0.0","Market Basket","12 oz","12 oz","X2203.jpg","","2"
"3432","Fresh Produce","Fresh Fruits","Apple","Market Basket","Cortland Apples Bag- 3lbs","","Cortland Apples Bag- 3lbs","3.84","0.0","Market Basket","1 lb","1 lb","f5.jpg","","20"
"6161","Beverages & Juices","Soft Drinks & Seltzers","Soft Drinks","Pepsi","Pepsi Diet Box of Cans","","Pepsi Diet Box of Cans","9.99","0.0","Market Basket","24 x 12 fl oz","24 x 12 fl oz","No Image.jpg","","17"
"6301","Beverages & Juices","Water","Water","Poland Spring","Poland Spring 1845 Born in Maine","","Poland Spring 1845 Born in Maine","1.49","0.0","Market Basket","101.4 fl oz","101.4 fl oz","No Image.jpg","","11"
"13397","Breakfast & Dairy","Dairy & Eggs","Eggs","Almark","Almark Foods Boiled Eggs","","Almark Foods Boiled Eggs","1.29","0.0","Market Basket","2 x 3 oz","2 x 3 oz","Market Basket.jpg","","1"
"13648","Breakfast & Dairy","Dairy & Eggs","Packaged Cheese","Cabot Creamery","Cabot Creamery New York Extra Sharp Shredded Cheddar Cheese","","Cabot Creamery New York Extra Sharp Shredded Cheddar Cheese","3.09","0.0","Market Basket","8 oz","8 oz","142.jpg","","1"
"5987","Beverages & Juices","Cocoa & Drink Mixes","Cocoa & Drink Mixes","Master of Mixes","Master of Mixes 5 Pepper Bloody Mary Mixer","","Master of Mixes 5 Pepper Bloody Mary Mixer","7.49","0.0","Market Basket","1.75 L","1.75 L","No Image.jpg","","17"
"32688","Pasta & Sauces","Raw Pasta","Raw Pasta","Manischewitz","Manischewitz Extra Wide Egg Noodles","072700104067","Manischewitz Extra Wide Egg Noodles","2.5","0.0","Market Basket","12 oz","12 oz","X1692.jpg","","4"
"3690","Fresh Produce","Fresh Fruits","Orange","Market Basket","Sweet Hearts Stem & Leaf Mandarins Orange","","Sweet Hearts Stem & Leaf Mandarins Orange","7.0","0.0","Market Basket","4 lb","4 lb","FP37.jpg","","20"
"33800","Cooking Needs","Oils & Vinegars","Oils & Vinegars","Pam","Pam Original Cooking Spray Made With Canola Blend Easy Cleanup ","064144030316","Pam Original Cooking Spray Made With Canola Blend Easy Cleanup ","3.49","0.0","Market Basket","8 oz","8 oz","X1943.jpg","","2"
"7207","Cooking Needs","Spices & Seasonings","Spices & Seasonings","Chef Paul","Chef Paul Prudhomme's Magic Seasoning Blends Seafood Magic","","Chef Paul Prudhomme's Magic Seasoning Blends Seafood Magic","3.09","0.0","Market Basket","2 oz","2 oz","15658.jpg","","9"
"9163","Frozen Food","Frozen Dinners & Entrees","Frozen Appetizers & Sides","McCain","McCain Smiles Potatoes","","McCain Smiles Potatoes","2.49","0.0","Market Basket","26 oz","26 oz","2578.jpg","","19"
"7285","Cooking Needs","Spices & Seasonings","Spices & Seasonings","McCormick","McCormick GourmetÃ¢âÂ¢ Organic Cayenne Red Pepper","","McCormick GourmetÃ¢âÂ¢ Organic Cayenne Red Pepper","4.89","0.0","Market Basket","1.5 oz","1.5 oz","2202.jpg","","9"
"10399","Cooking Needs","Rice & Grains","Grains, Rice & Dried Goods","Earthly Choice","Earthly Choice Nat Earth Quinoa","","Earthly Choice Nat Earth Quinoa","3.09","0.0","Market Basket","4.8 oz","4.8 oz","17445.jpg","","4"
"6614","Beverages & Juices","Juices & Refrigerated Drinks","Refrigerated Drinks","Naked","Naked Boosted Blue Machine Juice Smoothie","","Naked Boosted Blue Machine Juice Smoothie","9.79","0.0","Market Basket","64 fl oz","64 fl oz","3846.jpg","","20"
"3873","Fresh Produce","Fresh Vegetables","Lemon","Market Basket","Bag of lemon","","Bag of lemon","2.63","0.0","Market Basket","1 bag(s)","1 bag(s)","f215.jpg","","20"
"32102","Breakfast & Dairy","Cereal","Cereal","Kellogg's ","Kellogg's All Bran Buds","038000198434","Kellogg's All Bran Buds","4.86","0.0","Market Basket","22 oz","22 oz","X3342.jpg","","5"
"32936","Cooking Needs","Canned Food","Canned Fruit & Applesauce","Market Basket","Market Basket Cinnamon Apple Sauce Squeezable Made With Orchard Fresh Apples ","","Market Basket Cinnamon Apple Sauce Squeezable Made With Orchard Fresh Apples ","2.5","0.0","Market Basket","12.7 oz","12.7 oz","X538.jpg","","3"
"13619","Breakfast & Dairy","Dairy & Eggs","Packaged Cheese","Arla Dofino","Arla Dofino Dill Havarti Cheese","","Arla Dofino Dill Havarti Cheese","3.69","0.0","Market Basket","8 oz","8 oz","14629.jpg","","1"
"14352","Breakfast & Dairy","Tea & Coffee","Coffee","Chock Full O' Nuts","Chock Full O' Nuts Gourmet Roast Ground Coffee","","Chock Full O' Nuts Gourmet Roast Ground Coffee","10.99","0.0","Market Basket","26 oz","26 oz","16298.jpg","","8"
"6905","Cooking Needs","Baking & Cooking","Baking Ingredients","Quaker","Quaker Corn Meal White","","Quaker Corn Meal White","2.09","0.0","Market Basket","24 oz","24 oz","15733.jpg","","8"
"33554","Frozen Food","Frozen Breakfast","Frozen Waffles","Nature's Path ","Nature's Path Pumpkin Spice ","058449590774","Nature's Path Pumpkin Spice ","3.13","0.0","Market Basket","7.4 oz","7.4 oz","X5006.jpg","","19"
"34490","Breakfast & Dairy","Dairy & Eggs","Yogurt","Siggi's","Sigg's Plant Based Cococnut Blend Rasberry ","","Sigg's Plant Based Cococnut Blend Rasberry ","1.56","0.0","Market Basket","5.3 oz","5.3 oz","X760.jpg","","1"
"34383","Cooking Needs","Rice & Grains","Instant Rice","Rice Roni","Rice Roni Chicken Flavor Rice, Vermicelli, chicken broth & herbs with other natural flavors - Lower Sodium ","015300430617","Rice Roni Chicken Flavor Rice, Vermicelli, chicken broth & herbs with other natural flavors - Lower Sodium ","1.25","0.0","Market Basket","6.9 oz","6.9 oz","X994.jpg","","4"
"14827","Personal Care","Body Wash, Soap & Hair Care","Soap","Dial","Dial Bar Coconut Water & Bamboo Leaf Extract Glycerin Soap","","Dial Bar Coconut Water & Bamboo Leaf Extract Glycerin Soap","2.86","1.0","Market Basket","3 x 4 oz","3 x 4 oz","17731.jpg","","13"
"30893","Beverages & Juices","Juices & Refrigerated Drinks","Juice & Nectars","Cherribundi","Cherribundi Light Natural Tart Cherry Juice Drink","895192001405","Cherribundi Light Natural Tart Cherry Juice Drink","3.74","0.0","Market Basket","24 fl oz","24 fl oz","X2784.jpg","","10"
"5906","Beverages & Juices","Tea, Coffee, Milk & Coconut Water","Single To-Go Coffee","StarBucks","Starbucks Frappuccino Vanilla Almondmilk","","Starbucks Frappuccino Vanilla Almondmilk","3.36","0.0","Market Basket","13.7 fl oz","13.7 fl oz","No Image.jpg","","17"
"31987","Beverages & Juices","Juices & Refrigerated Drinks","Juice & Nectars","Juicy Juice","Juicy Juice Fruitfuls Organic Apple","889497000959","Juicy Juice Fruitfuls Organic Apple","3.74","0.0","Market Basket","59 fl oz","59 fl oz","X2865.jpg","","10"
"33063","Breakfast & Dairy","Cereal","Cereal","Market Basket ","Market Basket Raisin Bran Cereal ","049705018033","Market Basket Raisin Bran Cereal ","2.5","0.0","Market Basket","18.7 oz","18.7 oz","X3330.jpg","","5"
"5104","Chips, Cookies & Snacks","Cookies & Crackers","Cookies & Cakes","Oreo","Oreo Golden Sandwich Cookies, Lemon Flavored Creme Family Size","","Oreo Golden Sandwich Cookies, Lemon Flavored Creme Family Size","5.47","0.0","Market Basket","566 g","566 g","1114.jpg","","6"
"9354","Frozen Food","Frozen Dessert","Frozen Dessert","Mrs. Smith's","Mrs. Smith's Original Flaky Crust Pumpkin Pie","","Mrs. Smith's Original Flaky Crust Pumpkin Pie","4.89","0.0","Market Basket","37 oz","37 oz","2970.jpg","","20"
"3884","Fresh Produce","Fresh Vegetables","Malanga","Market Basket","Malanga Blanca","","Malanga Blanca","1.97","0.0","Market Basket","1 lbs","1 lbs","f227.jpg","","20"
"3684","Fresh Produce","Fresh Fruits","Orange","Market Basket","Bag Of California Navel Oranges (Approx: 8 CT)","","Bag Of California Navel Oranges (Approx: 8 CT)","9.88","0.0","Market Basket","1 bag(s)","1 bag(s)","2.jpg","","20"
"34864","Frozen Food","Frozen Breakfast","Frozen Burrito","Tina's","Tina's Beef Taco Burrito","079606010652","Tina's Beef Taco Burrito","0.5","0.0","Market Basket","4 oz","4 oz","X4825.jpg","","19"
"32912","Breakfast & Dairy","Dairy & Eggs","Yogurt","Market Basket","Market Basket Light Nonfat Yogurt Peach With Other Natural Flavors ","","Market Basket Light Nonfat Yogurt Peach With Other Natural Flavors ","0.63","0.0","Market Basket","6 oz","6 oz","X550.jpg","","1"
"35262","Richardson's Farm Ice Cream","Ice Cream","Butter Crunch","Richarson's Farm","Richarson's Farm Butter Crunch Ice Cream 16% Butterfat","","Butterscotch ice cream with crunchy butterscotch candy","32.99","0.0","Richardson's Farm","3 Gal. Tub","3 Gal. Tub","RichardsonsFarm.jpg","",""
"7738","Cooking Needs","Canned Food","Canned Meals & Beans","Eden","Eden Organic Pinto Beans","","Eden Organic Pinto Beans","3.09","0.0","Market Basket","15 oz","15 oz","17141.jpg","","2"
"14906","Personal Care","Feminine Care","Tampon","Playtex","Playtex Gentle Glide 360Â° Fresh Scent Regular/Super Absorbency Multi-Pack Tampons","","Playtex Gentle Glide 360Â° Fresh Scent Regular/Super Absorbency Multi-Pack Tampons","7.0","1.0","Market Basket","18 count","18 count","6525.jpg","","13"
"30299","Meat & Seafood","Packaged Meat & Seafood","Chicken","Barber Foods","Barber Foods Breaded Raw Stuffed Chicken Breast Chicken Parmesan","073461905443","Barber Foods Breaded Raw Stuffed Chicken Breast Chicken Parmesan","12.49","0.0","Market Basket","30 oz","30 oz","X4786.jpg","","1"
"30316","Pasta & Sauces","Gluten Free Pasta","Raw Pasta","Barilla","Barilla Gluten Free Pasta Speghatti","076808003888","Barilla Gluten Free Pasta Speghatti","3.13","0.0","Market Basket","12 oz","12 oz","X1615.jpg","","4"
"31603","Frozen Food","Frozen Produce","Frozen Produce","Goya","Goya Fava Beans Habas Fava","041331091725","Goya Fava Beans Habas Fava","4.86","0.0","Market Basket","28 oz","28 oz","X4428.jpg","","18"
"33940","Pasta & Sauces","Raw Pasta","Raw Pasta","Pennsylvania Dutch","Pennsylvania Dutch Wide Egg Noodles","015100026232","Pennsylvania Dutch Wide Egg Noodles","2.5","0.0","Market Basket","12 oz","12 oz","X1686.jpg","","4"
"5666","Chips, Cookies & Snacks","Candy & Chocolates","Mint & Gum","Orbit","Orbit Wintermint Sugarfree Gum multi total","","Orbit Wintermint Sugarfree Gum multi total","3.69","0.0","Market Basket","3 x 42 ct","3 x 42 ct","1492.jpg","","3"
"30454","Breakfast & Dairy","Granola & Oats","Cup Oatmeal","Bob's Red Mill","Bob's Red Mill Gluten Free Oatmeal Blueberry & Hazlenut","039978011848","Bob's Red Mill Gluten Free Oatmeal Blueberry & Hazlenut","2.5","0.0","Market Basket","2.5 oz","2.5 oz","X3622.jpg","","5"
"33131","Condiments & Dressings","Pickled Goods & Olives","Olives","Market Basket ","Market Basket Queen Spainsh Olives Stuffed With Minced Pimento","049705109207","Market Basket Queen Spainsh Olives Stuffed With Minced Pimento","2.36","0.0","Market Basket","8 oz","8 oz","X2260.jpg","","2"
"32446","Frozen Food","Frozen Produce","Frozen Produce","La Fe","La Fe Green Corn Tamales","023545101698","La Fe Green Corn Tamales","5.49","0.0","Market Basket","28 oz","28 oz","X4409.jpg","","18"
"9170","Frozen Food","Frozen Dinners & Entrees","Frozen Appetizers & Sides","Nathan's","Nathan's Battered Onion Rings Thick Sliced","","Nathan's Battered Onion Rings Thick Sliced","2.49","0.0","Market Basket","16 oz","16 oz","15839.jpg","","19"
"9762","Frozen Food","Frozen Produce","Frozen Produce","Birds Eye","Birds Eye Broccoli Stir Fry","","Birds Eye Broccoli Stir Fry","2.49","0.0","Market Basket","14.4 oz","14.4 oz","2419.jpg","","19"
"3860","Fresh Produce","Fresh Vegetables","Greens","Market Basket","Dandelion Greens","","Dandelion Greens","3.21","0.0","Market Basket","1 bunch","1 bunch","FP105.jpg","","20"
"13775","Breakfast & Dairy","Dairy & Eggs","Packaged Cheese","Market Basket","Organic American Cheese","","Organic American Cheese","8.59","0.0","Market Basket","1 lb","1 lb","Market Basket.jpg","","1"
"33604","Condiments & Dressings","Salad Dressings & Toppings","Salad Dressing & Toppings","Newmen's Own","Newmen's Own Balsamic Vinaigrette Dressing","020662000064","Newmen's Own Balsamic Vinaigrette Dressing","4.11","0.0","Market Basket","16 fl oz","16 fl oz","X653.jpg","","2"
"10181","Frozen Food","Ice Cream & Ice","Ice Cream & Ice","Oreo","Breyer's Frozen Dairy Dessert 2in1 Oreo Chips Ahoy!","","Breyer's Frozen Dairy Dessert 2in1 Oreo Chips Ahoy!","4.79","0.0","Market Basket","1.5 quart","1.5 quart","16114.jpg","","21"
"33716","Chips, Cookies & Snacks","Candy & Chocolates","Candy & Chocolate","Orbit","Orbit Peppermint gum Artificially flavored ","","Orbit Peppermint gum Artificially flavored ","7.49","0.0","Market Basket","112 oz","112 oz","X698.jpg","","3"
"31983","Beverages & Juices","Juices & Refrigerated Drinks","Juice & Nectars","Juicy Juice","Juicy Juice Organics Fruit Punch 100% Juice","889497000546","Juicy Juice Organics Fruit Punch 100% Juice","4.11","0.0","Market Basket","48 fl oz","48 fl oz","X2861.jpg","","10"
"33352","Cooking Needs","Canned Food","Canned Fruit & Applesauce","Mott's ","Mott's Applesause Apple Great Taste You Can See 12 Clear Pouches ","","Mott's Applesause Apple Great Taste You Can See 12 Clear Pouches ","8.11","0.0","Market Basket","2.4 lb","2.4 lb","X614.jpg","","3"
"8003","Cooking Needs","Canned Food","Soup, Broth & Bouillon","Goya","Goya Ham Flavored Concentrate","","Goya Ham Flavored Concentrate","1.29","0.0","Market Basket","1.41 oz","1.41 oz","17232.jpg","","2"
"14810","Personal Care","Body Wash, Soap & Hair Care","Hair Care","TRESemme","TRESemme Tresemme","","TRESemme Tresemme","5.28","1.0","Market Basket","9 oz","9 oz","6552.jpg","","13"
"4419","Meat & Seafood","Hot Dogs, Bacon & Sausage","Hot Dogs","Cedar","Cedar Hommus","","Cedar Hommus","1.89","0.0","Market Basket","1 lb","1 lb","No Image.jpg","","1"
"30256","Frozen Food","Frozen Dinners & Entrees","Frozen Meal","Banquet","Banquet Lasagna with Meat Sauce","031000809249","Banquet Lasagna with Meat Sauce","1.56","0.0","Market Basket","9 oz","9 oz","X4019.jpg","","18"
"3696","Fresh Produce","Fresh Fruits","Other Special fruits","Market Basket","Red Plums","","Red Plums","1.28","0.0","Market Basket","1 count","1 count","14213.jpg","","20"
"14432","Breakfast & Dairy","Tea & Coffee","Coffee","Nescafe","Nescafe Taster's Choice Decaf House Blend Instant Coffee","","Nescafe Taster's Choice Decaf House Blend Instant Coffee","12.19","0.0","Market Basket","7 oz","7 oz","3397.jpg","","8"
"30024","Pasta & Sauces","Raw Pasta","Raw Pasta","Alessi","Alessi Organic Italian Pasta Rigatoni","071072001233","Alessi Organic Italian Pasta Rigatoni","4.11","0.0","Market Basket","16 oz","16 oz","X1560.jpg","","4"
"6202","Beverages & Juices","Soft Drinks & Seltzers","Soft Drinks","7 up","7 Up Lemon Lime Box of Cans","","7 Up Lemon Lime Box of Cans","6.86","0.0","Market Basket","12 x 12 fl oz","12 x 12 fl oz","No Image.jpg","","17"
"14704","Personal Care","Body Wash, Soap & Hair Care","Body Wash","Olay","Olay Sweet Peach Body Wash","","Olay Sweet Peach Body Wash","3.21","1.0","Market Basket","20 fl oz","20 fl oz","No Image.jpg","","13"
"33948","Breakfast & Dairy","Breads & Rolls","Bread","Pepperidge Farm","Pepperidge Farm Jewish Pumpernickle Dark Pump Bread","014100071198","Pepperidge Farm Jewish Pumpernickle Dark Pump Bread","4.99","0.0","Market Basket","16 oz","16 oz","X2515.jpg","","18"
"31281","Condiments & Dressings","Salad Dressings & Toppings","Salad Dressing & Toppings","Fanny  ","Fanny Original Italian Dressing Zesty Sandwich Topper Superb Marinade Gluten Free Only 1g Carbs Serving","077441000012","Fanny Original Italian Dressing Zesty Sandwich Topper Superb Marinade Gluten Free Only 1g Carbs Serving","3.74","0.0","Market Basket","16 fl oz","16 fl oz","X261.jpg","","2"
"7239","Cooking Needs","Spices & Seasonings","Spices & Seasonings","Litehouse","Litehouse Freeze Dried Spring Onion","","Litehouse Freeze Dried Spring Onion","4.09","0.0","Market Basket","6 g","6 g","2283.jpg","","9"
"34930","Cooking Needs","Rice & Grains","Instant Rice","Uncle Ben's","Uncle Ben's Ready Rice Basmati","054800344451","Uncle Ben's Ready Rice Basmati","2.5","0.0","Market Basket","8.5 oz","8.5 oz","X960.jpg","","4"
"9868","Frozen Food","Frozen Produce","Frozen Produce","Market Basket","Market Basket Frozen Mixed Vegetables","","Market Basket Frozen Mixed Vegetables","1.89","0.0","Market Basket","24 oz","24 oz","Market Basket.jpg","","19"
"15115","Personal Care","Personal Needs","Facial Care","Olay","Olay Gentle Clean Foaming Face Cleanser for Sensitive Skin, 6.7 oz","","Olay Gentle Clean Foaming Face Cleanser for Sensitive Skin, 6.7 oz","6.66","1.0","Market Basket","6.78 fl oz","6.78 fl oz","6255.jpg","","13"
"31291","Frozen Food","Frozen Dinners & Entrees","Frozen Appetizers & Sides","Farm Rich","Farm Rich BBQ Boneless Chicken Bites","041322378996","Farm Rich BBQ Boneless Chicken Bites","6.24","0.0","Market Basket","17 oz","17 oz","X4843.jpg","","19"
"6447","Beverages & Juices","Ginger Ale & Ginger Beer","Ginger Ale","Market Basket","Market Basket Ginger Ale","","Market Basket Ginger Ale","3.75","0.0","Market Basket","12 x 12 fl oz","12 x 12 fl oz","Market Basket.jpg","","17"
"15315","Personal Care","Vitamins & Proteins","Vitamins & Supplements","Centrum","Centrum SilverÂ® Multivitamin and Multimineral Supplement Tablets For Men 50 Above","","Centrum SilverÂ® Multivitamin and Multimineral Supplement Tablets For Men 50 Above","16.89","1.0","Market Basket","100 count","100 count","6705.jpg","","13"
"5516","Chips, Cookies & Snacks","Candy & Chocolates","Candy & Chocolate","M&M's","M&M's Peanut","","M&M's Peanut","3.69","0.0","Market Basket","12.6 oz","12.6 oz","1013.jpg","","3"
"32133","Breakfast & Dairy","Cereal","Mini Cereal","Kellogg's ","Kellogg's Cocoa Krispies ","038000219528","Kellogg's Cocoa Krispies ","0.41","0.0","Market Basket","1.38 oz","1.38 oz","X3632.jpg","","5"
"7426","Cooking Needs","Canned Food","Canned & Jarred Vegetables","Del Monte","Del Monte Fresh Cut Golden Corn Sweet Cream Style","","Del Monte Fresh Cut Golden Corn Sweet Cream Style","1.09","0.0","Market Basket","14.75 oz","14.75 oz","5029.jpg","","9"
"440","Kitchen & Cleaning","Trash Bags & Liners","Tall Trash Bags","Glad","Glad Tall Kitchen Drawstring Trash Bags","","Glad Tall Kitchen Drawstring Trash Bags","14.69","1.0","Market Basket","90 count","90 count","4668.jpg","","12"
"5452","Chips, Cookies & Snacks","Candy & Chocolates","Candy & Chocolate","Hershey's","Hershey's Chocolate Mix, Assortment, Bag","","Hershey's Chocolate Mix, Assortment, Bag","12.19","0.0","Market Basket","40 Oz","40 Oz","983.jpg","","3"
"6227","Beverages & Juices","Water","Sparkling Water","Adirondack","Adirondack Lemon Lime Sparkling Water","","Adirondack Lemon Lime Sparkling Water","0.63","0.0","Market Basket","1 L","1 L","No Image.jpg","","11"
"6683","Beverages & Juices","Juices & Refrigerated Drinks","Refrigerated Drinks","Turkey Hill","TURKEY HILL Iced Tea Lemon Flavored","","","1.88","0.0","Market Basket","64","64","X859.jpg","","1"
"4549","Meat & Seafood","Lunch Meat","Other Meat","Market Basket","Market Basket Shaved Pastrami","","Market Basket Shaved Pastrami","10.99","0.0","Market Basket","16 oz","16 oz","Market Basket.jpg","","22"
"30163","Meat & Seafood","Packaged Meat & Seafood","Meatballs","Applegate","Applegate Well Carved Organic Mediterranean Style Meatballs","025317610025","Applegate Well Carved Organic Mediterranean Style Meatballs","8.11","0.0","Market Basket","10 oz","10 oz","X28.jpg","","1"
"35025","Cooking Needs","Rice & Grains","Grains, Rice & Dried Goods","Vigo","Vigo Saffron Yellow Rice Arraz Camarillo ","071072013038","Vigo Saffron Yellow Rice Arraz Camarillo ","1.56","0.0","Market Basket","10 oz","10 oz","X1110.jpg","","4"
"30415","Breakfast & Dairy","Pancake & Waffle Mix","Pancake & Waffle Mix","Betty Crocker","Betty Cracker Original Bisquick Pancake & Baking Mix ","016000420403","Betty Cracker Original Bisquick Pancake & Baking Mix ","4.49","0.0","Market Basket","40 oz","40 oz","X5302.jpg","","3"
"30515","Breakfast & Dairy","Granola & Oats","Oats","Bob's Red Mill","Bob's Red Mill Quick Rolled Oats Whole Grain ","039978039521","Bob's Red Mill Quick Rolled Oats Whole Grain ","3.74","0.0","Market Basket","16 oz","16 oz","X5223.jpg","","3"
"33357","Cooking Needs","Canned Food","Canned Fruit & Applesauce","Mott's ","Mott's No Sugar Added Applesause Strawberry ","","Mott's No Sugar Added Applesause Strawberry ","3.13","0.0","Market Basket","12.7 oz","12.7 oz","X619.jpg","","3"
"15096","Personal Care","Personal Needs","Facial Care","Chapstick","Chapstick Chap Stick Skin Protectant Classic Cherry","","Chapstick Chap Stick Skin Protectant Classic Cherry","1.48","1.0","Market Basket","0.15 oz","0.15 oz","6272.jpg","","13"
"33529","Breakfast & Dairy","Granola & Oats","Cup Oatmeal","Nature's Path","Nature's Path Coconut Cashew","058449184027","Nature's Path Coconut Cashew","2.5","0.0","Market Basket","1.94 oz","1.94 oz","X3613.jpg","","5"
"3794","Fresh Produce","Fresh Organic Fruits","Tangerine","Market Basket","Organic Murcott Tangerine","","Organic Murcott Tangerine","6.99","0.0","Market Basket","32 oz bag","32 oz bag","14274.jpg","","20"
"4200","Meat & Seafood","Packaged Meat & Seafood","Chicken Breast","Market Basket","Chicken Breasts","","Chicken Breasts","8.19","0.0","Market Basket","24 oz","24 oz","Market Basket.jpg","","22"
"30750","Meat & Seafood","Packaged Meat & Seafood","Bacon","Butterball","Butterball Fully Cooked Turkey Bacon ","","Butterball Fully Cooked Turkey Bacon ","4.99","0.0","Market Basket","3 oz","3 oz","X4692.jpg","","1"
"9668","Frozen Food","Frozen Dessert","Frozen Dessert","Willow Tree","Willow Tree Poultry Farm Chicken Pie Premium White Meat Original Style","","Willow Tree Poultry Farm Chicken Pie Premium White Meat Original Style","10.69","0.0","Market Basket","26 oz","26 oz","15943.jpg","","18"
"8609","Condiments & Dressings","Pickled Goods & Olives","Pickled Goods & Olives","Goya","Goya Alcaparrado Manzanilla Olives Pimientos & Capers","","Goya Alcaparrado Manzanilla Olives Pimientos & Capers","2.69","0.0","Market Basket","10 oz","10 oz","1879.jpg","","7"
"32151","Frozen Food","Frozen Breakfast","Frozen Waffles","Kellogg's ","Kellogg's Eggo Thick & Fluffy Double & Fulffy ","038000185434","Kellogg's Eggo Thick & Fluffy Double & Fulffy ","3.36","0.0","Market Basket","11.6 oz","11.6 oz","X5018.jpg","","19"
"31545","Meat & Seafood","Packaged Meat & Seafood","Latkes","Golden ","Golden Potato Pancakes 8 Traditional Latkes ","","Golden Potato Pancakes 8 Traditional Latkes ","4.99","0.0","Market Basket","10.6 oz","10.6 oz","X4737.jpg","","1"
"7273","Cooking Needs","Spices & Seasonings","Spices & Seasonings","McCormick","McCormick Garlic Powder","","McCormick Garlic Powder","3.69","0.0","Market Basket","3.12 oz","3.12 oz","2128.jpg","","9"
"33390","Condiments & Dressings","Pickled Goods & Olives","Dill Spears","Mt. Olive","Mt.Olive Kosher Dill Spears Make a Wish Snice 1926 ","009300000802","Mt.Olive Kosher Dill Spears Make a Wish Snice 1926 ","2.74","0.0","Market Basket","24 fl oz","24 fl oz","X3300.jpg","","2"
"8076","Cooking Needs","Canned Food","Soup, Broth & Bouillon","Nissin","Nissin Teriyaki Chicken Noodles","","Nissin Teriyaki Chicken Noodles","1.29","0.0","Market Basket","4 oz","4 oz","17179.jpg","","9"
"14720","Personal Care","Body Wash, Soap & Hair Care","Hair Care","Aussie","Aussie Mega Hairspray Flexible Hold","","Aussie Mega Hairspray Flexible Hold","5.62","1.0","Market Basket","14 oz","14 oz","17820.jpg","","13"
"30234","Beverages & Juices","Energy & Sports Drinks","Energy & Sports Drinks","Bai","Bai Super Tea Tanzania Lemon","813694004303","Bai Super Tea Tanzania Lemon","2.5","0.0","Market Basket","18 fl oz","18 fl oz","X2732.jpg","","10"
"9366","Frozen Food","Frozen Dessert","Frozen Dessert","Sara Lee","Sara Lee Pound Cake All Butter","","Sara Lee Pound Cake All Butter","4.09","0.0","Market Basket","10.75 oz","10.75 oz","2977.jpg","","19"
"30572","Cooking Needs","Rice & Grains","Grains, Rice & Dried Goods","Bob's Red Mill","Bob's Red Mill Organic Farro Good Source of Fiber Non GMo ","039978118608","Bob's Red Mill Organic Farro Good Source of Fiber Non GMo ","6.24","0.0","Market Basket","24 oz","24 oz","X5280.jpg","","3"
"14911","Personal Care","Feminine Care","Tampon","Tampax","Tampax Cardboard Tampons Super Unscented","","Tampax Cardboard Tampons Super Unscented","4.82","1.0","Market Basket","20 count","20 count","6503.jpg","","13"
"33983","Breakfast & Dairy","Breads & Rolls","Buns","Pepperidge Farm","Pepperidge Farm 8 100% Whole Wheat Hamburger Buns","014100087861","Pepperidge Farm 8 100% Whole Wheat Hamburger Buns","4.36","0.0","Market Basket","14.5 oz","14.5 oz","X2499.jpg","","18"
"13315","Breakfast & Dairy","Dairy & Eggs","Butter","Smart Balance","Smart Balance Light with Extra Virgin Olive Oil Buttery Spread","","Smart Balance Light with Extra Virgin Olive Oil Buttery Spread","3.09","0.0","Market Basket","15 oz","15 oz","641.jpg","","1"
"8073","Cooking Needs","Canned Food","Soup, Broth & Bouillon","Nissin","Nissin Cup Noodles Beef Flavor","","Nissin Cup Noodles Beef Flavor","2.49","0.0","Market Basket","6 x 2.25 oz","6 x 2.25 oz","17218.jpg","","2"
"32080","Breakfast & Dairy","Bars & Pastries","Breakfast Bars","Kellogg's ","Kellogg's NutriGrain Soft Baked Breakfast Bars Apple Cinnamon","038000356001","Kellogg's NutriGrain Soft Baked Breakfast Bars Apple Cinnamon","3.75","0.0","Market Basket","8 x 1.3 oz","8 x 1.3 oz","X3935.jpg","","5"
"33857","Cooking Needs","Oils & Vinegars","Oils & Vinegars","Pastene","Pastene Garlic Oil Made With Extra Virgin Olive Oil","066086020707","Pastene Garlic Oil Made With Extra Virgin Olive Oil","5.61","0.0","Market Basket","8.45 fl oz","8.45 fl oz","X1956.jpg","","2"
"7627","Cooking Needs","Canned Food","Canned Fruit & Applesauce","Dole","Dole Crushed Pineapple in 100% Pineapple Juice","","Dole Crushed Pineapple in 100% Pineapple Juice","0.99","0.0","Market Basket","8 oz","8 oz","4936.jpg","","3"
"31947","Meat & Seafood","Packaged Meat & Seafood","Meatballs","Johnsonville","Johnsonville Italian Style Meatball ","","Johnsonville Italian Style Meatball ","8.74","0.0","Market Basket","24 oz","24 oz","X4698.jpg","","1"
"10167","Frozen Food","Ice Cream & Ice","Ice Cream & Ice","Market Basket","Market Basket Light Ice Cream Coffee Fudge","","Market Basket Light Ice Cream Coffee Fudge","2.49","0.0","Market Basket","1.75 quart","1.75 quart","Market Basket.jpg","","21"
"14875","Personal Care","Feminine Care","Anti-Itch care","Vagisil","Vagisil Anti-Itch Wipes Medicated","","Vagisil Anti-Itch Wipes Medicated","9.19","1.0","Market Basket","20 count","20 count","17806.jpg","","13"
"6594","Beverages & Juices","Juices & Refrigerated Drinks","Refrigerated Drinks","Foco","Foco Coconut Milk","","Foco Coconut Milk","1.89","0.0","Market Basket","14 fl oz","14 fl oz","16539.jpg","","7"
"7820","Cooking Needs","Canned Food","Canned Meat & Seafood","Bumble Bee","Bumble Bee Minced Clams in Clam Juice","","Bumble Bee Minced Clams in Clam Juice","1.49","0.0","Market Basket","6.5 oz","6.5 oz","5193.jpg","","2"
"563","Laundry & Paper Goods","Laundry","Laundry Detergent","Era","Era OXIBooster Detergent","","Era OXIBooster Detergent","14.99","1.0","Market Basket","50 fl oz","50 fl oz","No Image.jpg","","15"
"31799","Pasta & Sauces","Instant Pasta","Instant Pasta","Hormel","Hormel Dinty Moore Beef Stew","037600215831","Hormel Dinty Moore Beef Stew","2.74","0.0","Market Basket","20 oz","20 oz","X1239.jpg","","4"
"34146","Pasta & Sauces","Pasta Sauce","Pasta Sauce","Prego","Prego Italian Sauce Three Cheese","051000050434","Prego Italian Sauce Three Cheese","2.5","0.0","Market Basket","24 oz","24 oz","X1440.jpg","","4"
"9849","Frozen Food","Frozen Produce","Frozen Produce","Market Basket","Market Basket Cut Corn","","Market Basket Cut Corn","1.89","0.0","Market Basket","16 oz","16 oz","Market Basket.jpg","","19"
"33679","Beverages & Juices","Juices & Refrigerated Drinks","Juice & Nectars","Ocean Spray","Ocean Spray Cran Pomegranate Juice Drink from Concentrate","031200203106","Ocean Spray Cran Pomegranate Juice Drink from Concentrate","5.36","0.0","Market Basket","3 L","3 L","X2845.jpg","","10"
"3658","Fresh Produce","Fresh Fruits","Grapes","Market Basket","Bag of Red Grapes","","Bag of Red Grapes","6.49","0.0","Market Basket","2 lb bag","2 lb bag","14248.jpg","","20"
"10274","Frozen Food","Ice Cream & Ice","Ice Cream & Ice","Yasso","Yasso Frozen Greek Yogurt, Mint Chocolate Chip Bars","","Yasso Frozen Greek Yogurt, Mint Chocolate Chip Bars","4.89","0.0","Market Basket","4 x 3.5 fl oz","4 x 3.5 fl oz","16076.jpg","","21"
"34816","Meat & Seafood","Packaged Meat & Seafood","Sausage","The Alpha ","The Alpha Crumble Plant-Based Meatless Sausage ","","The Alpha Crumble Plant-Based Meatless Sausage ","6.24","0.0","Market Basket","8 oz","8 oz","X4757.jpg","","1"
"6691","Beverages & Juices","Juices & Refrigerated Drinks","Refrigerated Drinks","Welch's","Welch's Mango Twist Flavored Fruit Juice Cocktail Blend","","Welch's Mango Twist Flavored Fruit Juice Cocktail Blend","2.99","0.0","Market Basket","59 fl oz","59 fl oz","3862.jpg","","1"
"13638","Breakfast & Dairy","Dairy & Eggs","Packaged Cheese","Cabot","Cabot Sharp Cheddar Cheese Slices","","Cabot Sharp Cheddar Cheese Slices","5.49","0.0","Market Basket","10 x 8 oz","10 x 8 oz","179.jpg","","1"
"31314","Breakfast & Dairy","Bars & Pastries","Protien Bars","Fiber One","Fiber One Protein Bars Strawberries & Cream","016000140899","Fiber One Protein Bars Strawberries & Cream","4.36","0.0","Market Basket","5 x 0.96 oz","5 x 0.96 oz","X3846.jpg","","5"
"12967","Breakfast & Dairy","Breads & Rolls","Tortillas & Flat Bread","Joseph's","Joseph's Pita Bread Flax Oat Bran & Whole Wheat","","Joseph's Pita Bread Flax Oat Bran & Whole Wheat","3.69","0.0","Market Basket","8 oz","8 oz","4797.jpg","","7"
"4437","Meat & Seafood","Hot Dogs, Bacon & Sausage","Hot Dogs","Meisterchef","Meisterchef Bologna","","Meisterchef Bologna","2.79","0.0","Market Basket","1 lb","1 lb","No Image.jpg","","1"
"31093","Breakfast & Dairy","Dairy & Eggs","Yogurt","Dannon","Dannon Light & Fit Original Strawberry Banana Naturally & Artifically Flavored 4 Pack ","","Dannon Light & Fit Original Strawberry Banana Naturally & Artifically Flavored 4 Pack ","2.11","0.0","Market Basket","4 x 5.3 oz","4 x 5.3 oz","X195.jpg","","1"
"13539","Breakfast & Dairy","Dairy & Eggs","Milk","TruMoo","TruMoo / BooStruck 1% Lowfat Milk Chocolate","","TruMoo / BooStruck 1% Lowfat Milk Chocolate","4.36","0.0","Market Basket","0.5 gal","0.5 gal","14727.jpg","","1"
"9050","Condiments & Dressings","Preserved Dips & Spreads","Spreads","Smucker's","Smucker's Red Raspberry Preserves","","Smucker's Red Raspberry Preserves","4.29","0.0","Market Basket","18 oz","18 oz","1619.jpg","","3"
"34913","Breakfast & Dairy","Dairy & Eggs","Yogurt","Two Good","Two Good 2G Sugar Blueberry Flavored Greek Yogurt ","","Two Good 2G Sugar Blueberry Flavored Greek Yogurt ","1.25","0.0","Market Basket","5.3 oz","5.3 oz","X866.jpg","","1"
"7611","Cooking Needs","Canned Food","Canned Fruit & Applesauce","Del Monte","Del Monte Cherry Mixed Fruit in Cherry Flavored 100% Juice Plastic Fruit Cup Snacks","","Del Monte Cherry Mixed Fruit in Cherry Flavored 100% Juice Plastic Fruit Cup Snacks","2.49","0.0","Market Basket","4 oz","4 oz","4918.jpg","","3"
"30229","Cooking Needs","Canned Food","Baked Beans","B&M","B&M Brick Oven Baked Brown Bread Original Baked","","B&M Brick Oven Baked Brown Bread Original Baked","3.13","0.0","Market Basket","16 oz","16 oz","X1844.jpg","","2"
"33164","Condiments & Dressings","Salad Dressings & Toppings","Salad Dressing & Toppings","Market Basket ","Market Basket Great with Streak Deluxe French Dressing","049705015681","Market Basket Great with Streak Deluxe French Dressing","2.24","0.0","Market Basket","16 fl oz","16 fl oz","X606.jpg","","2"
"5983","Beverages & Juices","Cocoa & Drink Mixes","Cocoa & Drink Mixes","Master of Mixes","Master of Mixes Lite Margarita Mixer","","Master of Mixes Lite Margarita Mixer","7.49","0.0","Market Basket","1.75 L","1.75 L","No Image.jpg","","17"
"32790","Chips, Cookies & Snacks","Candy & Chocolates","Candy & Chocolate","Market Basket","Premium Milk Chocolate Peanut Butter ","","Premium Milk Chocolate Peanut Butter ","0.63","0.0","Market Basket","1.75 oz","1.75 oz","X506.jpg","","3"
"300","Kitchen & Cleaning","Food Storage & Kitchen Supplies","Multi Purpose Pans","Hefty","EZ Foil By Hefty Pans Multi-Purpose - 2 CT","","EZ Foil By Hefty Pans Multi-Purpose - 2 CT","7.39","1.0","Market Basket","2 count","2 count","16864.jpg","","12"
"13685","Breakfast & Dairy","Dairy & Eggs","Packaged Cheese","Galbani","Galbani Colby Jack Cheese Sticks","","Galbani Colby Jack Cheese Sticks","3.09","0.0","Market Basket","0.83 oz","0.83 oz","150.jpg","","1"
"35167","Condiments & Dressings","Pickled Goods & Olives","Relish","Woodstock ","Woodstrok Sweet Organic Relish ","042563013639","Woodstrok Sweet Organic Relish ","5.99","0.0","Market Basket","20 oz","20 oz","X2216.jpg","","2"
"8102","Cooking Needs","Canned Food","Soup, Broth & Bouillon","Progresso","Progresso Light, Chicken and Dumpling Soup","","Progresso Light, Chicken and Dumpling Soup","2.79","0.0","Market Basket","18.5 oz","18.5 oz","5295.jpg","","2"
"35322","Richardson's Farm Ice Cream","Ice Cream","Coffee","Richarson's Farm","Richarson's Farm Coffee Ice Cream Low Fat No Sugar Added 95% Fat Free","","95% Fat Free Made with Coffee","7.99","0.0","Richardson's Farm","1-2 Gal. Container","1-2 Gal. Container","RichardsonsFarm.jpg","",""
"34303","Pasta & Sauces","Pasta Sauce","Pasta Sauce","Ragu","Ragu Old World Style Sauce Traditional with Olive Oil","036200014011","Ragu Old World Style Sauce Traditional with Olive Oil","3.74","0.0","Market Basket","45 oz","45 oz","X1454.jpg","","4"
"6516","Chips, Cookies & Snacks","Nuts, Seeds & Dried Fruit","Nuts, Seeds & Dried Fruit","Second Nature","Second Nature Wholesome Medley","","Second Nature Wholesome Medley","6.24","0.0","Market Basket","14 oz","14 oz","No Image.jpg","","6"
"32666","Meat & Seafood","Packaged Meat & Seafood","Meatballs","Mama Mancini's ","Mama Mancini's Italian Style Sauce And Beef Meatballs","","Mama Mancini's Italian Style Sauce And Beef Meatballs","6.86","0.0","Market Basket","16 oz","16 oz","X4658.jpg","","1"
"5651","Chips, Cookies & Snacks","Candy & Chocolates","Mint & Gum","Gum","5 Gum Spearmint Rain Sugarfree Gum","","5 Gum Spearmint Rain Sugarfree Gum","3.99","0.0","Market Basket","3 ct","3 ct","1510.jpg","","3"
"13548","Breakfast & Dairy","Dairy & Eggs","Other Creams & Cheeses","Cabot Creamery","Cabot Creamery Vermont Style No Fat Cottage Cheese With Vitamin D","","Cabot Creamery Vermont Style No Fat Cottage Cheese With Vitamin D","2.39","0.0","Market Basket","1 lb","1 lb","697.jpg","","1"
"30175","Beverages & Juices","Juices & Refrigerated Drinks","Juice & Nectars","AriZona","AriZona Fruit Punch","613008725754","AriZona Fruit Punch","1.25","0.0","Market Basket","20 fl oz","20 fl oz","X3051.jpg","","10"
"32738","Frozen Food","Frozen Dinners & Entrees","Frozen Meal","Marie Callender's","Marie Callender's Kansas City Style BBQ Sauce & Chicken ","021131001131","Marie Callender's Kansas City Style BBQ Sauce & Chicken ","3.13","0.0","Market Basket","11.5 oz","11.5 oz","X4043.jpg","","18"
"31534","Beverages & Juices","Tea, Coffee, Milk & Coconut Water","Tea","Gold Peak Tea","Gold Peak Tea Green Tea with real Sugar","049000068672","Gold Peak Tea Green Tea with real Sugar","6.24","0.0","Market Basket","6 x 16.9 fl oz","6 x 16.9 fl oz","X2941.jpg","","10"
"13867","Breakfast & Dairy","Dairy & Eggs","Soy & Lactose-Free","Blue Diamond Almond Breeze","Blue Diamond Almonds Blue Diamond Almond Breeze Original","","Blue Diamond Almonds Blue Diamond Almond Breeze Original","3.69","0.0","Market Basket","0.5 gal","0.5 gal","14801.jpg","","1"
"7807","Cooking Needs","Canned Food","Canned Meals & Beans","Progresso","Progresso Chick Peas, Ceci","","Progresso Chick Peas, Ceci","1.49","0.0","Market Basket","19 oz","19 oz","5178.jpg","","2"
"32170","Frozen Food","Frozen Breakfast","Frozen Waffles","Kellogg's ","Kellogg's Eggo Buttermilk","038000402906","Kellogg's Eggo Buttermilk","2.99","0.0","Market Basket","12.30 oz","12.30 oz","X5037.jpg","","19"
"34199","Beverages & Juices","Juices & Refrigerated Drinks","Refrigerated Drinks","Pure Leaf ","Pure Leaf LEMON FLAVORED WITH OTHER NATURAL FLAVORED PURE LEAF BREWED Real TEA NEVER FROM POWDER","","Pure Leaf LEMON FLAVORED WITH OTHER NATURAL FLAVORED PURE LEAF BREWED Real TEA NEVER FROM POWDER","2.5","0.0","Market Basket","59 fl oz","59 fl oz","X735.jpg","","1"
"3654","Fresh Produce","Fresh Fruits","Combo","Market Basket","Combo 3 Granny Smith 3 Red Delicious Apples 3 Oranges","","Combo 3 Granny Smith 3 Red Delicious Apples 3 Oranges","9.19","0.0","Market Basket","1 count","1 count","FP13.jpg","","20"
"6869","Cooking Needs","Baking & Cooking","Baking Ingredients","King Arthur Flour","King Arthur Flour All Purpose Flour Gluten Free","","King Arthur Flour All Purpose Flour Gluten Free","5.29","0.0","Market Basket","24 oz","24 oz","2327.jpg","","8"
"13825","Breakfast & Dairy","Dairy & Eggs","Refrigerated Pudding & Desserts","Jell-O","Jell O Ready to Eat Black Cherry Sugar Free Gelatin","","Jell O Ready to Eat Black Cherry Sugar Free Gelatin","2.19","0.0","Market Basket","4 x 3.125 oz","4 x 3.125 oz","797.jpg","","19"
"4078","Meat & Seafood","Meat & Seafood Counter","Beef","Market Basket","Market Basket Beef Chuck London Broil Shoulder Steak","","Market Basket Beef Chuck London Broil Shoulder Steak","6.32","0.0","Market Basket","Approx: 1.44 lb at $4.39/lb","Approx: 1.44 lb at $4.39/lb","Market Basket.jpg","","22"
"522","Laundry & Paper Goods","Laundry","Laundry Detergent","Arm & Hammer","Arm & Hammer Clean& Simple Laundry Detergent Crisp Clean","","Arm & Hammer Clean& Simple Laundry Detergent Crisp Clean","4.99","1.0","Market Basket","43.75 fl oz","43.75 fl oz","No Image.jpg","","15"
"30745","Cooking Needs","Canned Food","Baked Beans","Bush's ","Bush's Chili Magic Chili Started Texas Medium","","Bush's Chili Magic Chili Started Texas Medium","1.24","0.0","Market Basket","15 oz","15 oz","X1851.jpg","","2"
"30107","Frozen Food","Frozen Pasta","Frozen Pasta","Angy's","Angy's Cheese Tortellini","075662241030","Angy's Cheese Tortellini","4.99","0.0","Market Basket","24 oz","24 oz","X4353.jpg","","18"
"6472","Chips, Cookies & Snacks","Nuts, Seeds & Dried Fruit","Nuts, Seeds & Dried Fruit","Kars","Kars Sweet 'N Salty Mix","","Kars Sweet 'N Salty Mix","3.13","0.0","Market Basket","10 oz","10 oz","No Image.jpg","","6"
"30667","Breakfast & Dairy","Dairy & Eggs","Yogurt","Brekki ","Brekki Overnight Oats Ancient Grains Apple & Cinnamon ","","Brekki Overnight Oats Ancient Grains Apple & Cinnamon ","2.49","0.0","Market Basket","5.3 oz","5.3 oz","X67.jpg","","1"
"13604","Breakfast & Dairy","Dairy & Eggs","Other Creams & Cheeses","Market Basket","Tofutti Better Than Cream Cheese Imitation Cream Cheese Plain","","Tofutti Better Than Cream Cheese Imitation Cream Cheese Plain","4.89","0.0","Market Basket","8 oz","8 oz","14790.jpg","","1"
"30136","Pasta & Sauces","Instant Pasta","Instant Pasta","Annie's ","Annies Homegrown Shells & White Cheddar Macaroni & Cheese","013562000043","Annies Homegrown Shells & White Cheddar Macaroni & Cheese","1.88","0.0","Market Basket","6 oz","6 oz","X1225.jpg","","4"
"31711","Condiments & Dressings","Marinades, Ketchup & Sauces","Sauces","Hellmann's ","Hellmann's Est 1913 Spicy Dipping Sauce Sweet & Sweet & Spicy Kick ","048001010536","Hellmann's Est 1913 Spicy Dipping Sauce Sweet & Sweet & Spicy Kick ","0.63","0.0","Market Basket","8 oz","8 oz","X2186.jpg","","2"
"4111","Meat & Seafood","Meat & Seafood Counter","Chicken","Market Basket","Chicken Florentine","","Chicken Florentine","6.09","0.0","Market Basket","1 lb","1 lb","Market Basket.jpg","","22"
"5707","Breakfast & Dairy","Bars & Pastries","Protien Bars","Balance Bar","Balance Bar Nutrition Bar Mocha Chip","","Balance Bar Nutrition Bar Mocha Chip","1.29","0.0","Market Basket","1.76 oz","1.76 oz","15251.jpg","","3"
"9183","Frozen Food","Frozen Dinners & Entrees","Frozen Appetizers & Sides","Our Best","Our Best Sandwhich Size Meatballs","","Our Best Sandwhich Size Meatballs","6.69","0.0","Market Basket","32 oz","32 oz","Market Basket.jpg","","18"
"35243","Richardson's Farm Ice Cream","Ice Cream","Vanilla","Richarson's Farm","Richarson's Farm Vanilla Ice Cream 16% Butterfat","","Made with vanilla bean extract imported from Madagascar","32.99","0.0","Richardson's Farm","3 Gal. Tub","3 Gal. Tub","RichardsonsFarm.jpg","",""
"5468","Chips, Cookies & Snacks","Candy & Chocolates","Candy & Chocolate","Hershey's","Hershey's Nuggets Special Dark with Almonds Candy","","Hershey's Nuggets Special Dark with Almonds Candy","3.69","0.0","Market Basket","12 oz","12 oz","999.jpg","","3"
"30202","Breakfast & Dairy","Breads & Rolls","Buns","Arnold","Arnold New England 8 Hot Dog Buns","073410164006","Arnold New England 8 Hot Dog Buns","4.74","0.0","Market Basket","12 oz","12 oz","X2491.jpg","","18"
"6044","Beverages & Juices","Juices & Refrigerated Drinks","Juice & Nectars","Kool-Aid","Kool Aid Cherry","","Kool Aid Cherry","3.36","0.0","Market Basket","19 oz","19 oz","No Image.jpg","","17"
"31681","Meat & Seafood","Packaged Meat & Seafood","Ham","Healthy Ones ","Healthy Ones Deli Thin Sliced Black Forest Ham ","","Healthy Ones Deli Thin Sliced Black Forest Ham ","3.74","0.0","Market Basket","7 oz","7 oz","X4521.jpg","","1"
"31795","Cooking Needs","Canned Food","Baked Beans","Hormel","Hormel Chili Hot With Beans No Artificals Ingredients","","Hormel Chili Hot With Beans No Artificals Ingredients","2.88","0.0","Market Basket","15 oz","15 oz","X1846.jpg","","2"
"5174","Chips, Cookies & Snacks","Cookies & Crackers","Crackers","Dare","Dare Breton Original WIth Flax Gluten Free","","Dare Breton Original WIth Flax Gluten Free","3.13","0.0","Market Basket","4.76 oz","4.76 oz","No Image.jpg","","6"
"35241","Breakfast & Dairy","Breads & Rolls","Bagels","Zeppy","Zeppy Bagels Sesame","023698100135","Zeppy Bagels Sesame","3.74","0.0","Market Basket","20 oz","20 oz","X2636.jpg","","18"
"13299","Breakfast & Dairy","Dairy & Eggs","Butter","Kerrygold","Kerrygold Pure Irish Unsalted Butter Foil","","Kerrygold Pure Irish Unsalted Butter Foil","3.69","0.0","Market Basket","8 oz","8 oz","665.jpg","","1"
"4355","Meat & Seafood","Meat & Seafood Counter","Squid","Market Basket","Market Basket Squid Cleaned","","Market Basket Squid Cleaned","8.59","0.0","Market Basket","Approx: 1.00 lb at $8.59/lb","Approx: 1.00 lb at $8.59/lb","Market Basket.jpg","","22"
"14961","Personal Care","First Aid & Healthcare","First Aid","Lotrimin","Lotrimin Athlete's Foot 1% Clotrimazole Antifungal Cream","","Lotrimin Athlete's Foot 1% Clotrimazole Antifungal Cream","12.64","1.0","Market Basket","0.42 oz","0.42 oz","6538.jpg","","13"
"15078","Personal Care","Personal Needs","Eye & Ear Care","Re Nu","Re Nu Clean, Disinfects, Rinses and Stores Soft Contact Lenses","","Re Nu Clean, Disinfects, Rinses and Stores Soft Contact Lenses","6.77","1.0","Market Basket","4 fl oz","4 fl oz","17795.jpg","","13"
"6601","Beverages & Juices","Juices & Refrigerated Drinks","Refrigerated Drinks","KeVita","Kevita Master Brew Kombucha Ginger Drink","","Kevita Master Brew Kombucha Ginger Drink","3.69","0.0","Market Basket","15.2 oz","15.2 oz","16519.jpg","","20"
"4939","Chips, Cookies & Snacks","Chips & Fruit Snacks","Chips & Pretzels","Snyder's of Hanover","Snyder's of Hanover Pretzel Pieces, Hot Buffalo Wing","","Snyder's of Hanover Pretzel Pieces, Hot Buffalo Wing","3.91","0.0","Market Basket","12 oz","12 oz","905.jpg","","0"
"30339","Pasta & Sauces","Raw Pasta","Raw Pasta","Barilla","Barilla Pasta Ziti","076808280746","Barilla Pasta Ziti","1.74","0.0","Market Basket","1 lb","1 lb","X1643.jpg","","4"
"6062","Beverages & Juices","Soft Drinks & Seltzers","Soft Drinks","Barq's","Barq's Root Beer","","Barq's Root Beer","1.24","0.0","Market Basket","2 L","2 L","16633.jpg","","17"
"10224","Frozen Food","Ice Cream & Ice","Ice Cream & Ice","So Delicious","So Delicious Dairy Free Creamy Vanilla Soymilk Frozen Dessert","","So Delicious Dairy Free Creamy Vanilla Soymilk Frozen Dessert","5.29","0.0","Market Basket","32 fl oz","32 fl oz","16208.jpg","","21"
"30250","Meat & Seafood","Packaged Meat & Seafood","Hot Dogs & Franks","Ball Park ","Ball Park Beef Uncured Beef Franks ","","Ball Park Beef Uncured Beef Franks ","9.36","0.0","Market Basket","30 oz","30 oz","X4599.jpg","","1"
"14992","Personal Care","First Aid & Healthcare","Muscles, Joints & Pain Relief","Icy Hot","Icy Hot Pain Relieving Cream Extra Strength","","Icy Hot Pain Relieving Cream Extra Strength","5.28","1.0","Market Basket","1.25 oz","1.25 oz","6642.jpg","","13"
"33703","Meat & Seafood","Packaged Meat & Seafood","Hot Dogs & Franks","Old Neighborhood ","Old Neeighborhood Beef Franks ","","Old Neeighborhood Beef Franks ","4.61","0.0","Market Basket","14 oz","14 oz","X4561.jpg","","1"
"14161","Breakfast & Dairy","Dairy & Eggs","Yogurt","Light & Fit","Light & Fit Greek Strawberry Banana Nonfat Yogurt","","Light & Fit Greek Strawberry Banana Nonfat Yogurt","1.59","0.0","Market Basket","5.3 oz","5.3 oz","14690.jpg","","1"
"5122","Chips, Cookies & Snacks","Cookies & Crackers","Cookies & Cakes","Pepperidge Farm Milano","Pepperidge Farm Milano Double Dark Chocolate Cookies","","Pepperidge Farm Milano Double Dark Chocolate Cookies","4.69","0.0","Market Basket","7.5 oz","7.5 oz","1148.jpg","","6"
"4681","Meat & Seafood","Canned Meat & Seafood","Other Seafood","Roland","Roland Escargots Very Large Snails","","Roland Escargots Very Large Snails","4.89","0.0","Market Basket","7.75 oz","7.75 oz","5245.jpg","","2"
"5943","Beverages & Juices","Cocoa & Drink Mixes","Cocoa & Drink Mixes","Cocktail Artist","Cocktail Artist Margarita Premium Mix","","Cocktail Artist Margarita Premium Mix","6.24","0.0","Market Basket","1 L","1 L","No Image.jpg","","17"
"15003","Personal Care","First Aid & Healthcare","Muscles, Joints & Pain Relief","Topcare","TopCare Infants' Ibuprofen 50 Mg Pain Reliever / Fever Reducer (nsaid) Oral Suspension, Berry","","TopCare Infants' Ibuprofen 50 Mg Pain Reliever / Fever Reducer (nsaid) Oral Suspension, Berry","8.5","1.0","Market Basket","0.5 fl oz","0.5 fl oz","6637.jpg","","13"
"31406","Beverages & Juices","Energy & Sports Drinks","Energy & Sports Drinks","Gatorade","Gatorade Fierce Thirst Quencher Grape","052000326734","Gatorade Fierce Thirst Quencher Grape","1.25","0.0","Market Basket","32 fl oz","32 fl oz","X2653.jpg","","10"
"31432","Beverages & Juices","Energy & Sports Drinks","Energy & Sports Drinks","Gatorade","Gatorade Frost Thirst Quencher Glacier Cherry 6 pack","052000103106","Gatorade Frost Thirst Quencher Glacier Cherry 6 pack","5.36","0.0","Market Basket","6 x 12 fl oz","6 x 12 fl oz","X2679.jpg","","10"
"9141","Frozen Food","Frozen Dinners & Entrees","Frozen Appetizers & Sides","Market Basket","Market Basket 16 20 Per Pound Shell On Extra Jumbo Shrimp","","Market Basket 16 20 Per Pound Shell On Extra Jumbo Shrimp","12.19","0.0","Market Basket","16 oz","16 oz","Market Basket.jpg","","18"
"15173","Personal Care","Personal Needs","Oral Hygiene","Colgate","Colgate Total Advanced Deep Clean Anticavity Fluoride and Antigingivitis Toothpaste","","Colgate Total Advanced Deep Clean Anticavity Fluoride and Antigingivitis Toothpaste","4.93","1.0","Market Basket","5.8 oz","5.8 oz","6399.jpg","","13"
"31782","Breakfast & Dairy","Dairy & Eggs","Cottage Cheese","Hood","CaBOT NO FAT COTTAGE CHEESE","","CaBOT NO FAT COTTAGE CHEESE","2.49","0.0","Market Basket","1 lb","1 lb","X345.jpg","","1"
"10241","Frozen Food","Ice Cream & Ice","Ice Cream & Ice","Turkey Hill","Turkey Hill All Natural Chocolate Chip Ice Cream","","Turkey Hill All Natural Chocolate Chip Ice Cream","4.79","0.0","Market Basket","48 fl oz","48 fl oz","3122.jpg","","21"
"31401","Meat & Seafood","Packaged Meat & Seafood","Burger","Gardein","Gardein Classic Meatless Meatballs ","","Gardein Classic Meatless Meatballs ","5.61","0.0","Market Basket","12.7 oz","12.7 oz","X4764.jpg","","1"
"15276","Breakfast & Dairy","Bars & Pastries","Protien Bars","Atkins","Atkins Caramel Chocolate Peanut Nougat Bar","","Atkins Caramel Chocolate Peanut Nougat Bar","8.5","1.0","Market Basket","5 x 1.5 oz","5 x 1.5 oz","6730.jpg","","13"
"4932","Chips, Cookies & Snacks","Chips & Fruit Snacks","Chips & Pretzels","Snack Factory","Snack Factory Pretzel Crisps, Original, Party Size","","Snack Factory Pretzel Crisps, Original, Party Size","5.47","0.0","Market Basket","14 oz","14 oz","14841.jpg","","0"
"5124","Chips, Cookies & Snacks","Cookies & Crackers","Cookies & Cakes","Pepperidge Farm Milano","Pepperidge Farm Milano Double Dark Chocolate Cookies","","Pepperidge Farm Milano Double Dark Chocolate Cookies","4.69","0.0","Market Basket","7.5 oz","7.5 oz","1147.jpg","","6"
"14582","Beverages & Juices","Tea, Coffee, Milk & Coconut Water","Tea","Pure Leaf","Pure Leaf Raspberry Real Brewed Tea ","012000181702","Pure Leaf Raspberry Real Brewed Tea ","7.49","0.0","Market Basket","6 x 16.9 fl oz","6 x 16.9 fl oz","X2962.jpg","","10"
"13387","Breakfast & Dairy","Dairy & Eggs","Cream","Nestle","NestlÃÂ© Coffee Mate Natural Bliss Vanilla All Natural Liquid Coffee Creamer","","NestlÃÂ© Coffee Mate Natural Bliss Vanilla All Natural Liquid Coffee Creamer","2.99","0.0","Market Basket","16 fl oz","16 fl oz","535.jpg","","1"
"3895","Fresh Produce","Fresh Vegetables","Mushroom","Prima","Prima Oyster Mushrooms","","Prima Oyster Mushrooms","3.55","0.0","Market Basket","3.5 oz","3.5 oz","17930.jpg","","20"
"33561","Cooking Needs","Rice & Grains","Instant Rice","Near East ","Near East Rice Pilaf mix Original","072251001051","Near East Rice Pilaf mix Original","1.88","0.0","Market Basket","6.09 oz","6.09 oz","X1023.jpg","","4"
"34633","Breakfast & Dairy","Dairy & Eggs","Yogurt","Stonyfield","Stonyfield Organic Greek Plain 0% FAT Nonfat Yogurt ","","Stonyfield Organic Greek Plain 0% FAT Nonfat Yogurt ","7.49","0.0","Market Basket","32 oz","32 oz","X806.jpg","","1"
"34121","Beverages & Juices","Energy & Sports Drinks","Energy & Sports Drinks","Powerade","Powerade Zero Sugar Sports Drink Grape","049000079319","Powerade Zero Sugar Sports Drink Grape","1.1","0.0","Market Basket","28 fl oz","28 fl oz","X2702.jpg","","10"
"32798","Chips, Cookies & Snacks","Candy & Chocolates","Candy & Chocolate","Market Basket","Market Basket Gummy Worms","","Market Basket Gummy Worms","1.24","0.0","Market Basket","6 oz","6 oz","X514.jpg","","3"
"31625","Breakfast & Dairy","Dairy & Eggs","Yogurt","Green Valley ","Green Valley Lactose Free Creamery Organic Vanilla Lowfat Yogurt ","","Green Valley Lactose Free Creamery Organic Vanilla Lowfat Yogurt ","2.11","0.0","Market Basket","6 oz","6 oz","X313.jpg","","1"
"6426","Chips, Cookies & Snacks","Nuts, Seeds & Dried Fruit","Nuts, Seeds & Dried Fruit","Ocean Spray","Ocean Spray Craisins Cherry Juice Infused Dried Cranberries","","Ocean Spray Craisins Cherry Juice Infused Dried Cranberries","2.49","0.0","Market Basket","6 oz","6 oz","1416.jpg","","6"
"30416","Breakfast & Dairy","Pancake & Waffle Mix","Pancake & Waffle Mix","Betty Crocker","Betty Cracker Heart Smart Bisquick Pan Cake & Baking Mix ","016000421707","Betty Cracker Heart Smart Bisquick Pan Cake & Baking Mix ","4.49","0.0","Market Basket","40 oz","40 oz","X5303.jpg","","3"
"13703","Breakfast & Dairy","Dairy & Eggs","Packaged Cheese","Kraft","Kraft Natural Cheese Finely Shredded Triple Cheddar Cheese","","Kraft Natural Cheese Finely Shredded Triple Cheddar Cheese","3.29","0.0","Market Basket","8 oz","8 oz","123.jpg","","1"
"10180","Frozen Food","Ice Cream & Ice","Ice Cream & Ice","Northstar","Northstar Pops, Lotta Patriot","","Northstar Pops, Lotta Patriot","6.09","0.0","Market Basket","20 x 1.75 fl oz","20 x 1.75 fl oz","16211.jpg","","21"
"30784","Beverages & Juices","Juices & Refrigerated Drinks","Juice & Nectars","Campbells","Campbells Tomato juice","051000012937","Campbells Tomato juice","0.86","0.0","Market Basket","11.5 fl oz","11.5 fl oz","X3118.jpg","","10"
"3770","Fresh Produce","Fresh Herbs","Thyme","Infinite Herbs","Infinite Herbs Thyme","","Infinite Herbs Thyme","2.86","0.0","Market Basket","1 oz","1 oz","FP53.jpg","","20"
"32803","Chips, Cookies & Snacks","Candy & Chocolates","Candy & Chocolate","Market Basket","Market Basket Non Pareils ","","Market Basket Non Pareils ","3.13","0.0","Market Basket","9 oz","9 oz","X519.jpg","","3"
"9236","Frozen Food","Frozen Breakfast","Frozen Breakfast","Aunt Jemima","Aunt Jemima Homestyle Pancakes","","Aunt Jemima Homestyle Pancakes","2.49","0.0","Market Basket","12 count","12 count","2531.jpg","","20"
"34537","Richardson's Farm Ice Cream","Ice Cream Toppings","Ice Cream Toppings","Smucker's","Smucker's Sundea Syrup Caramel ","051500025123","Smucker's Sundea Syrup Caramel ","3.13","0.0","Market Basket","20 oz","20 oz","X5127.jpg","","20"
"34185","Beverages & Juices","Tea, Coffee, Milk & Coconut Water","Tea","Pure Leaf","Pure Leaf Sweet Tea Real Brewed Tea","012000286193","Pure Leaf Sweet Tea Real Brewed Tea","1.24","0.0","Market Basket","18.5 fl oz","18.5 fl oz","X2953.jpg","","10"
"33060","Breakfast & Dairy","Cereal","Cereal","Market Basket ","Market Basket Nutty Nuggets Wheat & Barley Cereal ","049705105337","Market Basket Nutty Nuggets Wheat & Barley Cereal ","3.13","0.0","Market Basket","20.5 oz","20.5 oz","X3327.jpg","","5"
"9833","Frozen Food","Frozen Produce","Frozen Produce","Market Basket","Market Basket Broccoli Cuts","","Market Basket Broccoli Cuts","2.49","0.0","Market Basket","32 oz","32 oz","Market Basket.jpg","","19"
"34624","Breakfast & Dairy","Dairy & Eggs","Yogurt","Stonyfield","Stonyfield Organic Kids 4 Cherry/4 Berry Pick Me Yogurt Drink","","Stonyfield Organic Kids 4 Cherry/4 Berry Pick Me Yogurt Drink","4.38","0.0","Market Basket","2 oz","2 oz","X797.jpg","","1"
"5422","Chips, Cookies & Snacks","Cookies & Crackers","Cookies & Cakes","Keebler","Keebler Fudge Stripes Mini Original","","Keebler Fudge Stripes Mini Original","1.56","0.0","Market Basket","3 oz","3 oz","No Image.jpg","","6"
"4105","Meat & Seafood","Meat & Seafood Counter","Catfish","Market Basket","Market Basket Catfish Fillets","","Market Basket Catfish Fillets","6.36","0.0","Market Basket","Approx: 0.74 lb at $8.59/lb","Approx: 0.74 lb at $8.59/lb","4068.jpg","","22"
"34210","Breakfast & Dairy","Granola & Oats","Granola","Purely Elizabeth","Purely Elizabeth Ancient Grain Granola Pumpkin Cinnamon ","855410002151","Purely Elizabeth Ancient Grain Granola Pumpkin Cinnamon ","7.49","0.0","Market Basket","12 oz","12 oz","X3758.jpg","","5"
"34586","Beverages & Juices","Tea, Coffee, Milk & Coconut Water","Tea","Snapple","Snapple Diet Lemon Tea","076183263761","Snapple Diet Lemon Tea","7.49","0.0","Market Basket","6 x 16 fl oz","6 x 16 fl oz","X3007.jpg","","10"
"14579","Breakfast & Dairy","Tea & Coffee","Tea","PG Tips","PG Tips Pyramid Bags Premium Black Tea","","PG Tips Pyramid Bags Premium Black Tea","12.59","0.0","Market Basket","80 count","80 count","16313.jpg","","8"
"9076","Condiments & Dressings","Preserved Dips & Spreads","Spreads","Trappist","Trappist Hot Pepper Jelly","","Trappist Hot Pepper Jelly","3.69","0.0","Market Basket","12 oz","12 oz","1663.jpg","","3"
"14927","Personal Care","First Aid & Healthcare","Cold, Flu & Allergy","Flonase","Flonase Decongestant Nasal Spray","","Flonase Decongestant Nasal Spray","19.65","1.0","Market Basket","60 count","60 count","6665.jpg","","13"
"33511","Breakfast & Dairy","Bars & Pastries","Pastries","Nature's Path","Nature's Path Frosted Lotta ChocoLotta","058449410140","Nature's Path Frosted Lotta ChocoLotta","4.36","0.0","Market Basket","11 oz","11 oz","X3519.jpg","","5"
"31831","Condiments & Dressings","Pickled Goods & Olives","Relish","Howard's ","Howard's Sweet Pepper Relish ","070305005062","Howard's Sweet Pepper Relish ","2.5","0.0","Market Basket","9.5 oz","9.5 oz","X2201.jpg","","2"
"5205","Chips, Cookies & Snacks","Cookies & Crackers","Crackers","Nabisco","Nabisco Premium Original Topped with Sea Salt Saltine Crackers Family Size","","Nabisco Premium Original Topped with Sea Salt Saltine Crackers Family Size","5.45","0.0","Market Basket","24 oz","24 oz","No Image.jpg","","6"
"14986","Personal Care","First Aid & Healthcare","Muscles, Joints & Pain Relief","Aleve","Aleve Pain Reliever Tablets","","Aleve Pain Reliever Tablets","14.02","1.0","Market Basket","100 count","100 count","6639.jpg","","13"
"33062","Breakfast & Dairy","Cereal","Cereal","Market Basket ","Market Basket Crispy Hexx Corn and rice ceral blended into crunchy piece","049705009963","Market Basket Crispy Hexx Corn and rice ceral blended into crunchy piece","3.13","0.0","Market Basket","12 oz","12 oz","X3329.jpg","","5"
"7868","Cooking Needs","Canned Food","Canned Meat & Seafood","Market Basket","Market Basket Hot Dog Buns","","Market Basket Hot Dog Buns","1.29","0.0","Market Basket","11.5 oz","11.5 oz","Market Basket.jpg","","18"
"5642","Chips, Cookies & Snacks","Candy & Chocolates","Mint & Gum","Eclipse","Eclipse Winterfrost Sugarfree Gum","","Eclipse Winterfrost Sugarfree Gum","3.09","0.0","Market Basket","3 x 54 ct","3 x 54 ct","1508.jpg","","3"
"33607","Condiments & Dressings","Salad Dressings & Toppings","Salad Dressing & Toppings","Newmen's Own","Newmen's Own Honey Apple Cider Dressing","020662005878","Newmen's Own Honey Apple Cider Dressing","4.11","0.0","Market Basket","16 fl oz","16 fl oz","X656.jpg","","2"
"35051","Condiments & Dressings","Pickled Goods & Olives","Dill Spears","Vlasic","Vlasic Kosher Dill Spears Purely Pickles ","054100000637","Vlasic Kosher Dill Spears Purely Pickles ","2.5","0.0","Market Basket","24 fl oz","24 fl oz","X3292.jpg","","2"
"35185","Chips, Cookies & Snacks","Candy & Chocolates","Candy & Chocolate","Wrigley's ","Wrigley's Spearmint ","","Wrigley's Spearmint ","3.13","0.0","Market Basket","3 oz","3 oz","X923.jpg","","3"
"4376","Meat & Seafood","Meat & Seafood Counter","Turkey Breast","Thin 'n Trim","Thin 'n Trim Thinly Sliced Smoked Turkey Breast","","Thin 'n Trim Thinly Sliced Smoked Turkey Breast","4.39","0.0","Market Basket","1 lb","1 lb","No Image.jpg","","22"
"13489","Breakfast & Dairy","Dairy & Eggs","Milk","Market Basket","Market Basket 1% Lowfat Milk","","Market Basket 1% Lowfat Milk","3.24","0.0","Market Basket","1 gal","1 gal","Market Basket.jpg","","1"
"6866","Cooking Needs","Baking & Cooking","Baking Ingredients","Joy","Baker's Joy The Original No Stick W/Flour Baking Spray","","Baker's Joy The Original No Stick W/Flour Baking Spray","3.09","0.0","Market Basket","5 oz","5 oz","15732.jpg","","2"
"9885","Frozen Food","Frozen Produce","Frozen Produce","Market Basket","Market Basket Sweet Peas","","Market Basket Sweet Peas","1.29","0.0","Market Basket","16 oz","16 oz","Market Basket.jpg","","19"
"30368","Cooking Needs","Baking & Cooking","Stuffing Mix","Bell's","MADE WITH GENUINE BELL'S ALL NATURAL THE WILLIAM G.BELL SINCE CO 1867","","MADE WITH GENUINE BELL'S ALL NATURAL THE WILLIAM G.BELL SINCE CO 1867","3.75","0.0","Market Basket","14 oz","14 oz","X46.jpg","","1"
"34145","Pasta & Sauces","Pasta Sauce","Pasta Sauce","Prego","Prego Italian Sauce Fresh Mushroom","051000027962","Prego Italian Sauce Fresh Mushroom","2.5","0.0","Market Basket","24 oz","24 oz","X1439.jpg","","4"
"13346","Breakfast & Dairy","Dairy & Eggs","Cream","Garelick Farms","Garelick Farms DairyPure Half & Half","","Garelick Farms DairyPure Half & Half","1.89","0.0","Market Basket","16 fl oz","16 fl oz","589.jpg","","1"
"14892","Personal Care","Feminine Care","Menstrual Pads","Stayfree","Stayfree Maxi Long Pads with Wings, Unscented, Super","","Stayfree Maxi Long Pads with Wings, Unscented, Super","5.62","1.0","Market Basket","16 count","16 count","17805.jpg","","13"
"32090","Breakfast & Dairy","Bars & Pastries","Breakfast Bars","Kellogg's ","Kellogg's Special K Pastry Crisps Strawberries","038000167782","Kellogg's Special K Pastry Crisps Strawberries","3.13","0.0","Market Basket","6 x 0.88 oz","6 x 0.88 oz","X3945.jpg","","5"
"8299","Condiments & Dressings","Fresh Dips & Tapenades","Fresh Dips & Tapenades","Cedar","Cedar Fresh Bruschetta","","Cedar Fresh Bruschetta","3.09","0.0","Market Basket","16 oz","16 oz","5511.jpg","","20"
"31541","Condiments & Dressings","Salad Dressings & Toppings","Dressing Mix","Gold Seasons","Gold Seasons Balsamic Dressing & Recipe Mix","","Gold Seasons Balsamic Dressing & Recipe Mix","1.86","0.0","Market Basket","0.7 oz","0.7 oz","X1743.jpg","","2"
"31272","Breakfast & Dairy","Dairy & Eggs","Yogurt","Fage ","Fage Total 2% Milkfat with Honey ","","Fage Total 2% Milkfat with Honey ","1.25","0.0","Market Basket","5.3 oz","5.3 oz","X255.jpg","","1"
"32631","Cooking Needs","Rice & Grains","Grains, Rice & Dried Goods","Lundberg Family Farms","LundBerg Traditional Italian Risotto Garlic Primavera Gluten Free Sustainable","073416020047","LundBerg Traditional Italian Risotto Garlic Primavera Gluten Free Sustainable","3.75","0.0","Market Basket","5.5 oz","5.5 oz","X1068.jpg","","4"
"6069","Beverages & Juices","Ginger Ale & Ginger Beer","Ginger Ale","Canada Dry","Canada Dry Ginger Ale","","Canada Dry Ginger Ale","5.63","0.0","Market Basket","8 x 12 fl oz","8 x 12 fl oz","16576.jpg","","17"
"30292","Breakfast & Dairy","Cereal","Cereal","Barbaras","Barbaras Honey Rice Puffins","070617206089","Barbaras Honey Rice Puffins","4.99","0.0","Market Basket","10 oz","10 oz","X3644.jpg","","5"
"30731","Cooking Needs","Canned Food","Baked Beans","Bush's","Bush's Best Since 1908 Homestyle Brown Sugar Hickory Baked Beans Good Source of Fiber","","Bush's Best Since 1908 Homestyle Brown Sugar Hickory Baked Beans Good Source of Fiber","2.88","0.0","Market Basket","16 oz","16 oz","X1826.jpg","","2"
"31827","Condiments & Dressings","Marinades, Ketchup & Sauces","Sauce","House Of Tsang ","House Of Tsang Dipping Ginger Sriracha Souce ","075050448867","House Of Tsang Dipping Ginger Sriracha Souce ","4.99","0.0","Market Basket","11 oz","11 oz","X5318.jpg","","3"
"14731","Personal Care","Body Wash, Soap & Hair Care","Hair Care","Garnier","Garnier Fructis For Frizzy, Dry, Unmanageable Hair Sleek & Shine Shampoo","","Garnier Fructis For Frizzy, Dry, Unmanageable Hair Sleek & Shine Shampoo","4.93","1.0","Market Basket","13 fl oz","13 fl oz","6608.jpg","","13"
"5278","Chips, Cookies & Snacks","Chips & Fruit Snacks","Chips & Pretzels","Market Basket","Market Basket Wavy Potato Chips","","Market Basket Wavy Potato Chips","3.13","0.0","Market Basket","10 oz","10 oz","Market Basket.jpg","","0"
"7188","Cooking Needs","Spices & Seasonings","Spices & Seasonings","Badia","Badia Cumin Ground","","Badia Cumin Ground","3.23","0.0","Market Basket","7 oz","7 oz","2230.jpg","","9"
"4347","Meat & Seafood","Meat & Seafood Counter","Scallops","Market Basket","Market Basket Mexican Bay Scallops","","Market Basket Mexican Bay Scallops","10.99","0.0","Market Basket","Approx: 1.01 lb at $10.9/lb","Approx: 1.01 lb at $10.9/lb","Market Basket.jpg","","22"
"31506","Chips, Cookies & Snacks","Candy & Chocolates","Candy & Chocolate","Ghirardelli","Ghirardelli chocolate Milk Chocolate Caramel luscious Filling ","","Ghirardelli chocolate Milk Chocolate Caramel luscious Filling ","3.13","0.0","Market Basket","3.5 oz","3.5 oz","X292.jpg","","3"
"6186","Beverages & Juices","Ginger Ale & Ginger Beer","Ginger Ale","Schweppes","Schweppes Ginger Ale","","Schweppes Ginger Ale","2.5","0.0","Market Basket","2 L","2 L","3969.jpg","","17"
"6396","Beverages & Juices","Soft Drinks & Seltzers","Seltzer","Polar","Polar Seltzer Mango Limeade","","Polar Seltzer Mango Limeade","4.18","0.0","Market Basket","8 x 12 fl oz","8 x 12 fl oz","No Image.jpg","","11"
"32882","Breakfast & Dairy","Breads & Rolls","Rolls","Market Basket","Market Basket 8 Sliced Hamburg Rolls","049705811122","Market Basket 8 Sliced Hamburg Rolls","1.61","0.0","Market Basket","11.5 oz","11.5 oz","X2367.jpg","","18"
"14870","Personal Care","Personal Needs","Family Planning","First Response","First Response Early Result Pregnancy Test","","First Response Early Result Pregnancy Test","19.31","1.0","Market Basket","2 count","2 count","6752.jpg","","13"
"33286","Frozen Food","Frozen Dinners & Entrees","Frozen Meal","Michael Angelo's","Michael Angelo's Baked Ziti with Meatballs","037363982339","Michael Angelo's Baked Ziti with Meatballs","3.74","0.0","Market Basket","11 oz","11 oz","X4140.jpg","","18"
"7062","Cooking Needs","Oils & Vinegars","Oils & Vinegars","Calfornia Olive Ranch","California Olive Ranch Destination Series Everyday Extra Virgin Olive Oil","","California Olive Ranch Destination Series Everyday Extra Virgin Olive Oil","9.79","0.0","Market Basket","16.9 fl oz","16.9 fl oz","15514.jpg","","2"
"35323","Richardson's Farm Ice Cream","Ice Cream","Black Raspberry","Richarson's Farm","Richarson's Farm Balck Raspberry Ice Cream Low Fat No Sugar Added 95% Fat Free","","95% Fat Free Black raspberry ice cream with berries","7.99","0.0","Richardson's Farm","1-2 Gal. Container","1-2 Gal. Container","RichardsonsFarm.jpg","",""
"30707","Pasta & Sauces","Pasta Sauce","Pasta Sauce","Buitoni ","Buitoni Marinara Sauce","","Buitoni Marinara Sauce","3.13","0.0","Market Basket","15 oz","15 oz","X4663.jpg","","1"
"31012","Cooking Needs","Canned Food","Tomato Sauce","Contadina","Contadina Roma Tomatoes Sauce","024000343561","Contadina Roma Tomatoes Sauce","2.11","0.0","Market Basket","29 oz","29 oz","X1282.jpg","","4"
"35066","Condiments & Dressings","Marinades, Ketchup & Sauces","Marinades & Meat Preparation","Walden Farms ","Walden Farms Thick & Spicy Barbecue Sauce ","026825090057","Walden Farms Thick & Spicy Barbecue Sauce ","3.13","0.0","Market Basket","16 fl oz","16 fl oz","X2052.jpg","","2"
"32973","Cooking Needs","Canned Food","Canned Tomatoes","Market Basket","Market Basket select Stewed Tomatoes in Tomato Juice","049705096826","Market Basket select Stewed Tomatoes in Tomato Juice","1.49","0.0","Market Basket","28 oz","28 oz","X1387.jpg","","4"
"32730","Cooking Needs","Oils & Vinegars","Oils & Vinegars","Marconi ","Marconi Extra Virgin Olive Oil Imported ","072071136551","Marconi Extra Virgin Olive Oil Imported ","7.49","0.0","Market Basket","51 fl oz","51 fl oz","X2011.jpg","","2"
"9804","Frozen Food","Frozen Produce","Frozen Produce","Birds Eye","Birds Eye Fresh Frozen Select Classic Mixed Vegetables","","Birds Eye Fresh Frozen Select Classic Mixed Vegetables","1.69","0.0","Market Basket","16 oz","16 oz","2417.jpg","","19"
"33712","Cooking Needs","Oils & Vinegars","Oils & Vinegars","Olivari ","Olivari Classic Olive Oil Cooking & Baking Passion in Every Drop ","041618500377","Olivari Classic Olive Oil Cooking & Baking Passion in Every Drop ","6.24","0.0","Market Basket","50.7 fl oz","50.7 fl oz","X1998.jpg","","2"
"6300","Beverages & Juices","Water","Water","Poland Spring","Poland Spring Natural Spring Water","","Poland Spring Natural Spring Water","1.49","0.0","Market Basket","1 L","1 L","3233.jpg","","11"
"33197","Frozen Food","Frozen Breakfast","Frozen Waffles","Market Basket ","Market Basket Blueberry Waffles ","049705711491","Market Basket Blueberry Waffles ","1.99","0.0","Market Basket","10.93 oz","10.93 oz","X5048.jpg","","19"
"32575","Chips, Cookies & Snacks","Candy & Chocolates","Candy & Chocolate","Lily's ","Lily's Extra Dark Extra Dark Chocolate 70% Cocoa ~ Stevia Sweetened","","Lily's Extra Dark Extra Dark Chocolate 70% Cocoa ~ Stevia Sweetened","3.74","0.0","Market Basket","2.8 oz","2.8 oz","X476.jpg","","3"
"35016","Cooking Needs","Canned Food","Canned Fruit & Applesauce","Vermont Village","Vermont Village Organic Unsweetened Apple Sauce With Peaches","","Vermont Village Organic Unsweetened Apple Sauce With Peaches","4.36","0.0","Market Basket","16 oz","16 oz","X884.jpg","","3"
"7459","Cooking Needs","Canned Food","Canned & Jarred Vegetables","Goya","Goya Whole Tomatillos","","Goya Whole Tomatillos","2.69","0.0","Market Basket","26 oz","26 oz","No Image.jpg","","9"
"31671","Frozen Food","Frozen Dinners & Entrees","Frozen Meal","Healthy Choice","Healthy Choice Power Bowls Italian Chicken Sausage & Peppers","072655001824","Healthy Choice Power Bowls Italian Chicken Sausage & Peppers","4.36","0.0","Market Basket","9.25 oz","9.25 oz","X4085.jpg","","18"
"9878","Frozen Food","Frozen Produce","Frozen Produce","Market Basket","Market Basket Quick And Steamy California Blend","","Market Basket Quick And Steamy California Blend","1.29","0.0","Market Basket","12 oz","12 oz","Market Basket.jpg","","19"
"8730","Condiments & Dressings","Preserved Dips & Spreads","Preserved Dips & Salsa","Fritos","Fritos Bean Original Flavor Dip","","Fritos Bean Original Flavor Dip","3.69","0.0","Market Basket","9 oz","9 oz","2010.jpg","","1"
"7626","Cooking Needs","Canned Food","Canned Fruit & Applesauce","Dole","Dole Crushed Pineapple in 100% Pineapple Juice","","Dole Crushed Pineapple in 100% Pineapple Juice","1.89","0.0","Market Basket","20 oz","20 oz","4935.jpg","","3"
"7819","Cooking Needs","Canned Food","Canned Meat & Seafood","Bumble Bee","Bumble Bee Fancy Whole Baby Clams","","Bumble Bee Fancy Whole Baby Clams","2.19","0.0","Market Basket","10 oz","10 oz","5190.jpg","","2"
"30208","Cooking Needs","Baking & Cooking","Stuffing Mix","Arnold","ARNOLD Premium HERB SEASON CUBED STUFFING","","ARNOLD Premium HERB SEASON CUBED STUFFING","3.13","0.0","Market Basket","12 oz","12 oz","X30.jpg","","1"
"34229","Breakfast & Dairy","Cereal","Cereal","Quaker","Quaker Simply Granola Oats, Honey & Almonds","030000067000","Quaker Simply Granola Oats, Honey & Almonds","6.24","0.0","Market Basket","28 oz","28 oz","X3411.jpg","","5"
"30790","Breakfast & Dairy","Breads & Rolls","Bread","Canyon Bakehouse","Canyon Bakehouse Gluten Free Hawain Sweet Bread","835841002324","Canyon Bakehouse Gluten Free Hawain Sweet Bread","7.49","0.0","Market Basket","15 oz","15 oz","X2578.jpg","","18"
"15154","Personal Care","Personal Needs","Oral Hygiene","Arm & Hammer","Arm & Hammer PeroxiCare Fluoride Anticavity Toothpaste Fresh Mint","","Arm & Hammer PeroxiCare Fluoride Anticavity Toothpaste Fresh Mint","6.31","1.0","Market Basket","6 fl oz","6 fl oz","6437.jpg","","13"
"33870","Condiments & Dressings","Pickled Goods & Olives","Olives","Pastene","Pastene Since 1874 Pastene Cerignola Olives","066086130505","Pastene Since 1874 Pastene Cerignola Olives","6.24","0.0","Market Basket","12 oz","12 oz","X2339.jpg","","2"
"34668","Frozen Food","Frozen Dinners & Entrees","Frozen Meal","Stouffer's ","Stouffer's Meat Lovers Lasagna","013800869807","Stouffer's Meat Lovers Lasagna","4.36","0.0","Market Basket","18 oz","18 oz","X4282.jpg","","18"
"33149","Condiments & Dressings","Pickled Goods & Olives","Relish","Market Basket ","Market Basket Dill Relish ","049705018781","Market Basket Dill Relish ","1.61","0.0","Market Basket","1 count","1 count","X2206.jpg","","2"
"5229","Chips, Cookies & Snacks","Cookies & Crackers","Crackers","Nabisco","Nabisco Wheat Thins Reduced Fat Snacks","","Nabisco Wheat Thins Reduced Fat Snacks","3.91","0.0","Market Basket","8.5 oz","8.5 oz","1208.jpg","","6"
"9333","Frozen Food","Frozen Dessert","Frozen Dessert","Carvel","Carvel Ice Cream Cake Lil' Love","","Carvel Ice Cream Cake Lil' Love","12.19","0.0","Market Basket","25 fl oz","25 fl oz","2971.jpg","","19"
"34477","Pasta & Sauces","Raw Pasta","Raw Pasta","Seapoint Farms","Seapoint Farms Organic Pasta Edamame Fettuccine","711575005160","Seapoint Farms Organic Pasta Edamame Fettuccine","4.99","0.0","Market Basket","7.05 oz","7.05 oz","X1557.jpg","","4"
"7240","Cooking Needs","Spices & Seasonings","Spices & Seasonings","Litehouse","Litehouse Italian Herb Blend","","Litehouse Italian Herb Blend","4.09","0.0","Market Basket","0.49 oz","0.49 oz","2284.jpg","","9"
"30417","Meat & Seafood","Packaged Meat & Seafood","Burger","Beyond Meat","Beyond Meat Beyond Burger Plant Based Patties ","","Beyond Meat Beyond Burger Plant Based Patties ","11.24","0.0","Market Basket","8 oz","8 oz","X4711.jpg","","1"
"13622","Breakfast & Dairy","Dairy & Eggs","Packaged Cheese","Athenos","Athenos Traditional Crumbled Feta Cheese","","Athenos Traditional Crumbled Feta Cheese","3.69","0.0","Market Basket","12 oz","12 oz","14564.jpg","","1"
"10491","Cooking Needs","Rice & Grains","Instant Rice","Goya","Goya Yellow Rice Low Sodium","","Goya Yellow Rice Low Sodium","2.49","0.0","Market Basket","8 oz","8 oz","5750.jpg","","7"
"32031","Breakfast & Dairy","Cereal","Cereal","Kashi","Kashi Honey Toasted Organic Oat Cereal","018627703570","Kashi Honey Toasted Organic Oat Cereal","3.75","0.0","Market Basket","12 oz","12 oz","X3705.jpg","","5"
"3780","Fresh Produce","Fresh Organic Fruits","Grapes","Market Basket","Organic Red Grapes","","Organic Red Grapes","7.49","0.0","Market Basket","2 lb","2 lb","FP30.jpg","","20"
"5896","Beverages & Juices","Tea, Coffee, Milk & Coconut Water","Single To-Go Coffee","StarBucks","Starbucks Tripleshot Energy Cafe Mocha","","Starbucks Tripleshot Energy Cafe Mocha","3.36","0.0","Market Basket","15 fl oz","15 fl oz","No Image.jpg","","17"
"32214","Breakfast & Dairy","Cereal","Cereal","Kellogg's ","Kellogg's Rice Krispies","038000199943","Kellogg's Rice Krispies","4.99","0.0","Market Basket","12 oz","12 oz","X3408.jpg","","5"
"6372","Beverages & Juices","Soft Drinks & Seltzers","Soft Drinks","Polar","Polar Diet Black Cherry","","Polar Diet Black Cherry","1.49","0.0","Market Basket","1 L","1 L","No Image.jpg","","17"
"33890","Condiments & Dressings","Pickled Goods & Olives","Pickled Goods & Olives","Pastene","Pastene Imported Since 1874 Pastene Pickled Cauliflower ","066086101482","Pastene Imported Since 1874 Pastene Pickled Cauliflower ","4.99","0.0","Market Basket","16 fl oz","16 fl oz","X2330.jpg","","2"
"30909","Breakfast & Dairy","Dairy & Eggs","Yogurt","Chobani","Chobani Greek Yogurt Mixed Berry ","","Chobani Greek Yogurt Mixed Berry ","1.88","0.0","Market Basket","7 fl oz","7 fl oz","X116.jpg","","1"
"7342","Cooking Needs","Spices & Seasonings","Spices & Seasonings","McCormick","McCormick Pure Anise Extract","","McCormick Pure Anise Extract","3.69","0.0","Market Basket","1 fl oz","1 fl oz","2177.jpg","","9"
"31165","Frozen Food","Frozen Dinners & Entrees","Frozen Meal","Devour","Devour Smokehouse Angus Beef Grilled Cheese","025155000521","Devour Smokehouse Angus Beef Grilled Cheese","3.74","0.0","Market Basket","7.44 oz","7.44 oz","X4124.jpg","","18"
"31349","Breakfast & Dairy","Dairy & Eggs","Yogurt","Forager ","Forager Project Organic Dairy-Free Cashewmilk Yogurt Vanilla Bean","","Forager Project Organic Dairy-Free Cashewmilk Yogurt Vanilla Bean","2.11","0.0","Market Basket","5.3 oz","5.3 oz","X277.jpg","","1"
"31550","Frozen Food","Frozen Breakfast","Frozen Breakfast","Good Food Made ","Good Food Made Turjey Sausage Breakfast Burrito ","080618411207","Good Food Made Turjey Sausage Breakfast Burrito ","2.49","0.0","Market Basket","5 oz","5 oz","X4993.jpg","","19"
"14408","Breakfast & Dairy","Tea & Coffee","Coffee","Market Basket","Market Basket French Roast Whole Bean Coffee","","Market Basket French Roast Whole Bean Coffee","7.39","0.0","Market Basket","20 oz","20 oz","Market Basket.jpg","","8"
"32964","Frozen Food","Frozen Pasta","Frozen Pasta","Market Basket","Market Basket Tortellini Cheese Tortellini","049705709993","Market Basket Tortellini Cheese Tortellini","2.11","0.0","Market Basket","13 oz","13 oz","X4348.jpg","","18"
"5070","Chips, Cookies & Snacks","Cookies & Crackers","Cookies & Cakes","Market Basket","Market Basket Chocolate Chip Premium Cookies","","Market Basket Chocolate Chip Premium Cookies","3.13","0.0","Market Basket","13 oz","13 oz","Market Basket.jpg","","6"
"3907","Fresh Produce","Fresh Vegetables","Onion","Market Basket","Onions Bag","","Onions Bag","2.17","0.0","Market Basket","2 lb","2 lb","14414.jpg","","20"
"12824","Breakfast & Dairy","Breads & Rolls","Muffin","Market Basket","Market Basket Blueberry Muffin","","Market Basket Blueberry Muffin","3.49","0.0","Market Basket","20 oz","20 oz","Market Basket.jpg","","0"
"5119","Chips, Cookies & Snacks","Cookies & Crackers","Cookies & Cakes","Pepperidge Farm","Pepperidge Farm Pirouette CrÃÂ¨me Filled Wafers French Vanilla Cookies","","Pepperidge Farm Pirouette CrÃÂ¨me Filled Wafers French Vanilla Cookies","7.8","0.0","Market Basket","13.5 oz","13.5 oz","15090.jpg","","6"
"14886","Personal Care","Feminine Care","Menstrual Pads","Always","Always Xtra Protection Long","","Always Xtra Protection Long","8.5","1.0","Market Basket","80 count","80 count","6496.jpg","","13"
"32897","Breakfast & Dairy","Dairy & Eggs","Cottage Cheese","Market Basket","Market Basket Fat Free Cottage Cheese With Pineapple ","","Market Basket Fat Free Cottage Cheese With Pineapple ","1.61","0.0","Market Basket","16 oz","16 oz","X574.jpg","","1"
"3748","Fresh Produce","Fresh Herbs","Dill","Market Basket","Dill","","Dill","2.17","0.0","Market Basket","1 bunch","1 bunch","14547.jpg","","20"
"3674","Fresh Produce","Fresh Fruits","Lime","Market Basket","Lime","","Lime","0.79","0.0","Market Basket","1 count","1 count","14195.jpg","","20"
"6873","Cooking Needs","Baking & Cooking","Baking Ingredients","Market Basket","Market Basket Baking Soda","","Market Basket Baking Soda","0.69","0.0","Market Basket","16 oz","16 oz","Market Basket.jpg","","8"
"34342","Frozen Food","Frozen Breakfast","Frozen Burrito","Red's","Red's Chicken and Cheddar Burrito","850416002224","Red's Chicken and Cheddar Burrito","2.08","0.0","Market Basket","5 oz","5 oz","X4820.jpg","","19"
"5306","Chips, Cookies & Snacks","Cookies & Crackers","Crackers","Nabisco","Nabisco Ginger Snaps","","Nabisco Ginger Snaps","7.17","0.0","Market Basket","1 lb","1 lb","No Image.jpg","","6"
"5214","Chips, Cookies & Snacks","Cookies & Crackers","Crackers","Pepperidge Farm","Pepperidge Farm Golden Butter Crackers","","Pepperidge Farm Golden Butter Crackers","3.91","0.0","Market Basket","9.75 oz","9.75 oz","15133.jpg","","6"
"15333","Personal Care","Vitamins & Proteins","Vitamins & Supplements","Nature Made","Nature Made Fish Oil Gummies with Omega-3s EPA and DHA - Strawberry, Lemon & Orange","","Nature Made Fish Oil Gummies with Omega-3s EPA and DHA - Strawberry, Lemon & Orange","14.02","1.0","Market Basket","90 count","90 count","18195.jpg","","13"
"35213","Breakfast & Dairy","Dairy & Eggs","Yogurt","Yoplait","Yoplait Original Orange Creme Flavored With Other Natural Flavors","","Yoplait Original Orange Creme Flavored With Other Natural Flavors","0.81","0.0","Market Basket","6 oz","6 oz","X947.jpg","","1"
"6437","Beverages & Juices","Soft Drinks & Seltzers","Soft Drinks","Market Basket","Market Basket Diet Cola","","Market Basket Diet Cola","2.24","0.0","Market Basket","6 x 8 fl oz","6 x 8 fl oz","Market Basket.jpg","","17"
"10421","Cooking Needs","Canned Food","Canned Food","Goya","Goya Red Kidney Beans","","Goya Red Kidney Beans","7.99","0.0","Market Basket","64 oz","64 oz","5801.jpg","","7"
"33159","Condiments & Dressings","Salad Dressings & Toppings","Salad Dressing & Toppings","Market Basket ","Market Basket Great as a Marinade Red Wine Vinaigette","049705015773","Market Basket Great as a Marinade Red Wine Vinaigette","2.24","0.0","Market Basket","16 fl oz","16 fl oz","X601.jpg","","2"
"35142","Condiments & Dressings","Salad Dressings & Toppings","Salad Dressing & Toppings","Wish Bone","Wish Bone Italian Three Cheese Dressing","041321007491","Wish Bone Italian Three Cheese Dressing","2.5","0.0","Market Basket","15 fl oz","15 fl oz","X913.jpg","","2"
"31672","Frozen Food","Frozen Dinners & Entrees","Frozen Meal","Healthy Choice","Healthy Choice Power Bowls Mango Edamame","072655000735","Healthy Choice Power Bowls Mango Edamame","4.36","0.0","Market Basket","9 oz","9 oz","X4086.jpg","","18"
"31071","Breakfast & Dairy","Dairy & Eggs","Yogurt","Daiya","Daiya Blueberry Made With Coconut Cream Yogurt Alternative ","","Daiya Blueberry Made With Coconut Cream Yogurt Alternative ","2.36","0.0","Market Basket","5.3 oz","5.3 oz","X176.jpg","","1"
"6675","Beverages & Juices","Juices & Refrigerated Drinks","Refrigerated Drinks","Tropicana ","Tropicana Trop50 SOME PULP 50% LESS SUGAR & CALORIES Than Orange juice","","Tropicana Trop50 SOME PULP 50% LESS SUGAR & CALORIES Than Orange juice","4.61","0.0","Market Basket","52 fl oz","52 fl oz","X852.jpg","","1"
"9229","Frozen Food","Frozen Breakfast","Frozen Breads & Doughs","Yasso","Yasso Frozen Greek Yogurt, Chocolate Chip Cookie Dough Bars","","Yasso Frozen Greek Yogurt, Chocolate Chip Cookie Dough Bars","4.89","0.0","Market Basket","4 x 3.5 fl oz","4 x 3.5 fl oz","2865.jpg","","21"
"35019","Pasta & Sauces","Gluten Free Pasta","Pasta Sauce","Victoria","Victoria Premium Sauce Marinara Low Sodium Gluten Free","070234007458","Victoria Premium Sauce Marinara Low Sodium Gluten Free","5.61","0.0","Market Basket","24 oz","24 oz","X1524.jpg","","4"
"6468","Chips, Cookies & Snacks","Nuts, Seeds & Dried Fruit","Nuts, Seeds & Dried Fruit","P3 - Portable Protein Pack","P3 Honey Roasted Peanuts, Sunflower Kernels, Sweet & Spicy Teriyaki Beef Jerky","","P3 Honey Roasted Peanuts, Sunflower Kernels, Sweet & Spicy Teriyaki Beef Jerky","6.24","0.0","Market Basket","5.4 oz","5.4 oz","No Image.jpg","","6"
"6992","Cooking Needs","Baking & Cooking","Doughs, Gelatins & Bake Mixes","Jell-O","Jell O Vanilla Instant Pudding Mix","","Jell O Vanilla Instant Pudding Mix","1.09","0.0","Market Basket","3.4 oz","3.4 oz","2059.jpg","","8"
"6393","Beverages & Juices","Soft Drinks & Seltzers","Seltzer","Polar","Polar Seltzer Blood Orange Lemonade","","Polar Seltzer Blood Orange Lemonade","4.18","0.0","Market Basket","8 x 12 fl oz","8 x 12 fl oz","No Image.jpg","","11"
"9145","Frozen Food","Frozen Dinners & Entrees","Frozen Appetizers & Sides","Market Basket","Market Basket Frozen Corn On The Cob","","Market Basket Frozen Corn On The Cob","3.69","0.0","Market Basket","1 ct","1 ct","Market Basket.jpg","","18"
"5076","Chips, Cookies & Snacks","Cookies & Crackers","Cookies & Cakes","Market Basket","Market Basket Fudge Striped Shortbread Cookies","","Market Basket Fudge Striped Shortbread Cookies","2.34","0.0","Market Basket","13 oz","13 oz","Market Basket.jpg","","6"
"6094","Beverages & Juices","Soft Drinks & Seltzers","Soft Drinks","Coca-Cola","Coca Cola Original Taste Can","","Coca Cola Original Taste Can","4.16","0.0","Market Basket","6 x 12 fl oz","6 x 12 fl oz","No Image.jpg","","17"
"32322","Cooking Needs","Rice & Grains","Grains, Rice & Dried Goods","Kitchen & Love","Kitchen & Love Cauliflower Quick Meal Moroccan Vegetable Harissa 100% Vegan","7.28119E+11","Kitchen & Love Cauliflower Quick Meal Moroccan Vegetable Harissa 100% Vegan","4.99","0.0","Market Basket","7.9 oz","7.9 oz","X1055.jpg","","4"
"33327","Cooking Needs","Oils & Vinegars","Oils & Vinegars","Modenaceti ","Modenaceti Balsamic Vinegar Of Modena ","","Modenaceti Balsamic Vinegar Of Modena ","4.99","0.0","Market Basket","16.9 fl oz","16.9 fl oz","X1785.jpg","","2"
"15353","Personal Care","Vitamins & Proteins","Vitamins & Supplements","One A Day","One A Day Women's Multivitamin Women's Formula Tablets","","One A Day Women's Multivitamin Women's Formula Tablets","25.98","1.0","Market Basket","200 count","200 count","6704.jpg","","13"
"32920","Breakfast & Dairy","Dairy & Eggs","Yogurt","Market Basket","Market Basket Greek Nonfat Yogurt Plain ","","Market Basket Greek Nonfat Yogurt Plain ","3.75","0.0","Market Basket","5.3 oz","5.3 oz","X558.jpg","","1"
"5277","Chips, Cookies & Snacks","Chips & Fruit Snacks","Ready Popcorn","PopCorners","PopCorners Popped Corn Chips Sweet & Salty Kettle Corn","","PopCorners Popped Corn Chips Sweet & Salty Kettle Corn","3.13","0.0","Market Basket","7 oz","7 oz","No Image.jpg","","0"
"32763","Meat & Seafood","Packaged Meat & Seafood","Pepperoni","Mariokart ","Mariokart Pizza With Pepperoni","","Mariokart Pizza With Pepperoni","3.74","0.0","Market Basket","4.7 oz","4.7 oz","X4545.jpg","","1"
"32454","Cooking Needs","Oils & Vinegars","Oils & Vinegars","La Spagnola ","La Spagnola Brand Since 1900 Saffllower Oil With Vintamin E ","072071010813","La Spagnola Brand Since 1900 Saffllower Oil With Vintamin E ","9.99","0.0","Market Basket","32 fl oz","32 fl oz","X1925.jpg","","2"
"7809","Cooking Needs","Canned Food","Canned Meals & Beans","Progresso","Progresso Fava Beans","","Progresso Fava Beans","1.49","0.0","Market Basket","19 oz","19 oz","5176.jpg","","2"
"14991","Personal Care","First Aid & Healthcare","Muscles, Joints & Pain Relief","Excedrin","Excedrin Acetaminophen","","Excedrin Acetaminophen","16.89","1.0","Market Basket","100 count","100 count","6641.jpg","","13"
"35012","Breakfast & Dairy","Breads & Rolls","English Muffins","Vermont Bread","Vermont Bread Organic English Muffins Honey White","025911040013","Vermont Bread Organic English Muffins Honey White","3.74","0.0","Market Basket","12 oz","12 oz","X2645.jpg","","18"
"31930","Meat & Seafood","Packaged Meat & Seafood","English Muffin","Jimmy Dean ","Jimmy Dean Delights English Muffin Applewod Smoke ","","Jimmy Dean Delights English Muffin Applewod Smoke ","8.74","0.0","Market Basket","20.4 oz","20.4 oz","X4778.jpg","","1"
"30637","Cooking Needs","Oils & Vinegars","Oils & Vinegars","Botticelli ","Botticelli Exytra Virgin Olive Oil Perfect For Marinating,Dressing Seasoning and Sauteing ","855019000035","Botticelli Exytra Virgin Olive Oil Perfect For Marinating,Dressing Seasoning and Sauteing ","6.24","0.0","Market Basket","32 fl oz","32 fl oz","X2000.jpg","","2"
"55","Kitchen & Cleaning","Air Fresheners & Candles","Automatic Spray & Refill","Air Wick","Air Wick Freshmatic Ultra Vanilla Passion Fragrance Automatic Spray Refill","","Air Wick Freshmatic Ultra Vanilla Passion Fragrance Automatic Spray Refill","4.89","1.0","Market Basket","6.17 oz","6.17 oz","4203.jpg","","15"
"510","Laundry & Paper Goods","Laundry","Laundry Detergent","Mrs Stewarts","Mrs Stewarts Concentrated Liquid Bluing Laundry Detergent","","Mrs Stewarts Concentrated Liquid Bluing Laundry Detergent","2.49","1.0","Market Basket","8 fl oz","8 fl oz","No Image.jpg","","15"
"6597","Beverages & Juices","Juices & Refrigerated Drinks","Refrigerated Drinks","GT's","GT's Enlightened Synergy Organic Trilogy Raw Kombucha","","GT's Enlightened Synergy Organic Trilogy Raw Kombucha","4.09","0.0","Market Basket","16 fl oz","16 fl oz","16537.jpg","","20"
"33205","Meat & Seafood","Packaged Meat & Seafood","Bacon","Market Basket ","Market Basket Thick Sliced Fully Cooked Bacon ","","Market Basket Thick Sliced Fully Cooked Bacon ","4.99","0.0","Market Basket","21 oz","21 oz","X4690.jpg","","1"
"15164","Personal Care","Personal Needs","Oral Hygiene","Colgate","Colgate Maximum Strength Sensitive Enamel Protect Toothpaste","","Colgate Maximum Strength Sensitive Enamel Protect Toothpaste","5.62","1.0","Market Basket","6 oz","6 oz","6400.jpg","","13"
"34480","Cooking Needs","Rice & Grains","Instant Rice","Seeds of Change","Seeds of Change Organic Seven Whole Grains","748404288135","Seeds of Change Organic Seven Whole Grains","3.13","0.0","Market Basket","8.5 oz","8.5 oz","X975.jpg","","4"
"34945","Beverages & Juices","Juices & Refrigerated Drinks","Refrigerated Drinks","Uncle Matt's","Uncle Matt's ORGANIC ORANGE JUICE Not From Concentrate & Flash Pasteurized PULP FREE","","Uncle Matt's ORGANIC ORANGE JUICE Not From Concentrate & Flash Pasteurized PULP FREE","7.49","0.0","Market Basket","52 fl oz","52 fl oz","X878.jpg","","1"
"3969","Fresh Produce","Fresh Vegetables","Shallot","Market Basket","Bimber's One Large Shallot","","Bimber's One Large Shallot","1.14","0.0","Market Basket","1 oz","1 oz","FP98.jpg","","20"
"33111","Condiments & Dressings","Pickled Goods & Olives","Dill Slices","Market Basket ","Market Basket Kosher Sandwich Dill Slices ","049705018675","Market Basket Kosher Sandwich Dill Slices ","2.5","0.0","Market Basket","16 fl oz","16 fl oz","X3268.jpg","","2"
"3633","Fresh Produce","Fresh Fruits","Avacado","Market Basket","Hass Avocado","","Hass Avocado","1.69","0.0","Market Basket","1 count","1 count","14181.jpg","","20"
"4968","Chips, Cookies & Snacks","Chips & Fruit Snacks","Chips & Pretzels","Tostitos","Tostitos Bite Size Tortilla Chips","","Tostitos Bite Size Tortilla Chips","5.47","0.0","Market Basket","13 oz","13 oz","970.jpg","","0"
"34661","Frozen Food","Frozen Dinners & Entrees","Frozen Meal","Stouffer's ","Stouffer's Stuffed Pepper","013800100665","Stouffer's Stuffed Pepper","3.36","0.0","Market Basket","10 oz","10 oz","X4275.jpg","","18"
"8099","Cooking Needs","Canned Food","Soup, Broth & Bouillon","Progresso","Progresso Light Italian Style Meatball Soup","","Progresso Light Italian Style Meatball Soup","2.79","0.0","Market Basket","18.5 oz","18.5 oz","5287.jpg","","9"
"276","Kitchen & Cleaning","Dish Detergents","Dishwasher Detergent","Oxi Clean","Oxi Clean Lemon Clean Dishwasher Detergent","","Oxi Clean Lemon Clean Dishwasher Detergent","4.89","1.0","Market Basket","12.7 oz","12.7 oz","4383.jpg","","15"
"14568","Breakfast & Dairy","Tea & Coffee","Tea","Lipton","Lipton Green Tea Bags Decaffeinated","","Lipton Green Tea Bags Decaffeinated","4.29","0.0","Market Basket","40 count","40 count","3491.jpg","","8"
"33217","Meat & Seafood","Packaged Meat & Seafood","Meatballs","Market Basket ","Market Basket Meatballs Italian Style ","","Market Basket Meatballs Italian Style ","8.11","0.0","Market Basket","32 oz","32 oz","X4684.jpg","","1"
"15182","Personal Care","Personal Needs","Oral Hygiene","Crest","Crest Complete Toothpaste, Minty Fresh","","Crest Complete Toothpaste, Minty Fresh","2.52","1.0","Market Basket","2.7 oz","2.7 oz","18150.jpg","","13"
"13347","Breakfast & Dairy","Dairy & Eggs","Cream","Hood","Hood Country Creamer Coffee Creamer","","Hood Country Creamer Coffee Creamer","1.29","0.0","Market Basket","32 fl oz","32 fl oz","575.jpg","","1"
"31369","Condiments & Dressings","Marinades, Ketchup & Sauces","Mustard Sauce","French's ","French's True Organics Classic Yellow Mustard 1 Grade Maustard Seeds","041500954035","French's True Organics Classic Yellow Mustard 1 Grade Maustard Seeds","3.75","0.0","Market Basket","7.3 oz","7.3 oz","X2175.jpg","","2"
"13612","Breakfast & Dairy","Dairy & Eggs","Packaged Cheese","4C","4C Grated Cheese Homestyle All Natural Parmesan","","4C Grated Cheese Homestyle All Natural Parmesan","1.49","0.0","Market Basket","6 oz","6 oz","14588.jpg","","4"
"30185","Beverages & Juices","Tea, Coffee, Milk & Coconut Water","Tea","AriZona","AriZona Green Tea with GinSeng & Honey","613008715267","AriZona Green Tea with GinSeng & Honey","1.24","0.0","Market Basket","23 fl oz","23 fl oz","X3054.jpg","","10"
"32820","Breakfast & Dairy","Bars & Pastries","Granola Bars","Market Basket","Market Basket Chewy Trail Mix Fruit N' Nut Granola Bars","049705014608","Market Basket Chewy Trail Mix Fruit N' Nut Granola Bars","2.5","0.0","Market Basket","6 x 1.2 oz","6 x 1.2 oz","X3806.jpg","","5"
"32968","Cooking Needs","Canned Food","Canned Tomatoes","Market Basket","Market Basket select Stewed Tomatoes in Tomato Juice","049705096833","Market Basket select Stewed Tomatoes in Tomato Juice","1.66","0.0","Market Basket","14.5 oz","14.5 oz","X1349.jpg","","4"
"5138","Chips, Cookies & Snacks","Cookies & Crackers","Cookies & Cakes","Pepperidge Farm","Pepperridge Farm Verona Strawberry Cookies","","Pepperridge Farm Verona Strawberry Cookies","4.69","0.0","Market Basket","6.75 oz","6.75 oz","No Image.jpg","","6"
"5337","Chips, Cookies & Snacks","Cookies & Crackers","Cookies & Cakes","belVita","belVita Bites Blueberry","","belVita Bites Blueberry","4.69","0.0","Market Basket","8.8 oz","8.8 oz","No Image.jpg","","6"
"7322","Cooking Needs","Spices & Seasonings","Spices & Seasonings","McCormick","McCormick Ground Turmeric","","McCormick Ground Turmeric","2.49","0.0","Market Basket","0.95 oz container","0.95 oz container","2132.jpg","","9"
"5294","Chips, Cookies & Snacks","Chips & Fruit Snacks","Chips & Pretzels","Ritz","Ritz Crisp & Thins 50% Less Fat Cream Cheese & Onion","","Ritz Crisp & Thins 50% Less Fat Cream Cheese & Onion","3.91","0.0","Market Basket","7.1 oz","7.1 oz","No Image.jpg","","0"
"10007","Frozen Food","Ice Cream & Ice","Ice Cream & Ice","Edy's/dreyer's","Edy's/dreyer's Coffee Ice Cream","","Edy's/dreyer's Coffee Ice Cream","3.69","0.0","Market Basket","1.5 quart","1.5 quart","3018.jpg","","21"
"32145","Frozen Food","Frozen Breakfast","Frozen Pancakes","Kellogg's ","Kellogg's Eggo Waffles Brown Sugar Cinnamon Roll ","038000572937","Kellogg's Eggo Waffles Brown Sugar Cinnamon Roll ","3.11","0.0","Market Basket","10.7 oz","10.7 oz","X5059.jpg","","19"
"31463","Breakfast & Dairy","Cereal","Cereal","General Mills","General Mills French Toast Crunch ","016000151963","General Mills French Toast Crunch ","3.75","0.0","Market Basket","11.1 oz","11.1 oz","X3440.jpg","","5"
"3752","Fresh Produce","Fresh Herbs","Lemongrass","Gourmet Garden","Gourmet Gardena, Lemongrass Stir-In Paste","","Gourmet Gardena, Lemongrass Stir-In Paste","4.93","0.0","Market Basket","4 oz","4 oz","99.jpg","","20"
"8216","Condiments & Dressings","Marinades, Ketchup & Sauces","Condiments","Joseph's","Joseph's Hommus Dip Chocolate","","Joseph's Hommus Dip Chocolate","4.29","0.0","Market Basket","16 oz","16 oz","15346.jpg","","1"
"6375","Beverages & Juices","Water","Sparkling Water","Polar","Polar Raspberry Lime Sparkling Water","","Polar Raspberry Lime Sparkling Water","1.24","0.0","Market Basket","1 L","1 L","No Image.jpg","","11"
"5591","Chips, Cookies & Snacks","Candy & Chocolates","Candy & Chocolate","Store Brand","Dark Chocolate","","Dark Chocolate","2.09","0.0","Market Basket","3.5 oz","3.5 oz","Market Basket.jpg","","3"
"32800","Chips, Cookies & Snacks","Candy & Chocolates","Candy & Chocolate","Market Basket","Market Basket Premium Chocolate Milk Chocolate Sea Salt Caramel Bites ","","Market Basket Premium Chocolate Milk Chocolate Sea Salt Caramel Bites ","1.56","0.0","Market Basket","3 oz","3 oz","X516.jpg","","3"
"5965","Beverages & Juices","Cocoa & Drink Mixes","Cocoa & Drink Mixes","Lipton","Lipton Iced Tea Lemon Diet","","Lipton Iced Tea Lemon Diet","4.11","0.0","Market Basket","3 oz","3 oz","No Image.jpg","","17"
"34281","Meat & Seafood","Packaged Meat & Seafood","Meatless Products","Quorn","Quorn Meatless Grounds ","","Quorn Meatless Grounds ","4.11","0.0","Market Basket","12 oz","12 oz","X4768.jpg","","1"
"14543","Beverages & Juices","Energy & Sports Drinks","Energy & Sports Drinks","Body Armor","Body Armor Super Drink Orange Mango","858176002300","Body Armor Super Drink Orange Mango","2.08","0.0","Market Basket","28 fl oz","28 fl oz","X2688.jpg","","10"
"4524","Meat & Seafood","Lunch Meat","Ham","San Daniele","Prosciutto Di San Daniele Dan Daniele Ham","","Prosciutto Di San Daniele Dan Daniele Ham","9.79","0.0","Market Basket","4 oz","4 oz","No Image.jpg","","22"
"30289","Meat & Seafood","Packaged Meat & Seafood","Hot Dogs & Franks","Bar S ","Bar S Jumbo Jumbos ","","Bar S Jumbo Jumbos ","8.74","0.0","Market Basket","5 lb","5 lb","X4601.jpg","","1"
"525","Laundry & Paper Goods","Laundry","Laundry Detergent","Arm & Hammer","Arm & Hammer Sensitive Skin fresh & Clear 32 Loads Laundry Detergent","","Arm & Hammer Sensitive Skin fresh & Clear 32 Loads Laundry Detergent","4.99","1.0","Market Basket","50 fl oz","50 fl oz","No Image.jpg","","15"
"9830","Frozen Food","Frozen Produce","Frozen Produce","Market Basket","Market Barket Frozen Mixed Berry Blend","","Market Barket Frozen Mixed Berry Blend","2.99","0.0","Market Basket","12 oz","12 oz","Market Basket.jpg","","19"
"30138","Pasta & Sauces","Gluten Free Pasta","Instant Pasta","Annie's ","Annies Homegrown Rice Pasta Shells & White Cheddar Gluten Free ","013562610068","Annies Homegrown Rice Pasta Shells & White Cheddar Gluten Free ","3.13","0.0","Market Basket","6 oz","6 oz","X1227.jpg","","4"
"33239","Cooking Needs","Oils & Vinegars","Oils & Vinegars","Marukan ","Marukan Lite Seasoned Rice Vinegar ","070641000394","Marukan Lite Seasoned Rice Vinegar ","3.74","0.0","Market Basket","12 fl oz","12 fl oz","X5324.jpg","","3"
"32343","Breakfast & Dairy","Dairy & Eggs","Yogurt","Kite hill","Kite hill Plant Based Artisans Key Lime Almondfree  Milk Yogurt Diary-","","Kite hill Plant Based Artisans Key Lime Almondfree  Milk Yogurt Diary-","2.5","0.0","Market Basket","5.3 oz","5.3 oz","X459.jpg","","1"
"6619","Beverages & Juices","Juices & Refrigerated Drinks","Refrigerated Drinks","Naked","Naked Pure Fruit Berry Blast Juice Smoothie","","Naked Pure Fruit Berry Blast Juice Smoothie","3.69","0.0","Market Basket","15.2 fl oz","15.2 fl oz","3850.jpg","","20"
"8303","Condiments & Dressings","Fresh Dips & Tapenades","Fresh Dips & Tapenades","Heluva Good!","Heluva Good! ! Jalapeno Cheddar Sour Cream Dip","","Heluva Good! ! Jalapeno Cheddar Sour Cream Dip","2.09","0.0","Market Basket","12 oz","12 oz","5531.jpg","","1"
"32278","Condiments & Dressings","Salad Dressings & Toppings","Salad Dressing & Toppings","Ken's Steak House","Ken's Seak House Lite Italian Dressing ","041335000031","Ken's Seak House Lite Italian Dressing ","1.25","0.0","Market Basket","16 fl oz","16 fl oz","X446.jpg","","2"
"3847","Fresh Produce","Fresh Vegetables","Fennel Powder/Seeds/Lucknowi","Market Basket","Fennel Bulb","","Fennel Bulb","2.86","0.0","Market Basket","1 count","1 count","14393.jpg","","20"
"8041","Cooking Needs","Canned Food","Soup, Broth & Bouillon","Market Basket","Market Basket Chicken And Stars Condensed Soup","","Market Basket Chicken And Stars Condensed Soup","0.99","0.0","Market Basket","10.5 oz","10.5 oz","Market Basket.jpg","","2"
"32464","Cooking Needs","Canned Food","Canned & Jarred Vegetables","Laforestiere","LaForestiere Whole Roasted CHESTNUTS Finest Quality Suitable for Vegans","","LaForestiere Whole Roasted CHESTNUTS Finest Quality Suitable for Vegans","12.49","0.0","Market Basket","7.4 oz","7.4 oz","X472.jpg","","3"
"12706","Breakfast & Dairy","Breads & Rolls","Bread","Market Basket","Light Bread","","Light Bread","1.89","0.0","Market Basket","16 oz","16 oz","Market Basket.jpg","","18"
"10221","Frozen Food","Ice Cream & Ice","Ice Cream & Ice","Snickers","Snickers Ice Cream Bars","","Snickers Ice Cream Bars","4.29","0.0","Market Basket","6 count","6 count","16116.jpg","","21"
"35273","Richardson's Farm Ice Cream","Ice Cream","Vanilla","Richarson's Farm","Richarson's Farm Crunch-a-saurus Ice Cream 16% Butterfat","","Blue vanilla ice cream with chocolate covered krispies","32.99","0.0","Richardson's Farm","3 Gal. Tub","3 Gal. Tub","RichardsonsFarm.jpg","",""
"8491","Cooking Needs","Oils & Vinegars","Oils & Vinegars","Crisco","Crisco Professional Saute Expert No Stiick Saute Spray","","Crisco Professional Saute Expert No Stiick Saute Spray","2.69","0.0","Market Basket","12 oz","12 oz","15529.jpg","","2"
"31507","Chips, Cookies & Snacks","Candy & Chocolates","Candy & Chocolate","Ghirardelli","Ghirardelli Chocolate Interse Dark Blood Orange sunset Dark Chocolate Blended With Blood Orange Bits And Natural ","","Ghirardelli Chocolate Interse Dark Blood Orange sunset Dark Chocolate Blended With Blood Orange Bits And Natural ","3.13","0.0","Market Basket","3.5 oz","3.5 oz","X293.jpg","","3"
"30502","Personal Care","Vitamins & Proteins","Protien Powders","Bob's Red Mill","Bob's Red Mill Whey Protien Powder ","039978006035","Bob's Red Mill Whey Protien Powder ","12.49","0.0","Market Basket","16 oz","16 oz","X5191.jpg","","3"
"31643","Breakfast & Dairy","Dairy & Eggs","Fruit Drink","Happy Kid","Happy Kid Organic Apple,Kale & Mango ","","Happy Kid Organic Apple,Kale & Mango ","4.99","0.0","Market Basket","12.68 oz","12.68 oz","X318.jpg","","1"
"5894","Beverages & Juices","Tea, Coffee, Milk & Coconut Water","Single To-Go Coffee","StarBucks","Starbucks Tripleshot Energy French Vanilla","","Starbucks Tripleshot Energy French Vanilla","3.36","0.0","Market Basket","15 fl oz","15 fl oz","No Image.jpg","","17"
"34750","Cooking Needs","Oils & Vinegars","Oils & Vinegars","Sure Jell ","Sure Jell Original Premium Fruit Pectic ","","Sure Jell Original Premium Fruit Pectic ","3.74","0.0","Market Basket","1.75 fl oz","1.75 fl oz","X1796.jpg","","2"
"9946","Frozen Food","Ice Cream & Ice","Ice Cream & Ice","Ben & Jerry's","Ben & Jerry's Ice Cream Peanut Butter Half Baked","","Ben & Jerry's Ice Cream Peanut Butter Half Baked","4.59","0.0","Market Basket","1 pint","1 pint","17998.jpg","","21"
"5486","Chips, Cookies & Snacks","Candy & Chocolates","Candy & Chocolate","LifeSavers","LifeSavers Wild Berries Gummies Candy","","LifeSavers Wild Berries Gummies Candy","2.19","0.0","Market Basket","7 oz","7 oz","17951.jpg","","3"
"34150","Pasta & Sauces","Pasta Sauce","Pasta Sauce","Prego","Prego Italian Sauce Traditional","051000015884","Prego Italian Sauce Traditional","5.61","0.0","Market Basket","67 oz","67 oz","X1444.jpg","","4"
"5154","Chips, Cookies & Snacks","Cookies & Crackers","Crackers","Blue Diamond","Blue Diamond Nut Thins Smokehouse Nut & Rice Cracker Snacks","","Blue Diamond Nut Thins Smokehouse Nut & Rice Cracker Snacks","4.69","0.0","Market Basket","4.25 oz","4.25 oz","1241.jpg","","6"
"5193","Chips, Cookies & Snacks","Cookies & Crackers","Crackers","Market Basket","Market Basket Stoned Wheat Crackers Minis","","Market Basket Stoned Wheat Crackers Minis","3.13","0.0","Market Basket","8.8 oz","8.8 oz","Market Basket.jpg","","6"
"8022","Cooking Needs","Canned Food","Soup, Broth & Bouillon","Kitchen Basics","Kitchen Basics Original Turkey Stock","","Kitchen Basics Original Turkey Stock","3.09","0.0","Market Basket","32 fl oz","32 fl oz","17231.jpg","","2"
"8549","Cooking Needs","Oils & Vinegars","Oils & Vinegars","Mazola","Mazola Corn Oil Cholesterol Free","","Mazola Corn Oil Cholesterol Free","10.99","0.0","Market Basket","128 fl oz","128 fl oz","15488.jpg","","2"
"32643","Cooking Needs","Rice & Grains","Grains, Rice & Dried Goods","Lundberg Family Farms","LundBerg Organic California Brown Basmati Rice Gluten Free Whole Grain","073416401525","LundBerg Organic California Brown Basmati Rice Gluten Free Whole Grain","6.86","0.0","Market Basket","32 oz","32 oz","X1114.jpg","","4"
"13832","Breakfast & Dairy","Dairy & Eggs","Refrigerated Pudding & Desserts","Jell-O","Jell O Ready to Eat Strawberry Sugar Free Gelatin","","Jell O Ready to Eat Strawberry Sugar Free Gelatin","3.09","0.0","Market Basket","3.125 oz","3.125 oz","790.jpg","","1"
"9350","Frozen Food","Frozen Dessert","Frozen Dessert","Milano's","Milano's 100% Grated Parmesan Cheese","","Milano's 100% Grated Parmesan Cheese","6.09","0.0","Market Basket","16 oz","16 oz","16072.jpg","","1"
"6409","Beverages & Juices","Water","Sparkling Water","Spindrift","Spindrift Sparkling Water Lemon & Brewed Black Tea","","Spindrift Sparkling Water Lemon & Brewed Black Tea","6.24","0.0","Market Basket","8 x 12 fl oz","8 x 12 fl oz","No Image.jpg","","11"
"6971","Cooking Needs","Baking & Cooking","Doughs, Gelatins & Bake Mixes","Jell-O","Jell O Cook & Serve Chocolate Pudding & Pie Filling Mix","","Jell O Cook & Serve Chocolate Pudding & Pie Filling Mix","1.09","0.0","Market Basket","3.4 oz","3.4 oz","2046.jpg","","8"
"31319","Breakfast & Dairy","Breads & Rolls","English Muffins","Fiber One","Fiber One English Muffins Original","835841005279","Fiber One English Muffins Original","4.36","0.0","Market Basket","12 oz","12 oz","X2638.jpg","","18"
"8095","Cooking Needs","Canned Food","Soup, Broth & Bouillon","Progresso","Progresso Chicken Broth, Classic","","Progresso Chicken Broth, Classic","2.49","0.0","Market Basket","32 oz","32 oz","5292.jpg","","9"
"7365","Cooking Needs","Spices & Seasonings","Spices & Seasonings","Mrs. Dash","Mrs. Dash Mrs. Dash Salt Free Seasoning Blend Table Blend","","Mrs. Dash Mrs. Dash Salt Free Seasoning Blend Table Blend","3.69","0.0","Market Basket","2.5 oz","2.5 oz","15655.jpg","","9"
"3480","Fresh Produce","Fresh Herbs","Parsley","Market Basket","Curley Parsley","","Curley Parsley","1.64","0.0","Market Basket","1 count","1 count","f69.jpg","","20"
"34973","Beverages & Juices","Juices & Refrigerated Drinks","Juice & Nectars","V8","V8 Essential Antioxidants Vegetable Juice","051000123084","V8 Essential Antioxidants Vegetable Juice","3.74","0.0","Market Basket","46 fl oz","46 fl oz","X3129.jpg","","10"
"32866","Breakfast & Dairy","Breads & Rolls","Bread","Market Basket","Market Basket Premium 12 Grains and Seeds Bread","835841003060","Market Basket Premium 12 Grains and Seeds Bread","3.13","0.0","Market Basket","24 oz","24 oz","X2395.jpg","","18"
"6428","Chips, Cookies & Snacks","Nuts, Seeds & Dried Fruit","Nuts, Seeds & Dried Fruit","Ocean Spray","Ocean Spray Original Dried Cranberries","","Ocean Spray Original Dried Cranberries","4.36","0.0","Market Basket","12 oz","12 oz","1414.jpg","","6"
"31578","Frozen Food","Frozen Dinners & Entrees","Frozen Appetizers & Sides","Gorton's","Gorton's Crunchy Breaded Fish Fillets","044400156004","Gorton's Crunchy Breaded Fish Fillets","4.99","0.0","Market Basket","11.4 oz","11.4 oz","X4388.jpg","","18"
"34371","Frozen Food","Frozen Dinners & Entrees","Frozen Appetizers & Sides","Rhodes","Rhodes Bake N Serv White Bread","070022007059","Rhodes Bake N Serv White Bread","3.74","0.0","Market Basket","3 lb","3 lb","X4297.jpg","","18"
"30360","Meat & Seafood","Packaged Meat & Seafood","Chicken","Bell & Evans","Bell & Evans Air Chilled Chicken Burgers with Chicken Bacon and Sharp Cheddar","738985222918","Bell & Evans Air Chilled Chicken Burgers with Chicken Bacon and Sharp Cheddar","8.74","0.0","Market Basket","12 oz","12 oz","X38.jpg","","1"
"10495","Cooking Needs","Rice & Grains","Instant Food","Idahoan","Idahoan Mashed Potatoes Baby Reds","","Idahoan Mashed Potatoes Baby Reds","1.29","0.0","Market Basket","4.1 oz","4.1 oz","17383.jpg","","9"
"31273","Breakfast & Dairy","Dairy & Eggs","Yogurt","Fage ","Fage Total 2% Milkfat With Mango","","Fage Total 2% Milkfat With Mango","1.25","0.0","Market Basket","5.3 oz","5.3 oz","X256.jpg","","1"
"9908","Frozen Food","Frozen Dinners & Entrees","Frozen Vegan & Vegetarian","Boca","Boca Original Vegan Veggie Burgers","","Boca Original Vegan Veggie Burgers","4.09","0.0","Market Basket","4 x 10 oz","4 x 10 oz","2941.jpg","","1"
"31274","Breakfast & Dairy","Dairy & Eggs","Yogurt","Fage ","Fage Total 2% Milkfat All Natural Lowfat","","Fage Total 2% Milkfat All Natural Lowfat","6.24","0.0","Market Basket","32 oz","32 oz","X257.jpg","","1"
"34347","Cooking Needs","Oils & Vinegars","Cooking Wine","Reese","Reese Vintage Cooking Wine Masala ","","Reese Vintage Cooking Wine Masala ","3.0","0.0","Market Basket","12.7 oz","12.7 oz","X1775.jpg","","2"
"13556","Breakfast & Dairy","Dairy & Eggs","Other Creams & Cheeses","Galbani","Galbani Whole Milk Cheese Ricotta","","Galbani Whole Milk Cheese Ricotta","3.09","0.0","Market Basket","32 oz","32 oz","707.jpg","","1"
"6411","Beverages & Juices","Water","Sparkling Water","Spindrift","Spindrift Sparkling Water & Real Squeezed Fruit Orange Mango","","Spindrift Sparkling Water & Real Squeezed Fruit Orange Mango","6.24","0.0","Market Basket","8 x 12 fl oz","8 x 12 fl oz","No Image.jpg","","11"
"14630","Breakfast & Dairy","Tea & Coffee","Tea","Traditional Medicinals","Traditional Medicinals Seasonal Teas Organic Throat Coat Lemon Echinacea Tea Bags","","Traditional Medicinals Seasonal Teas Organic Throat Coat Lemon Echinacea Tea Bags","4.89","0.0","Market Basket","16 count","16 count","3497.jpg","","8"
"436","Kitchen & Cleaning","Trash Bags & Liners","Tall Trash Bags","Glad","Glad ForceFlex Drawstring Tall Kitchen Trash Bags, Unscented","","Glad ForceFlex Drawstring Tall Kitchen Trash Bags, Unscented","8.59","1.0","Market Basket","38 count","38 count","4676.jpg","","12"
"4145","Meat & Seafood","Meat & Seafood Counter","Crab Meat","Market Basket","Market Basket Imitation Crab Meat Chunks","","Market Basket Imitation Crab Meat Chunks","4.89","0.0","Market Basket","1 lb","1 lb","Market Basket.jpg","","22"
"30644","Meat & Seafood","Packaged Meat & Seafood","Turkey","Bove's","Bove's Italian Style Turkey Meatballs","","Bove's Italian Style Turkey Meatballs","8.74","0.0","Market Basket","16 oz","16 oz","X4701.jpg","","1"
"33412","Cooking Needs","Canned Food","Canned Tomatoes","Muir Glen","Muir Glen Organic Crushed Tomatoes with Basil","725342283924","Muir Glen Organic Crushed Tomatoes with Basil","3.11","0.0","Market Basket","28 oz","28 oz","X1395.jpg","","4"
"8746","Condiments & Dressings","Preserved Dips & Spreads","Preserved Dips & Salsa","Lay's","Lay's French Onion Dip","","Lay's French Onion Dip","3.69","0.0","Market Basket","8.5 oz","8.5 oz","15597.jpg","","0"
"13282","Breakfast & Dairy","Dairy & Eggs","Butter","Fleischmann's","Fleischmann's Original Soft Spread Quarters Sticks","","Fleischmann's Original Soft Spread Quarters Sticks","4.89","0.0","Market Basket","16 oz","16 oz","14783.jpg","","1"
"3782","Fresh Produce","Fresh Organic Fruits","Orange","Market Basket","Organic Cara Cara Orange","","Organic Cara Cara Orange","4.93","0.0","Market Basket","1 count","1 count","14289.jpg","","20"
"8414","Condiments & Dressings","Marinades, Ketchup & Sauces","Marinades & Meat Preparation","Heinz","Heinz HomeStyle Savory Beef Gravy","","Heinz HomeStyle Savory Beef Gravy","2.09","0.0","Market Basket","12 oz","12 oz","1955.jpg","","9"
"30722","Cooking Needs","Canned Food","Baked Beans","Bush's","Bush's Best Since 1908 Brown Sugar Hickory Baked Beans ","","Bush's Best Since 1908 Brown Sugar Hickory Baked Beans ","1.25","0.0","Market Basket","28 oz","28 oz","X1817.jpg","","2"
"33652","Beverages & Juices","Juices & Refrigerated Drinks","Juice & Nectars","Ocean Spray","Ocean Spray Diet 5 Cran Grape","031200201577","Ocean Spray Diet 5 Cran Grape","3.74","0.0","Market Basket","64 fl oz","64 fl oz","X2818.jpg","","10"
"12818","Breakfast & Dairy","Breads & Rolls","Muffin","Hostess","Hostess Mini Muffins, Blueberry","","Hostess Mini Muffins, Blueberry","3.09","0.0","Market Basket","20 count","20 count","17057.jpg","","18"
"8393","Condiments & Dressings","Marinades, Ketchup & Sauces","Marinades & Meat Preparation","4C Breadcrumbs","4C Breadcrumbs Japanese Style Panko Plain","","4C Breadcrumbs Japanese Style Panko Plain","1.59","0.0","Market Basket","8 oz","8 oz","1978.jpg","","1"
"33437","Beverages & Juices","Juices & Refrigerated Drinks","Juice & Nectars","Nantucket Nectars","Nantucket Nectars Red Plum ","726284000146","Nantucket Nectars Red Plum ","1.86","0.0","Market Basket","16 fl oz","16 fl oz","X3023.jpg","","10"
"4126","Meat & Seafood","Meat & Seafood Counter","Chicken Breast","Perdue","Perdue Thin Sliced Chicken Breasts","","Perdue Thin Sliced Chicken Breasts","4.89","0.0","Market Basket","1 lb","1 lb","No Image.jpg","","22"
"34024","Frozen Food","Frozen Dessert","Frozen Dessert","Pillsbury","Pillsbury Toster Strudel Pestries Raspberry","018000426898","Pillsbury Toster Strudel Pestries Raspberry","3.13","0.0","Market Basket","11.7 oz","11.7 oz","X5074.jpg","","19"
"7858","Cooking Needs","Canned Food","Canned Meat & Seafood","King Oscar","King Oscar Anchovies, Flat Fillets in Olive Oil","","King Oscar Anchovies, Flat Fillets in Olive Oil","2.19","0.0","Market Basket","2 oz","2 oz","5231.jpg","","2"
"31722","Chips, Cookies & Snacks","Candy & Chocolates","Candy & Chocolate","Hi-Chew","Hi-Chew Immensely Fruity Intensely Chewy Candy Grape Green Apple Strawberry","","Hi-Chew Immensely Fruity Intensely Chewy Candy Grape Green Apple Strawberry","1.88","0.0","Market Basket","3.54 oz","3.54 oz","X331.jpg","","3"
"32832","Breakfast & Dairy","Breads & Rolls","Bagels","Market Basket","Market Basket Bagels Chocolate Chip","049705544938","Market Basket Bagels Chocolate Chip","2.5","0.0","Market Basket","22 oz","22 oz","X2413.jpg","","18"
"4622","Meat & Seafood","Canned Meat & Seafood","Canned Chicken","Market Basket","Market Basket Chunk White Chicken In Water","","Market Basket Chunk White Chicken In Water","2.49","0.0","Market Basket","12.5 oz","12.5 oz","Market Basket.jpg","","2"
"5981","Beverages & Juices","Cocoa & Drink Mixes","Cocoa & Drink Mixes","Master of Mixes","Master of Mixes Blue Curacao","","Master of Mixes Blue Curacao","3.74","0.0","Market Basket","375 ml","375 ml","No Image.jpg","","17"
"4096","Meat & Seafood","Meat & Seafood Counter","Beef","Market Basket","Market Basket Certified Angus Beef Bottom Round Roast","","Market Basket Certified Angus Beef Bottom Round Roast","17.3","0.0","Market Basket","Approx: 2.84 lb at $6.09/lb","Approx: 2.84 lb at $6.09/lb","Market Basket.jpg","","22"
"32260","Condiments & Dressings","Salad Dressings & Toppings","Salad Dressing & Toppings","Ken's Steak House","Ken's Seak House Zesty Italian Dressing ","041335000686","Ken's Seak House Zesty Italian Dressing ","3.49","0.0","Market Basket","16 fl oz","16 fl oz","X428.jpg","","2"
"8151","Condiments & Dressings","Pickled Goods & Olives","Horseradish","Ba-Tampte","Ba Tampte Prepared Horseradish & Beets","","Ba Tampte Prepared Horseradish & Beets","2.49","0.0","Market Basket","8 oz","8 oz","15367.jpg","","2"
"4094","Meat & Seafood","Meat & Seafood Counter","Beef","Market Basket","Market Basket Certified Angus Beef Boneless Chuck Roast","","Market Basket Certified Angus Beef Boneless Chuck Roast","17.17","0.0","Market Basket","Approx: 2.82 lb at $6.09/lb","Approx: 2.82 lb at $6.09/lb","Market Basket.jpg","","22"
"33645","Condiments & Dressings","Preserved Dips & Spreads","Spreads","Nut Butter Rx","Nut Butter Rx 9G protein Peanut Butter ","","Nut Butter Rx 9G protein Peanut Butter ","1.56","0.0","Market Basket","1.13 oz","1.13 oz","X681.jpg","","3"
"30204","Breakfast & Dairy","Breads & Rolls","Sandwich Thins","Arnold","Arnold Sandwich Thins 100% Whole Wheat","073410955758","Arnold Sandwich Thins 100% Whole Wheat","5.36","0.0","Market Basket","12 oz","12 oz","X2488.jpg","","18"
"31535","Beverages & Juices","Tea, Coffee, Milk & Coconut Water","Tea","Gold Peak Tea","Gold Peak Tea Unsweetened","049000065633","Gold Peak Tea Unsweetened","6.24","0.0","Market Basket","6 x 16.9 fl oz","6 x 16.9 fl oz","X2942.jpg","","10"
"5274","Chips, Cookies & Snacks","Chips & Fruit Snacks","Chips & Pretzels","Good Health","Good Health Sweet Potato Sea Salted Kettle Style Chips","","Good Health Sweet Potato Sea Salted Kettle Style Chips","4.69","0.0","Market Basket","5 oz","5 oz","No Image.jpg","","0"
"5151","Chips, Cookies & Snacks","Cookies & Crackers","Crackers","Blue Diamond","Blue Diamond Nut Thins, Almond, Pepper Jack Cheese","","Blue Diamond Nut Thins, Almond, Pepper Jack Cheese","4.69","0.0","Market Basket","4.25 oz","4.25 oz","15195.jpg","","6"
"30623","Condiments & Dressings","Marinades, Ketchup & Sauces","Mustard Sauce","Bookbinder's","Bookbinder's OId Style Whole Grain Mustard Refrigrate After OPening ","071851707646","Bookbinder's OId Style Whole Grain Mustard Refrigrate After OPening ","1.11","0.0","Market Basket","12 oz","12 oz","X2194.jpg","","2"
"9583","Frozen Food","Frozen Dinners & Entrees","Frozen Meal","Monterey","El Monterey Chicken & Cheese Flour Tortillas Taquitos","","El Monterey Chicken & Cheese Flour Tortillas Taquitos","8.59","0.0","Market Basket","21 oz","21 oz","15871.jpg","","18"
"30766","Condiments & Dressings","Pickled Goods & Olives","Pickles","Cains ","Cains Snice 1901 Naturally Fat Free Sweet Mixed Bread & Butter Chips Freshly Packed ","041660206500","Cains Snice 1901 Naturally Fat Free Sweet Mixed Bread & Butter Chips Freshly Packed ","2.24","0.0","Market Basket","16 fl oz","16 fl oz","X3267.jpg","","2"
"3559","Fresh Produce","Fresh Vegetables","Brussel Sprouts","Market Basket","Brussels Sprouts pack","","Brussels Sprouts pack","2.86","0.0","Market Basket","1 pack","1 pack","14302.jpg","","20"
"34110","Breakfast & Dairy","Cereal","Cereal","Post ","Post 100% Whole Grain Big Biscuit Shredded Wheat Cereal","884912180056","Post 100% Whole Grain Big Biscuit Shredded Wheat Cereal","3.13","0.0","Market Basket","15 oz","15 oz","X3320.jpg","","5"
"6363","Beverages & Juices","Soft Drinks & Seltzers","Seltzer","Polar","Polar Seltzer Ruby Red Grapefruit","","Polar Seltzer Ruby Red Grapefruit","3.74","0.0","Market Basket","6 x 16.9 fl oz","6 x 16.9 fl oz","No Image.jpg","","11"
"4755","Meat & Seafood","Frozen Meat & Seafood","Chicken Products","Winter Creek Farms","Winter Creek Farms Chicken Wings Portions","","Winter Creek Farms Chicken Wings Portions","14.09","0.0","Market Basket","5 lb","5 lb","No Image.jpg","","18"
"31830","Condiments & Dressings","Pickled Goods & Olives","Relish","Howard's ","Howard's Hot Pepper Relish ","070305005215","Howard's Hot Pepper Relish ","2.5","0.0","Market Basket","10 oz","10 oz","X2200.jpg","","2"
"6989","Cooking Needs","Baking & Cooking","Doughs, Gelatins & Bake Mixes","Jell-O","Jell O Sugar Free Raspberry Low Calorie Gelatin Mix","","Jell O Sugar Free Raspberry Low Calorie Gelatin Mix","1.09","0.0","Market Basket","0.3 oz","0.3 oz","2065.jpg","","8"
"33033","Cooking Needs","Baking & Cooking","Stuffing Mix","Market Basket","Market Basket Stuffing Mix For CHICKEN A delicious blend of stuffing & seasoning","","Market Basket Stuffing Mix For CHICKEN A delicious blend of stuffing & seasoning","1.24","0.0","Market Basket","6 oz","6 oz","X582.jpg","","1"
"32026","Breakfast & Dairy","Bars & Pastries","Granola Bars","Kashi","Kashi Dark Chocolate Coconut Granola Bars","018627431640","Kashi Dark Chocolate Coconut Granola Bars","3.75","0.0","Market Basket","6 x 1.1 oz","6 x 1.1 oz","X3922.jpg","","5"
"6878","Cooking Needs","Baking & Cooking","Baking Ingredients","Market Basket","Market Basket Corn Starch","","Market Basket Corn Starch","1.29","0.0","Market Basket","16 oz","16 oz","Market Basket.jpg","","8"
"14283","Breakfast & Dairy","Dairy & Eggs","Yogurt","YoCrunch","YoCrunch Vanilla Lowfat Yogurt with Snickers Pieces","","YoCrunch Vanilla Lowfat Yogurt with Snickers Pieces","2.19","0.0","Market Basket","6 oz","6 oz","466.jpg","","1"
"280","Kitchen & Cleaning","Dish Detergents","Dishwasher Detergent","Seventh Generation","Seventh Generation Dishwasher Detergent Powder Fragrance Free","","Seventh Generation Dishwasher Detergent Powder Fragrance Free","4.59","1.0","Market Basket","45 oz","45 oz","18062.jpg","","15"
"35115","Condiments & Dressings","Honey, Syrup & Nectars","Honey","Wholesome","Wholesome Organic Honey ","012511891671","Wholesome Organic Honey ","9.99","0.0","Market Basket","16 oz","16 oz","X3178.jpg","","2"
"5170","Chips, Cookies & Snacks","Cookies & Crackers","Crackers","Dare","Dare Breton Crackers Original","","Dare Breton Crackers Original","3.13","0.0","Market Basket","4.76 oz","4.76 oz","15175.jpg","","6"
"7613","Cooking Needs","Canned Food","Canned Fruit & Applesauce","Del Monte","Del Monte Diced Pears in Water, No Sugar Added Fruit Cups","","Del Monte Diced Pears in Water, No Sugar Added Fruit Cups","2.49","0.0","Market Basket","4 oz","4 oz","4908.jpg","","3"
"31054","Condiments & Dressings","Preserved Dips & Spreads","Spreads","Crofter's","Crofter's Seedless Raspberry Organic ","","Crofter's Seedless Raspberry Organic ","6.24","0.0","Market Basket","16.5 oz","16.5 oz","X169.jpg","","3"
"7542","Cooking Needs","Canned Food","Canned & Jarred Vegetables","Market Basket","Market Basket Whole Plum Tomatoes In Tomato Juice","","Market Basket Whole Plum Tomatoes In Tomato Juice","1.29","0.0","Market Basket","28 oz","28 oz","Market Basket.jpg","","9"
"31404","Meat & Seafood","Packaged Meat & Seafood","Sausage","Gaspars ","Gaspars Chourico Hot Portuguese Brand Sausage ","","Gaspars Chourico Hot Portuguese Brand Sausage ","7.49","0.0","Market Basket","16 oz","16 oz","X4616.jpg","","1"
"32309","Breakfast & Dairy","Bars & Pastries","Breakfast Bars","Kind","Kind Peanut Butter Dark Chocolate  Bars","602652184031","Kind Peanut Butter Dark Chocolate  Bars","3.75","0.0","Market Basket","5 x 1.2 oz","5 x 1.2 oz","X3885.jpg","","5"
"33151","Condiments & Dressings","Pickled Goods & Olives","Relish","Market Basket ","Market Basket Sweet Relish ","049705018811","Market Basket Sweet Relish ","3.74","0.0","Market Basket","14 oz","14 oz","X2213.jpg","","2"
"3916","Fresh Produce","Fresh Vegetables","Peas","Market Basket","Sugar Snap Peas","","Sugar Snap Peas","4.16","0.0","Market Basket","1 count","1 count","FP85.jpg","","20"
"8338","Condiments & Dressings","Fresh Dips & Tapenades","Fresh Dips & Tapenades","Sabra","Sabra Roasted Red Pepper Hummus","","Sabra Roasted Red Pepper Hummus","3.09","0.0","Market Basket","10 oz","10 oz","5545.jpg","","1"
"31081","Breakfast & Dairy","Dairy & Eggs","Yogurt","Danimals","Wild Danimals Mango Mojo NonFat Yogurt Drinks Vitmin D","","Wild Danimals Mango Mojo NonFat Yogurt Drinks Vitmin D","4.36","0.0","Market Basket","1.75 pint","1.75 pint","X183.jpg","","1"
"34599","Chips, Cookies & Snacks","Candy & Chocolates","Candy & Chocolate","Spearmint Rain","Spearmint Rain Marvel Avengers Eveery Pack Unlocks In-Game Content Details Inside ","","Spearmint Rain Marvel Avengers Eveery Pack Unlocks In-Game Content Details Inside ","3.99","0.0","Market Basket","15 oz","15 oz","X785.jpg","","3"
"7257","Cooking Needs","Spices & Seasonings","Spices & Seasonings","McCormick","McCormick Butter Extract With Other Natural Flavors","","McCormick Butter Extract With Other Natural Flavors","3.69","0.0","Market Basket","1 fl oz","1 fl oz","2175.jpg","","9"
"4328","Meat & Seafood","Meat & Seafood Counter","Pork","Market Basket","Pork Sirloin","","Pork Sirloin","3.69","0.0","Market Basket","1 lb","1 lb","Market Basket.jpg","","22"
"33323","Beverages & Juices","Juices & Refrigerated Drinks","Refrigerated Drinks","Minute maid","Minute Maid Zero sugar MANGO PASSION","","Minute Maid Zero sugar MANGO PASSION","3.13","0.0","Market Basket","52 fl oz","52 fl oz","X612.jpg","","1"
"7909","Cooking Needs","Canned Food","Soup, Broth & Bouillon","Bar Harbor","Bar Harbor All Natural Harbor New England Style Lobster Bisque Soup","","Bar Harbor All Natural Harbor New England Style Lobster Bisque Soup","3.09","0.0","Market Basket","10.5 oz","10.5 oz","17259.jpg","","9"
"30826","Personal Care","Vitamins & Proteins","Protien Drinks","Carnation","Carnation Breakfast Essentials Rich Milk Chocolate Nutritional Drink","050000415175","Carnation Breakfast Essentials Rich Milk Chocolate Nutritional Drink","8.11","0.0","Market Basket","6 x 10  fl oz ","6 x 10  fl oz ","X3484.jpg","","5"
"6569","Beverages & Juices","Juices & Refrigerated Drinks","Refrigerated Drinks","Bolthouse Farms","Bolthouse Farms Amazing Mango","","Bolthouse Farms Amazing Mango","3.09","0.0","Market Basket","15.2 fl oz","15.2 fl oz","3824.jpg","","20"
"33636","Meat & Seafood","Packaged Meat & Seafood","Kielbasa","North Country ","North Country Applewood Smoked Uncured Polish Style Kielbasa ","","North Country Applewood Smoked Uncured Polish Style Kielbasa ","6.24","0.0","Market Basket","12 oz","12 oz","X4619.jpg","","1"
"33666","Beverages & Juices","Juices & Refrigerated Drinks","Juice & Nectars","Ocean Spray","Ocean Spray Original Ruby Red","031200276278","Ocean Spray Original Ruby Red","3.99","0.0","Market Basket","64 fl oz","64 fl oz","X2832.jpg","","10"
"4913","Chips, Cookies & Snacks","Chips & Fruit Snacks","Chips & Pretzels","Ruffles","Ruffles Cheddar & Sour Cream Flavored Potato Chips","","Ruffles Cheddar & Sour Cream Flavored Potato Chips","6.23","0.0","Market Basket","8.25 oz","8.25 oz","14842.jpg","","0"
"4973","Chips, Cookies & Snacks","Chips & Fruit Snacks","Chips & Pretzels","Tostitos","Tostitos Original Restaurant Style Tortilla Chips","","Tostitos Original Restaurant Style Tortilla Chips","5.47","0.0","Market Basket","13 oz","13 oz","968.jpg","","0"
"33004","Cooking Needs","Baking & Cooking","Pizza Sauce","Market Basket","Market Basket Pizza Sauce","049705034934","Market Basket Pizza Sauce","1.24","0.0","Market Basket","14 oz","14 oz","X1316.jpg","","4"
"9580","Frozen Food","Frozen Dinners & Entrees","Frozen Meal","Monterey","El Monterey Beef & Bean Chimichangas","","El Monterey Beef & Bean Chimichangas","4.09","0.0","Market Basket","2 lb","2 lb","15966.jpg","","19"
"30755","Meat & Seafood","Packaged Meat & Seafood","Turkey","Butterball","Butterball Turkey Breast Extra Thin Sliced ","","Butterball Turkey Breast Extra Thin Sliced ","4.36","0.0","Market Basket","9 oz","9 oz","X4528.jpg","","1"
"6938","Cooking Needs","Baking & Cooking","Doughs, Gelatins & Bake Mixes","Betty Crocker","Betty Crocker Gingerbread Cake and Cookie Mix","","Betty Crocker Gingerbread Cake and Cookie Mix","3.09","0.0","Market Basket","14.5 oz","14.5 oz","2084.jpg","","8"
"4127","Meat & Seafood","Meat & Seafood Counter","Chicken Breast","Perdue","Perdue Thin Sliced Skinless Chicken Breast","","Perdue Thin Sliced Skinless Chicken Breast","4.89","0.0","Market Basket","1 lb","1 lb","No Image.jpg","","22"
"13799","Breakfast & Dairy","Dairy & Eggs","Packaged Cheese","Sargento","Sargento Reduced Fat Mozzarella Shredded Cheese","","Sargento Reduced Fat Mozzarella Shredded Cheese","3.29","0.0","Market Basket","8 oz","8 oz","No Image.jpg","","1"
"8404","Condiments & Dressings","Marinades, Ketchup & Sauces","Marinades & Meat Preparation","Infinite Herbd","Infinite Herbs Fresh Poultry Seasoning","","Infinite Herbs Fresh Poultry Seasoning","2.49","0.0","Market Basket","1 oz","1 oz","No Image.jpg","","9"
"12882","Breakfast & Dairy","Breads & Rolls","Bagels","York","Ray's New York Bagels Plain Bagels","","Ray's New York Bagels Plain Bagels","3.59","0.0","Market Basket","6 x 4 oz","6 x 4 oz","17055.jpg","","18"
"32704","Condiments & Dressings","Honey, Syrup & Nectars","Syrup","Maple Grove Farms","Maple Grove Farms Red Raspberry Syrup","074683003030","Maple Grove Farms Red Raspberry Syrup","3.99","0.0","Market Basket","8.5 fl oz","8.5 fl oz","X3195.jpg","","2"
"4211","Meat & Seafood","Packaged Meat & Seafood","Chicken Breast","Perdue","Perdue Italian Style Breaded Chicken Breast Cutlets","","Perdue Italian Style Breaded Chicken Breast Cutlets","4.89","0.0","Market Basket","0.75 lb","0.75 lb","4102.jpg","","22"
"6072","Beverages & Juices","Ginger Ale & Ginger Beer","Ginger Ale","Canada Dry","Canada Dry Ginger Ale","","Canada Dry Ginger Ale","5.0","0.0","Market Basket","6 x 16.9 fl oz","6 x 16.9 fl oz","16607.jpg","","17"
"10002","Frozen Food","Ice Cream & Ice","Ice Cream & Ice","Edy's/dreyer's","Edy's/Dreyer's Caramel Delight Light Ice Cream","","Edy's/Dreyer's Caramel Delight Light Ice Cream","3.69","0.0","Market Basket","1.5 quart","1.5 quart","3036.jpg","","21"
"599","Laundry & Paper Goods","Paper Goods","Bathroom Tissues / Toilet Paper","Market Basket","Market Basket Premium Bathroom Tissue Ultra Strong","","Market Basket Premium Bathroom Tissue Ultra Strong","6.24","1.0","Market Basket","8 count","8 count","Market Basket.jpg","","14"
"14655","Breakfast & Dairy","Tea & Coffee","Tea","Yogi","Yogi Kava Stress Relief Herbal Tea, Caffeine Free","","Yogi Kava Stress Relief Herbal Tea, Caffeine Free","4.89","0.0","Market Basket","16 count","16 count","3512.jpg","","8"
"35133","Condiments & Dressings","Salad Dressings & Toppings","Salad Dressing & Toppings","Wish Bone","Wish Bone House Italian Dressing","041321006487","Wish Bone House Italian Dressing","2.5","0.0","Market Basket","15 fl oz","15 fl oz","X904.jpg","","2"
"34916","Breakfast & Dairy","Dairy & Eggs","Yogurt","Two Good","Two Good 2G Sugar Coconut  Flavored Greek Yogurt ","","Two Good 2G Sugar Coconut  Flavored Greek Yogurt ","1.25","0.0","Market Basket","5.3 oz","5.3 oz","X869.jpg","","1"
"8310","Condiments & Dressings","Fresh Dips & Tapenades","Hommus","Joseph's","Joseph's Hommus Roasted Red Pepper","","Joseph's Hommus Roasted Red Pepper","2.49","0.0","Market Basket","8 oz","8 oz","5517.jpg","","1"
"14715","Personal Care","Body Wash, Soap & Hair Care","Cream","Gold Bond","Gold Bond Ultimate Skin Therapy Cream Softening Shea Butter","","Gold Bond Ultimate Skin Therapy Cream Softening Shea Butter","8.96","1.0","Market Basket","5.5 oz","5.5 oz","17762.jpg","","13"
"34489","Breakfast & Dairy","Dairy & Eggs","Yogurt","Siggi's","Siggi's Plant Based Coconut Blend Vanilla & Cinnamon ","","Siggi's Plant Based Coconut Blend Vanilla & Cinnamon ","1.56","0.0","Market Basket","5.3 oz","5.3 oz","X759.jpg","","1"
"7525","Cooking Needs","Canned Food","Canned & Jarred Vegetables","Market Basket","Market Basket Sliced Beets","","Market Basket Sliced Beets","0.69","0.0","Market Basket","8.25 oz","8.25 oz","Market Basket.jpg","","9"
"5938","Beverages & Juices","Cocoa & Drink Mixes","Cocoa & Drink Mixes","Powell & Mahoney","Powell & Mahoney Skinny Margarita","","Powell & Mahoney Skinny Margarita","8.74","0.0","Market Basket","750 ml","750 ml","No Image.jpg","","17"
"6417","Chips, Cookies & Snacks","Chips & Fruit Snacks","Rice Cake","Mother's","Mother'S Salted Plain Rice Cakes","","Mother'S Salted Plain Rice Cakes","3.13","0.0","Market Basket","4.4 oz","4.4 oz","15163.jpg","","6"
"574","Laundry & Paper Goods","Laundry","Laundry Detergent","Downy","Downy infusions ROMANTIC White Tea & Peony 48 loads Laundry Detergent","","Downy infusions ROMANTIC White Tea & Peony 48 loads Laundry Detergent","7.49","1.0","Market Basket","0.96 L","0.96 L","No Image.jpg","","15"
"9605","Frozen Food","Frozen Dinners & Entrees","Frozen Meal","Sargento","Sargento Off the Block Reduced Fat Mozzarella Traditional Cut Shredded Cheese","","Sargento Off the Block Reduced Fat Mozzarella Traditional Cut Shredded Cheese","2.49","0.0","Market Basket","7 oz","7 oz","15949.jpg","","1"
"15169","Personal Care","Personal Needs","Oral Hygiene","Colgate","Colgate Sensitive Whitening Toothpaste Fresh Mint","","Colgate Sensitive Whitening Toothpaste Fresh Mint","7.0","1.0","Market Basket","6 oz","6 oz","6384.jpg","","13"
"5371","Chips, Cookies & Snacks","Cookies & Crackers","Cookies & Cakes","Enjoy Life","Enjoy Life Soft Baked Cookies Snickerdoodle","","Enjoy Life Soft Baked Cookies Snickerdoodle","6.23","0.0","Market Basket","6 oz","6 oz","No Image.jpg","","6"
"30947","Chips, Cookies & Snacks","Candy & Chocolates","Candy & Chocolate","Chocolove","Chocolove xoxox Toffee & Almonds In Milk Chocolate","","Chocolove xoxox Toffee & Almonds In Milk Chocolate","2.5","0.0","Market Basket","3.2 oz","3.2 oz","X154.jpg","","3"
"13863","Breakfast & Dairy","Dairy & Eggs","Soy & Lactose-Free","Blue Diamond","Blue Diamond Almond Milk Original","","Blue Diamond Almond Milk Original","3.19","0.0","Market Basket","32 oz","32 oz","Market Basket.jpg","","1"
"545","Laundry & Paper Goods","Laundry","Laundry Detergent","all","all with Stainlifters free clear with OXI Laundry Detergent","","all with Stainlifters free clear with OXI Laundry Detergent","13.11","1.0","Market Basket","141 fl oz","141 fl oz","No Image.jpg","","15"
"30915","Breakfast & Dairy","Dairy & Eggs","Yogurt","Chobani","Chobani Complete Advance Nutrition Yogurt Blueberry","","Chobani Complete Advance Nutrition Yogurt Blueberry","1.49","0.0","Market Basket","5.3 oz","5.3 oz","X122.jpg","","1"
"14931","Personal Care","First Aid & Healthcare","Cold, Flu & Allergy","Market Basket","Market Basket Cough Drops","","Market Basket Cough Drops","1.48","1.0","Market Basket","1 pack","1 pack","Market Basket.jpg","","13"
"6395","Beverages & Juices","Soft Drinks & Seltzers","Seltzer","Polar","Polar Seltzer Pink Raspberry Lemonade","","Polar Seltzer Pink Raspberry Lemonade","4.18","0.0","Market Basket","8 x 12 fl oz","8 x 12 fl oz","No Image.jpg","","11"
"30000","Meat & Seafood","Packaged Meat & Seafood","Burger","20 Quarter Pound ","20 Quarter Pound ","","20 Quarter Pound ","19.99","0.0","Market Basket","80 oz","80 oz","X4712.jpg","","1"
"9843","Frozen Food","Frozen Produce","Frozen Produce","Market Basket","Market Basket Chopped Spinach","","Market Basket Chopped Spinach","1.59","0.0","Market Basket","16 oz","16 oz","Market Basket.jpg","","19"
"31792","Breakfast & Dairy","Dairy & Eggs","Sour Cream","Hood","Hood Light Sour Cream","","Hood Light Sour Cream","2.11","0.0","Market Basket","16 oz","16 oz","X350.jpg","","1"
"32377","Breakfast & Dairy","Pancake & Waffle Mix","Pancake & Waffle Mix","Kodaik Cakes ","Kodaik Cakes Frontier Whole Wheat Oats & Honey ","705599011122","Kodaik Cakes Frontier Whole Wheat Oats & Honey ","4.99","0.0","Market Basket","24 oz","24 oz","X5310.jpg","","3"
"7210","Cooking Needs","Spices & Seasonings","Spices & Seasonings","David's","David's Kosher Salt","","David's Kosher Salt","3.09","0.0","Market Basket","16 oz","16 oz","15662.jpg","","9"
"10014","Frozen Food","Ice Cream & Ice","Ice Cream & Ice","Edy's/dreyer's","Edy's/dreyer's Mint Chocolate Chip Light Ice Cream","","Edy's/dreyer's Mint Chocolate Chip Light Ice Cream","3.69","0.0","Market Basket","48 fl oz","48 fl oz","3015.jpg","","21"
"33160","Condiments & Dressings","Salad Dressings & Toppings","Salad Dressing & Toppings","Market Basket ","Market Basket Great as a Marinade Robust Italian Dressing","049705016053","Market Basket Great as a Marinade Robust Italian Dressing","2.24","0.0","Market Basket","16 fl oz","16 fl oz","X602.jpg","","2"
"8312","Condiments & Dressings","Fresh Dips & Tapenades","Hommus","Joseph's","Joseph's Party Size Hommus Red Pepper","","Joseph's Party Size Hommus Red Pepper","4.29","0.0","Market Basket","16 oz","16 oz","5518.jpg","","1"
"3433","Fresh Produce","Fresh Fruits","Apple","Market Basket","Empire Apples","","Empire Apples","1.64","0.0","Market Basket","1 lb","1 lb","f6.jpg","","20"
"6776","Cooking Needs","Baking & Cooking","Baking Ingredients","Baker's","Baker's Angel Flake Sweetened Coconut","","Baker's Angel Flake Sweetened Coconut","2.49","0.0","Market Basket","7 oz","7 oz","15713.jpg","","8"
"31255","Frozen Food","Frozen Dinners & Entrees","Frozen Appetizers & Sides","Evol","Evol Choipotle Chicken Mac & Cheese","891627002948","Evol Choipotle Chicken Mac & Cheese","3.74","0.0","Market Basket","8 oz","8 oz","X4322.jpg","","18"
"33827","Cooking Needs","Canned Food","Canned Tomatoes","Pastene","Pastene San Marzano Style Tomatoes with Whole Basil Leaf","066086080800","Pastene San Marzano Style Tomatoes with Whole Basil Leaf","2.11","0.0","Market Basket","28 oz","28 oz","X1377.jpg","","4"
"5664","Chips, Cookies & Snacks","Candy & Chocolates","Mint & Gum","Orbit","Orbit Sweet Mint Sugarfree Gum multi total","","Orbit Sweet Mint Sugarfree Gum multi total","2.49","0.0","Market Basket","42 ct","42 ct","1487.jpg","","3"
"12954","Breakfast & Dairy","Breads & Rolls","Tortillas & Flat Bread","Cedar","Cedar Wraps Whole Wheat","","Cedar Wraps Whole Wheat","2.79","0.0","Market Basket","10 oz","10 oz","4818.jpg","","18"
"5164","Chips, Cookies & Snacks","Cookies & Crackers","Crackers","Carr's","Carr's Rosemarry Carckers Rich & Savory","","Carr's Rosemarry Carckers Rich & Savory","3.91","0.0","Market Basket","5 oz","5 oz","No Image.jpg","","6"
"551","Laundry & Paper Goods","Laundry","Laundry Detergent","Gain","Gain Fireworks in wash scent original Laundry Detergent","","Gain Fireworks in wash scent original Laundry Detergent","8.74","1.0","Market Basket","285 g","285 g","No Image.jpg","","15"
"33694","Breakfast & Dairy","Dairy & Eggs","Yogurt","Oikos","Oikos Triple Zero Peach Flavor ","","Oikos Triple Zero Peach Flavor ","1.25","0.0","Market Basket","5.3 oz","5.3 oz","X692.jpg","","1"
"5697","Breakfast & Dairy","Bars & Pastries","Protien Bars","Amrita","Amrita Health Foods Bar Cranberry Raisin","","Amrita Health Foods Bar Cranberry Raisin","1.89","0.0","Market Basket","2 oz","2 oz","15268.jpg","","3"
"31914","Condiments & Dressings","Pickled Goods & Olives","Olives","Italica ","Italica Queen Olives Per 3 Olives","070118003347","Italica Queen Olives Per 3 Olives","2.5","0.0","Market Basket","5.3 oz","5.3 oz","X2258.jpg","","2"
"30216","Breakfast & Dairy","Pancake & Waffle Mix","Pancake & Waffle Mix","Aunt Jemima","Aunt Jemima Pancake & Waffle Mix Compleate","30000432662","Aunt Jemima Pancake & Waffle Mix Compleate","4.99","0.0","Market Basket","80 oz","80 oz","X5305.jpg","","3"
"33223","Meat & Seafood","Packaged Meat & Seafood","Turkey","Market Basket ","Market Basket Oven Roasted Turkey Breast ","","Market Basket Oven Roasted Turkey Breast ","6.24","0.0","Market Basket","16 oz","16 oz","X4541.jpg","","1"
"9024","Condiments & Dressings","Preserved Dips & Spreads","Spreads","Polaner","Polaner All Fruit Spreadable Fruit Apricot","","Polaner All Fruit Spreadable Fruit Apricot","2.49","0.0","Market Basket","10 oz","10 oz","1676.jpg","","3"
"4013","Fresh Produce","Fresh Vegetables","Sweet Potato","Market Basket","Southern Produce Distributors Sweet Potatoes Triple Washed","","Southern Produce Distributors Sweet Potatoes Triple Washed","3.21","0.0","Market Basket","1.5 lb","1.5 lb","FP136.jpg","","20"
"14597","Beverages & Juices","Tea, Coffee, Milk & Coconut Water","Tea","Snapple","Snapple Diet Peach Tea ","076183263570","Snapple Diet Peach Tea ","7.49","0.0","Market Basket","6 x 16 fl oz","6 x 16 fl oz","X3005.jpg","","10"
"33452","Breakfast & Dairy","Bars & Pastries","Energy Bar","Nature Valley","Nature Valley Packed Sustained Energy Bar Peanut Butter & Cranberry","016000162273","Nature Valley Packed Sustained Energy Bar Peanut Butter & Cranberry","4.36","0.0","Market Basket","4 x 1.7 oz","4 x 1.7 oz","X3830.jpg","","5"
"34734","Breakfast & Dairy","Bars & Pastries","Granola Bars","Sunbelt Bakery ","Sunbelt Bakery Peanut Butter Chocolate Chip Granola Bars","024300031120","Sunbelt Bakery Peanut Butter Chocolate Chip Granola Bars","3.13","0.0","Market Basket","10.21 oz","10.21 oz","X3794.jpg","","5"
"34675","Frozen Food","Frozen Dinners & Entrees","Frozen Meal","Stouffer's ","Stouffer's Macaroni & Cheese","013800190031","Stouffer's Macaroni & Cheese","12.49","0.0","Market Basket","76 oz","76 oz","X4289.jpg","","18"
"3913","Fresh Produce","Fresh Vegetables","Pearl Onion","Auerpak","Auerpak Gold Pearl Onions","","Auerpak Gold Pearl Onions","3.21","0.0","Market Basket","10 oz","10 oz","FP60.jpg","","20"
"7297","Cooking Needs","Spices & Seasonings","Spices & Seasonings","McCormick","McCormick GourmetÃ¢âÂ¢ Organic Poppy Seed","","McCormick GourmetÃ¢âÂ¢ Organic Poppy Seed","4.89","0.0","Market Basket","2.12 oz","2.12 oz","2197.jpg","","9"
"14796","Personal Care","Body Wash, Soap & Hair Care","Hair Care","Suave","Suave Unscented Hair Spray Extreme Hold","","Suave Unscented Hair Spray Extreme Hold","4.24","1.0","Market Basket","11 oz","11 oz","6567.jpg","","13"
"30144","Beverages & Juices","Juices & Refrigerated Drinks","Juice & Nectars","Apple & Eve","Apple & Eve Cranberry Apple 100% Juice","076301722156","Apple & Eve Cranberry Apple 100% Juice","3.74","0.0","Market Basket","64 fl oz","64 fl oz","X2793.jpg","","10"
"6381","Beverages & Juices","Water","Sparkling Water","Polar","Polar Mandarin Sparkling Water","","Polar Mandarin Sparkling Water","1.24","0.0","Market Basket","1 L","1 L","No Image.jpg","","11"
"6633","Beverages & Juices","Juices & Refrigerated Drinks","Refrigerated Drinks","Odwalla","Odwalla Berries Gomega Berry Fruit Juice Drink","","Odwalla Berries Gomega Berry Fruit Juice Drink","3.59","0.0","Market Basket","15.2 oz","15.2 oz","3799.jpg","","20"
"34570","Beverages & Juices","Tea, Coffee, Milk & Coconut Water","Tea","Snapple","Snapple All Natural Lemon Tea","076183003152","Snapple All Natural Lemon Tea","1.86","0.0","Market Basket","16 fl oz","16 fl oz","X2981.jpg","","10"
"32558","Condiments & Dressings","Pickled Goods & Olives","Pickled Goods & Olives","Levant ","Levant Mediterranean Delicacies Pickled Cucumbers ","859215006631","Levant Mediterranean Delicacies Pickled Cucumbers ","3.74","0.0","Market Basket","23 oz","23 oz","X2304.jpg","","2"
"31439","Meat & Seafood","Canned Meat & Seafood","Crabmeat","Geisha","Geisha A Traditional Of Quality Since 1912 Snow Crab Meat ","","Geisha A Traditional Of Quality Since 1912 Snow Crab Meat ","9.99","0.0","Market Basket","6 oz","6 oz","X1884.jpg","","2"
"32005","Condiments & Dressings","Marinades, Ketchup & Sauces","Paste","Kabuto","Kabuto Horseradish Paste Ready-Mix Wasabi in handy Tube","081652051756","Kabuto Horseradish Paste Ready-Mix Wasabi in handy Tube","2.99","0.0","Market Basket","1.59 lb","1.59 lb","X3228.jpg","","2"
"31174","Condiments & Dressings","Preserved Dips & Spreads","Spreads","Dicrinson's","Dicrinson's Primium Cranberry Relish  ","","Dicrinson's Primium Cranberry Relish  ","2.5","0.0","Market Basket","9.6 oz","9.6 oz","X224.jpg","","3"
"10437","Cooking Needs","Rice & Grains","Grains, Rice & Dried Goods","Monterey","Monterey Woodear Dried Mushrooms","","Monterey Woodear Dried Mushrooms","4.09","0.0","Market Basket","1 oz","1 oz","No Image.jpg","","N/A"
"5258","Chips, Cookies & Snacks","Chips & Fruit Snacks","Chips & Pretzels","Kettle","Kettle Brand Potato Chips Honey Dijon","","Kettle Brand Potato Chips Honey Dijon","4.69","0.0","Market Basket","8.5 oz","8.5 oz","No Image.jpg","","0"
"34514","Frozen Food","Frozen Dinners & Entrees","Frozen Meal","Smart Ones","Smart Ones Roasted Chicken with Herb Gravy","025800026296","Smart Ones Roasted Chicken with Herb Gravy","2.5","0.0","Market Basket","9 oz","9 oz","X4197.jpg","","18"
"34665","Frozen Food","Frozen Dinners & Entrees","Frozen Meal","Stouffer's ","Stouffer's Baked Macaroni & Cheese","013800188311","Stouffer's Baked Macaroni & Cheese","2.99","0.0","Market Basket","10 oz","10 oz","X4279.jpg","","18"
"30094","Pasta & Sauces","Gluten Free Pasta","Raw Pasta","Ancient Harvest","Ancient Harvest Protien Organic Pasta Red Lentil Rotini Gluten Free","089125260308","Ancient Harvest Protien Organic Pasta Red Lentil Rotini Gluten Free","3.74","0.0","Market Basket","8 oz","8 oz","X1570.jpg","","4"
"31952","Meat & Seafood","Hot Dogs, Bacon & Sausage","Sausage","Johnsonville","Johnsonville BRATS BEER Bratwurst","","Johnsonville BRATS BEER Bratwurst","5.86","0.0","Market Basket","19 oz","19 oz","X388.jpg","","1"
"32054","Frozen Food","Frozen Breakfast","Frozen Waffles","Kashi ","Kashi Protein Waffles Willd Blueberry ","018627111818","Kashi Protein Waffles Willd Blueberry ","5.61","0.0","Market Basket","10.7 oz","10.7 oz","X5016.jpg","","19"
"3569","Fresh Produce","Fresh Vegetables","Carrot","Market Basket","Shredded Carrots","","Shredded Carrots","3.84","0.0","Market Basket","1 lb","1 lb","f169.jpg","","20"
"32391","Beverages & Juices","Juices & Refrigerated Drinks","Juice & Nectars","Kool-Aid","Kool Aid Jammers Strawberry Kiwi","043000028278","Kool Aid Jammers Strawberry Kiwi","2.5","0.0","Market Basket","10 x 6 fl oz","10 x 6 fl oz","X3073.jpg","","10"
"35340","Richardson's Farm Ice Cream","Frozen Yogurt","Cookie Dough","Richarson's Farm","Richarson's Farm Cookie Dough Frozen Yogurt 95% Fat Free","","Vanilla yogurt with chocolate chips and raw cookie dough pieces","7.99","0.0","Richardson's Farm","1-2 Gal. Container","1-2 Gal. Container","RichardsonsFarm.jpg","",""
"13505","Breakfast & Dairy","Dairy & Eggs","Milk","Market Basket","Market Basket Organic Whole Milk","","Market Basket Organic Whole Milk","7.49","0.0","Market Basket","1 gal","1 gal","Market Basket.jpg","","1"
"35122","Frozen Food","Frozen Pizza","Frozen Pizza","Wild Mike's ","Wild Mike's Ultimate Pizza ","078642101775","Wild Mike's Ultimate Pizza ","7.49","0.0","Market Basket","36.30 oz","36.30 oz","X4916.jpg","","19"
"14444","Breakfast & Dairy","Tea & Coffee","Coffee","New England Coffee","New England Coffee Eyeopener Blend Ground Coffee","","New England Coffee Eyeopener Blend Ground Coffee","7.39","0.0","Market Basket","9 oz","9 oz","3371.jpg","","8"
"31502","Chips, Cookies & Snacks","Candy & Chocolates","Candy & Chocolate","Ghirardelli","Ghirardelli chocolate Squares Dark Chocolate sea salt caramel","","Ghirardelli chocolate Squares Dark Chocolate sea salt caramel","4.74","0.0","Market Basket","5.32 oz","5.32 oz","X288.jpg","","3"
"30777","Cooking Needs","Canned Food","Baked Beans","Campbell's","Campbell's Chunky Chili Sauce With Beans","","Campbell's Chunky Chili Sauce With Beans","3.13","0.0","Market Basket","19 oz","19 oz","X1853.jpg","","2"
"33595","Condiments & Dressings","Salad Dressings & Toppings","Salad Dressing & Toppings","Newmen's Own","Newmen's Own Organics Italian Dressing","020662","Newmen's Own Organics Italian Dressing","4.11","0.0","Market Basket","12 fl oz","12 fl oz","X644.jpg","","2"
"35033","Beverages & Juices","Energy & Sports Drinks","Energy & Sports Drinks","Vitamin 1","Vitamin 1 Lemon Lime No Sugar","8.64477E+11","Vitamin 1 Lemon Lime No Sugar","2.49","0.0","Market Basket","16.9 fl oz","16.9 fl oz","X2752.jpg","","10"
"5940","Beverages & Juices","Cocoa & Drink Mixes","Cocoa & Drink Mixes","Powell & Mahoney","Powell & Mahoney Classic Bloody Mary","","Powell & Mahoney Classic Bloody Mary","8.74","0.0","Market Basket","750 ml","750 ml","No Image.jpg","","17"
"5663","Chips, Cookies & Snacks","Candy & Chocolates","Mint & Gum","Orbit","Orbit Sugarfree Gum Cinnamon","","Orbit Sugarfree Gum Cinnamon","2.49","0.0","Market Basket","42 ct","42 ct","1486.jpg","","3"
"6970","Cooking Needs","Baking & Cooking","Doughs, Gelatins & Bake Mixes","Jell-O","Jell O Chocolate Instant Pudding Mix","","Jell O Chocolate Instant Pudding Mix","1.09","0.0","Market Basket","3.9 oz","3.9 oz","2050.jpg","","8"
"31366","Condiments & Dressings","Marinades, Ketchup & Sauces","Marinades & Meat Preparation","French's ","French's Since 1904 New Sweet Buffalo Mustard Dipping Sauce Made With Fran's RedHot .Buffalo Sauce ","041500001463","French's Since 1904 New Sweet Buffalo Mustard Dipping Sauce Made With Fran's RedHot .Buffalo Sauce ","2.86","0.0","Market Basket","12 fl oz","12 fl oz","X2073.jpg","","2"
"9424","Frozen Food","Frozen Dinners & Entrees","Frozen Meal","Birds Eye","Birds Eye Voila! Chicken Stir Fry","","Birds Eye Voila! Chicken Stir Fry","4.89","0.0","Market Basket","21 oz","21 oz","2789.jpg","","19"
"14666","Personal Care","Body Wash, Soap & Hair Care","Body Lotion","Eucerin","Eucerin Soothing Repair Lotion Original Healing","","Eucerin Soothing Repair Lotion Original Healing","15.51","1.0","Market Basket","16.9 fl oz","16.9 fl oz","6371.jpg","","13"
"5628","Chips, Cookies & Snacks","Chips & Fruit Snacks","Fruit & Vegetable Snacks","Peeled Snacks","Peeled Mango, Gently Dried, Much Ado About Mango","","Peeled Mango, Gently Dried, Much Ado About Mango","4.29","0.0","Market Basket","2.8 oz","2.8 oz","15344.jpg","","20"
"10046","Frozen Food","Ice Cream & Ice","Ice Cream & Ice","Friendly's","Friendly's Premium Ice Cream Rich & Creamy Coffee","","Friendly's Premium Ice Cream Rich & Creamy Coffee","3.69","0.0","Market Basket","1.5 quart","1.5 quart","3049.jpg","","21"
"30218","Condiments & Dressings","Marinades, Ketchup & Sauces","Sauces","Authenic ","Authenic Buffalo Style Chicken Wings Sauce ","098582192007","Authenic Buffalo Style Chicken Wings Sauce ","2.49","0.0","Market Basket","10 oz","10 oz","X2107.jpg","","2"
"7248","Cooking Needs","Spices & Seasonings","Spices & Seasonings","McCormick","McCormick Alum","","McCormick Alum","4.89","0.0","Market Basket","1.9 oz","1.9 oz","2160.jpg","","9"
"35125","Pasta & Sauces","Instant Pasta","Instant Pasta","Wisconsin's Finest","Wisconsin's Finest Organic Safari Animal Pasta with Cheese Suace Macaroni & Cheese","080364186121","Wisconsin's Finest Organic Safari Animal Pasta with Cheese Suace Macaroni & Cheese","2.5","0.0","Market Basket","6 oz","6 oz","X1231.jpg","","4"
"9054","Condiments & Dressings","Preserved Dips & Spreads","Spreads","Smucker's","Smucker's Squeeze Strawberry Fruit Spread","","Smucker's Squeeze Strawberry Fruit Spread","2.69","0.0","Market Basket","20 oz","20 oz","1623.jpg","","3"
"4366","Meat & Seafood","Meat & Seafood Counter","Swordfish","Market Basket","Market Basket Swordfish Steaks","","Market Basket Swordfish Steaks","18.29","0.0","Market Basket","Approx: 1.00 lb at $18.2/lb","Approx: 1.00 lb at $18.2/lb","Market Basket.jpg","","22"
"34829","Breakfast & Dairy","Breads & Rolls","Bagels","Thomas","Thomas Mini Bagels Cinnamon Raisin","048121216818","Thomas Mini Bagels Cinnamon Raisin","5.61","0.0","Market Basket","15 oz","15 oz","X2598.jpg","","18"
"209","Kitchen & Cleaning","Cleaning Products","Scrub Sponge","SOS","SOS Sponges","","SOS Sponges","2.79","1.0","Market Basket","15 count","15 count","16797.jpg","","15"
"14940","Personal Care","First Aid & Healthcare","Digestion","Pepto Bismol","Pepto-Bismol Pepto Original Liquid for Nausea, Heartburn, Indigestion, Upset Stomach","","Pepto-Bismol Pepto Original Liquid for Nausea, Heartburn, Indigestion, Upset Stomach","4.01","1.0","Market Basket","4 fl oz","4 fl oz","6651.jpg","","13"
"32148","Frozen Food","Frozen Breakfast","Frozen Pancakes","Kellogg's ","Kellogg's Eggo French Toaster Sticks Cinnamon ","038000051982","Kellogg's Eggo French Toaster Sticks Cinnamon ","3.11","0.0","Market Basket","12.7 oz","12.7 oz","X5062.jpg","","19"
"5005","Chips, Cookies & Snacks","Chips & Fruit Snacks","Chips & Pretzels","Utz","Utz Sourdough Specials Original Pretzels","","Utz Sourdough Specials Original Pretzels","4.69","0.0","Market Basket","16 oz","16 oz","859.jpg","","0"
"35005","Breakfast & Dairy","Breads & Rolls","Buns","Vermont Bread","Vermont Bread Organic Hot Dog Buns","025911013024","Vermont Bread Organic Hot Dog Buns","3.74","0.0","Market Basket","14.1 oz","14.1 oz","X2440.jpg","","18"
"3602","Fresh Produce","Fresh Vegetables","Cucumber","Market Basket","Mini Seedess Cucumber","","Mini Seedess Cucumber","4.7","0.0","Market Basket","14 oz pack","14 oz pack","14350.jpg","","20"
"33567","Cooking Needs","Rice & Grains","Instant Rice","Near East ","Near East Long Grain & Wild Rice Original","072251001457","Near East Long Grain & Wild Rice Original","2.5","0.0","Market Basket","6 oz","6 oz","X1029.jpg","","4"
"7605","Cooking Needs","Canned Food","Canned & Jarred Vegetables","Sun","Sun Luck Whole Peeled Water Chestnuts","","Sun Luck Whole Peeled Water Chestnuts","2.19","0.0","Market Basket","8 oz","8 oz","17087.jpg","","9"
"31284","Breakfast & Dairy","Breads & Rolls","Bread","Fantini","Fantini Enriched Italian Scali Bread with Sesame Seeds","072427000338","Fantini Enriched Italian Scali Bread with Sesame Seeds","3.13","0.0","Market Basket","15 oz","15 oz","X2594.jpg","","18"
"31151","Cooking Needs","Canned Food","Canned Tomatoes","Del Monte","Del Monte Petite Cut Diced Tomatoes","024000011071","Del Monte Petite Cut Diced Tomatoes","1.25","0.0","Market Basket","14.5 oz","14.5 oz","X1354.jpg","","4"
"33121","Condiments & Dressings","Marinades, Ketchup & Sauces","Marinades & Meat Preparation","Market Basket ","Market Bsket Classic Steak Sauce ","049705020968","Market Bsket Classic Steak Sauce ","1.24","0.0","Market Basket","15 fl oz","15 fl oz","X2101.jpg","","2"
"30496","Cooking Needs","Rice & Grains","Grains, Rice & Dried Goods","Bob's Red Mill","Bob's Red Mill Golden Couscous Quick Cooking Non GMO ","039978045843","Bob's Red Mill Golden Couscous Quick Cooking Non GMO ","8.74","0.0","Market Basket","24 oz","24 oz","X1084.jpg","","4"
"30953","Condiments & Dressings","Salad Dressings & Toppings","Salad Dressing & Toppings","Christe's ","Christe's Lite Greek ","073557150122","Christe's Lite Greek ","2.11","0.0","Market Basket","9 fl oz","9 fl oz","X156.jpg","","2"
"6127","Beverages & Juices","Soft Drinks & Seltzers","Soft Drinks","Fanta","Fanta Orange Soda","","Fanta Orange Soda","5.0","0.0","Market Basket","6 x 16.9 fl oz","6 x 16.9 fl oz","18045.jpg","","17"
"30950","Condiments & Dressings","Marinades, Ketchup & Sauces","Sauces","Cholula ","Cholula Hot Sauce Imported From Mexico Original","049733091015","Cholula Hot Sauce Imported From Mexico Original","3.13","0.0","Market Basket","12 fl oz","12 fl oz","X2110.jpg","","2"
"32043","Breakfast & Dairy","Cereal","Cereal","Kashi","Kashi Autumn Wheat Organic Whole wheat Biscuits","018627703129","Kashi Autumn Wheat Organic Whole wheat Biscuits","3.75","0.0","Market Basket","16.3 oz","16.3 oz","X3717.jpg","","5"
"8347","Condiments & Dressings","Fresh Dips & Tapenades","Fresh Dips & Tapenades","Yucatan","Yucatan. Guacamole Mild","","Yucatan. Guacamole Mild","4.89","0.0","Market Basket","16 oz","16 oz","17321.jpg","","1"
"34060","Breakfast & Dairy","Bars & Pastries","Pastries","Pop Tarts","Pop Tarts Frosted Chocolate Chip","038000223068","Pop Tarts Frosted Chocolate Chip","4.99","0.0","Market Basket","27 oz","27 oz","X3492.jpg","","5"
"30459","Breakfast & Dairy","Granola & Oats","Granola","Bob's Red Mill","Bob's Red Mill Apple Blueberry Granola","039978026644","Bob's Red Mill Apple Blueberry Granola","4.36","0.0","Market Basket","12 oz","12 oz","X3737.jpg","","5"
"34194","Beverages & Juices","Tea, Coffee, Milk & Coconut Water","Tea","Pure Leaf","Pure Leaf Unsweetened Black Tea Real Brewed Tea ","012000181726","Pure Leaf Unsweetened Black Tea Real Brewed Tea ","7.49","0.0","Market Basket","6 x 16.9 fl oz","6 x 16.9 fl oz","X2964.jpg","","10"
"6843","Cooking Needs","Baking & Cooking","Baking Ingredients","Ghirardelli Chocolate","Ghirardelli Chocolate Baking Chips Semi Sweet Chocolate","","Ghirardelli Chocolate Baking Chips Semi Sweet Chocolate","3.69","0.0","Market Basket","12 oz","12 oz","2341.jpg","","8"
"34656","Frozen Food","Frozen Dinners & Entrees","Frozen Meal","Stouffer's ","Stouffer's Bowl-Fulls Cheesy Chicken Parmesan","013800190765","Stouffer's Bowl-Fulls Cheesy Chicken Parmesan","4.11","0.0","Market Basket","14 oz","14 oz","X4270.jpg","","18"
"34742","Beverages & Juices","Juices & Refrigerated Drinks","Juice & Nectars","Sunsweet","Sunsweet Light Plum Smart Juice","802763114891","Sunsweet Light Plum Smart Juice","5.36","0.0","Market Basket","48 fl oz","48 fl oz","X2913.jpg","","10"
"6524","Chips, Cookies & Snacks","Nuts, Seeds & Dried Fruit","Nuts, Seeds & Dried Fruit","Sunmaid","Sunmaid Chopped Dates","","Sunmaid Chopped Dates","3.36","0.0","Market Basket","8 oz","8 oz","No Image.jpg","","6"
"9212","Frozen Food","Frozen Dinners & Entrees","Frozen Appetizers & Sides","Tyson","Tyson Fully Cooked Crispy Chicken Strips (Frozen)","","Tyson Fully Cooked Crispy Chicken Strips (Frozen)","9.36","0.0","Market Basket","25 oz","25 oz","2596.jpg","","1"
"30336","Pasta & Sauces","Raw Pasta","Raw Pasta","Barilla","Barilla Pasta Tri Color Rotini","076808518290","Barilla Pasta Tri Color Rotini","1.74","0.0","Market Basket","12 oz","12 oz","X1640.jpg","","4"
"30918","Breakfast & Dairy","Dairy & Eggs","Yogurt","Chobani","Chobani Complete Advance Nutrition Yogurt Key Lime","","Chobani Complete Advance Nutrition Yogurt Key Lime","1.49","0.0","Market Basket","5.3 oz","5.3 oz","X125.jpg","","1"
"9891","Frozen Food","Frozen Produce","Frozen Produce","Market Basket","Market Basket Whole Frozen Strawberries","","Market Basket Whole Frozen Strawberries","2.49","0.0","Market Basket","16 oz","16 oz","Market Basket.jpg","","19"
"4987","Chips, Cookies & Snacks","Chips & Fruit Snacks","Chips & Pretzels","Utz","Utz Kettle Classic TGI Fridays Cheddar & Bacon Potato Chips","","Utz Kettle Classic TGI Fridays Cheddar & Bacon Potato Chips","4.69","0.0","Market Basket","8 oz","8 oz","No Image.jpg","","0"
"31676","Frozen Food","Frozen Dinners & Entrees","Frozen Meal","Healthy Choice","Healthy Choice Power Bowls Spicy Black Bean & Chicken","072655002531","Healthy Choice Power Bowls Spicy Black Bean & Chicken","4.36","0.0","Market Basket","9.75 oz","9.75 oz","X4090.jpg","","18"
"3889","Fresh Produce","Fresh Vegetables","Mushroom","Market Basket","Shiitake Mushroom","","Shiitake Mushroom","4.24","0.0","Market Basket","1 each","1 each","14419.jpg","","20"
"30491","Cooking Needs","Rice & Grains","Grains, Rice & Dried Goods","Bob's Red Mill","Bob's Red Mill Organic Whole Grain Millet Gluten Free Non GMO ","039978124067","Bob's Red Mill Organic Whole Grain Millet Gluten Free Non GMO ","5.61","0.0","Market Basket","28 oz","28 oz","X1079.jpg","","4"
"4102","Meat & Seafood","Meat & Seafood Counter","Beef","Market Basket","Market Basket Rumba Beef Hind Shank USDA Choice","","Market Basket Rumba Beef Hind Shank USDA Choice","6.5","0.0","Market Basket","Approx: 1.00 lb at $6.49/lb","Approx: 1.00 lb at $6.49/lb","Market Basket.jpg","","22"
"7978","Cooking Needs","Canned Food","Soup, Broth & Bouillon","Campbell's","Campbell's Homestyle New England Clam Chowder","","Campbell's Homestyle New England Clam Chowder","2.49","0.0","Market Basket","18.8 oz","18.8 oz","17201.jpg","","2"
"33623","Breakfast & Dairy","Dairy & Eggs","Yogurt","Noosa","Noosa lemon","","Noosa lemon","2.5","0.0","Market Basket","8 oz","8 oz","X671.jpg","","1"
"34042","Breakfast & Dairy","Breads & Rolls","Pizza Crust","Pomi","Pomi Chopped Tomatoes from 100% fresh Italina Tomatoes","846558000440","Pomi Chopped Tomatoes from 100% fresh Italina Tomatoes","3.11","0.0","Market Basket","26.46 oz","26.46 oz","X1342.jpg","","4"
"6551","Chips, Cookies & Snacks","Nuts, Seeds & Dried Fruit","Nuts, Seeds & Dried Fruit","Ocean Spray","Ocean Spray Greek Yogurt Cranberry Bites","","Ocean Spray Greek Yogurt Cranberry Bites","2.49","0.0","Market Basket","5 oz","5 oz","No Image.jpg","","6"
"33202","Meat & Seafood","Canned Meat & Seafood","Chicken","Market Basket ","Market Basket Premium Chunk White Chicken In Water ","","Market Basket Premium Chunk White Chicken In Water ","3.0","0.0","Market Basket","12.5 oz","12.5 oz","X1868.jpg","","2"
"34131","Beverages & Juices","Energy & Sports Drinks","Energy & Sports Drinks","Powerade","Powerade Sports Drink Orange 8 pack","049000047141","Powerade Sports Drink Orange 8 pack","6.24","0.0","Market Basket","8 x 20 fl oz","8 x 20 fl oz","X2712.jpg","","10"
"35040","Beverages & Juices","Energy & Sports Drinks","Energy & Sports Drinks","Vitamin Water","Vitamin Water Refresh Tropical Mango","786162004857","Vitamin Water Refresh Tropical Mango","1.1","0.0","Market Basket","20 fl oz","20 fl oz","X2769.jpg","","10"
"5416","Chips, Cookies & Snacks","Cookies & Crackers","Crackers","Cheez-It","Cheez-it White Cheddar","","Cheez-it White Cheddar","1.56","0.0","Market Basket","2.2 oz","2.2 oz","No Image.jpg","","6"
"541","Laundry & Paper Goods","Laundry","Laundry Detergent","all","all stainlifters original detergent 100 Loads","","all stainlifters original detergent 100 Loads","13.11","1.0","Market Basket","150 fl oz","150 fl oz","No Image.jpg","","15"
"6172","Beverages & Juices","Soft Drinks & Seltzers","Soft Drinks","Pepsi","Pepsi Wild Cherry","","Pepsi Wild Cherry","4.38","0.0","Market Basket","6 x 7.5 fl oz","6 x 7.5 fl oz","16653.jpg","","17"
"33336","Meat & Seafood","Packaged Meat & Seafood","Burger","Morning Stars Farms ","Morning Stars Farms Veggie Grillers Prime ","","Morning Stars Farms Veggie Grillers Prime ","4.61","0.0","Market Basket","10 oz","10 oz","X4774.jpg","","1"
"6553","Chips, Cookies & Snacks","Nuts, Seeds & Dried Fruit","Nuts, Seeds & Dried Fruit","Ocean Spray","Ocean Spray Craisins Dried Cranberries Infused With Pomegranate Juice","","Ocean Spray Craisins Dried Cranberries Infused With Pomegranate Juice","2.49","0.0","Market Basket","6 oz","6 oz","No Image.jpg","","6"
"10257","Frozen Food","Ice Cream & Ice","Ice Cream & Ice","Turkey Hill","Turkey Hill Premium Ice Cream Chocolate Chip Cookie Dough","","Turkey Hill Premium Ice Cream Chocolate Chip Cookie Dough","3.69","0.0","Market Basket","48 fl oz","48 fl oz","3123.jpg","","21"
"34239","Breakfast & Dairy","Granola & Oats","Cup Oatmeal","Quaker","Quaker Real Medley Banana Walnut","030000322291","Quaker Real Medley Banana Walnut","1.88","0.0","Market Basket","2.64 oz","2.64 oz","X3611.jpg","","5"
"35349","Richardson's Farm Ice Cream","Sherbet & Sorbet","Orange","Richarson's Farm","Richarson's Farm Orange Sherbet","","Delicious Sherbet for the lighter side","7.99","0.0","Richardson's Farm","1-2 Gal. Container","1-2 Gal. Container","RichardsonsFarm.jpg","",""
"31043","Breakfast & Dairy","Granola & Oats","Oats","Cream of Wheat ","Cream Of Wheat Instant Cinnabon Hot Cereal","013130060356","Cream Of Wheat Instant Cinnabon Hot Cereal","4.49","0.0","Market Basket","10 x 1.23 oz","10 x 1.23 oz","X3555.jpg","","5"
"30799","Cooking Needs","Oils & Vinegars","Oils & Vinegars","Capatriti","Capatriti 100% Pure Olive Oil The honest Olive Oil Sauteing, Grilling & Baking ","706950667057","Capatriti 100% Pure Olive Oil The honest Olive Oil Sauteing, Grilling & Baking ","6.24","0.0","Market Basket","25.5 fl oz","25.5 fl oz","X2010.jpg","","2"
"192","Kitchen & Cleaning","Cleaning Products","Other Cleaning Products","Weiman","Weiman Lemon Oil Furniture Polish With UVX-15 Sunscreen","","Weiman Lemon Oil Furniture Polish With UVX-15 Sunscreen","5.49","1.0","Market Basket","16 fl oz","16 fl oz","4316.jpg","","15"
"3849","Fresh Produce","Fresh Vegetables","French Beans","Market Basket","Rosemont French Green Beans","","Rosemont French Green Beans","4.24","0.0","Market Basket","12 oz bag","12 oz bag","FP133.jpg","","20"
"6009","Beverages & Juices","Energy & Sports Drinks","Energy & Sports Drinks","NOS","NOS High Performance Energy Drink 8 Pack","","NOS High Performance Energy Drink 8 Pack","12.49","0.0","Market Basket","8 x 16 fl oz","8 x 16 fl oz","No Image.jpg","","17"
"297","Kitchen & Cleaning","Food Storage & Kitchen Supplies","Lasagna Pans","Hefty","Hefty Ez Foil 13 1/4 in x 9 5/8 in x 2 3/4 in Lasagna Pan","","Hefty Ez Foil 13 1/4 in x 9 5/8 in x 2 3/4 in Lasagna Pan","3.09","1.0","Market Basket","1 count","1 count","4461.jpg","","12"
"33354","Cooking Needs","Canned Food","Canned Fruit & Applesauce","Mott's ","Mott's Applesause Cinnamon Naturally Flavered 4 Clear Poches","","Mott's Applesause Cinnamon Naturally Flavered 4 Clear Poches","3.13","0.0","Market Basket","12.7 oz","12.7 oz","X616.jpg","","3"
"13508","Breakfast & Dairy","Dairy & Eggs","Milk","Market Basket","Market Basket Skim Fat Free Milk","","Market Basket Skim Fat Free Milk","3.24","0.0","Market Basket","1 gal","1 gal","Market Basket.jpg","","1"
"3491","Fresh Produce","Fresh Organic Herbs","Basil","Infinite Herbs","Infinite Herbs Organic Basil Herb","","Infinite Herbs Organic Basil Herb","4.7","0.0","Market Basket","0.75 oz","0.75 oz","88.jpg","","20"
"4854","Chips, Cookies & Snacks","Chips & Fruit Snacks","Chips & Pretzels","Frito Lay's","Frito Lay's & Mix Variety Pack","","Frito Lay's & Mix Variety Pack","8.24","0.0","Market Basket","10 x 1 oz","10 x 1 oz","14827.jpg","","0"
"4146","Meat & Seafood","Meat & Seafood Counter","Crab Meat","Shirakiku","Shirakiku California Roll","","Shirakiku California Roll","7.09","0.0","Market Basket","1 lb","1 lb","No Image.jpg","","22"
"31567","Frozen Food","Frozen Dinners & Entrees","Frozen Appetizers & Sides","Gorton's","Gorton's Simply Bake Haddock Garlic Herb Butter","044400125406","Gorton's Simply Bake Haddock Garlic Herb Butter","7.49","0.0","Market Basket","9 oz","9 oz","X4376.jpg","","18"
"8042","Cooking Needs","Canned Food","Soup, Broth & Bouillon","Market Basket","Market Basket Chicken Boullion Cubes","","Market Basket Chicken Boullion Cubes","1.29","0.0","Market Basket","3.4 oz","3.4 oz","Market Basket.jpg","","2"
"31462","Breakfast & Dairy","Cereal","Cereal","General Mills","General Mills Cinnamon Toast Crunch  ","016000122543","General Mills Cinnamon Toast Crunch  ","3.75","0.0","Market Basket","12 oz","12 oz","X3439.jpg","","5"
"6085","Beverages & Juices","Soft Drinks & Seltzers","Soft Drinks","Coca-Cola","Coca Cola Caffeine Free Diet Coke","","Coca Cola Caffeine Free Diet Coke","5.0","0.0","Market Basket","6 x 16.9 fl oz","6 x 16.9 fl oz","3939.jpg","","17"
"31464","Breakfast & Dairy","Cereal","Cereal","General Mills","General Mills Golden Grahams Retro Recipie Cereal ","016000120259","General Mills Golden Grahams Retro Recipie Cereal ","3.75","0.0","Market Basket","11.7 oz","11.7 oz","X3441.jpg","","5"
"182","Kitchen & Cleaning","Cleaning Products","Other Cleaning Products","Sun","Spic & Span Multi-Surface Cleaner Sun Fresh","","Spic & Span Multi-Surface Cleaner Sun Fresh","3.29","1.0","Market Basket","40 fl oz","40 fl oz","16816.jpg","","15"
"33791","Pasta & Sauces","Pasta Sauce","Pasta Sauce","Paesana","Paesana Pasta Sauce Fra Diavolo Hot and Spicy Pasta Sauce","076050170222","Paesana Pasta Sauce Fra Diavolo Hot and Spicy Pasta Sauce","4.99","0.0","Market Basket","25 oz","25 oz","X1531.jpg","","4"
"13363","Breakfast & Dairy","Dairy & Eggs","Cream","La Ricura","Quesos La Ricura Mexican Style Cream Bottle","","Quesos La Ricura Mexican Style Cream Bottle","5.79","0.0","Market Basket","14 fl oz","14 fl oz","Market Basket.jpg","","1"
"6995","Cooking Needs","Baking & Cooking","Doughs, Gelatins & Bake Mixes","Jiffy","Jiffy Corn Muffin Mix","","Jiffy Corn Muffin Mix","0.79","0.0","Market Basket","8.5 oz","8.5 oz","2112.jpg","","8"
"14682","Personal Care","Body Wash, Soap & Hair Care","Body Wash","Aveeno","AveenoÂ® Positively Nourishing Hydrating Body Wash","","AveenoÂ® Positively Nourishing Hydrating Body Wash","9.19","1.0","Market Basket","16 fl oz","16 fl oz","17749.jpg","","13"
"31604","Frozen Food","Frozen Produce","Frozen Produce","Goya","Goya Gluten Free Yuca Cassava","041331090513","Goya Gluten Free Yuca Cassava","7.49","0.0","Market Basket","80 oz","80 oz","X4429.jpg","","18"
"3880","Fresh Produce","Fresh Vegetables","Lettuce","Market Basket","Red Leaf Lettuce","","Red Leaf Lettuce","1.97","0.0","Market Basket","1 count","1 count","f224.jpg","","20"
"34069","Breakfast & Dairy","Bars & Pastries","Pastries","Pop Tarts","Pop Tarts Unfrosted Blueberry","038000222474","Pop Tarts Unfrosted Blueberry","2.5","0.0","Market Basket","13.5 oz","13.5 oz","X3501.jpg","","5"
"31480","Breakfast & Dairy","Cereal","Cereal","General Mills","General Mills Very Berry Cheerios Large Size","016000163492","General Mills Very Berry Cheerios Large Size","4.38","0.0","Market Basket","14.5 oz","14.5 oz","X3457.jpg","","5"
"9835","Frozen Food","Frozen Produce","Frozen Produce","Market Basket","Market Basket Broccoli Florets","","Market Basket Broccoli Florets","2.49","0.0","Market Basket","24 oz bag","24 oz bag","Market Basket.jpg","","19"
"8148","Cooking Needs","Canned Food","Soup, Broth & Bouillon","Wolfgang Puck","Wolfgang Puck Soup, Organic, Free Range Chicken Noodle","","Wolfgang Puck Soup, Organic, Free Range Chicken Noodle","3.49","0.0","Market Basket","14.5 oz","14.5 oz","17203.jpg","","2"
"145","Kitchen & Cleaning","Cleaning Products","Other Cleaning Products","Cameo","Cameo Aluminum & Stainless Steel Cleaner","","Cameo Aluminum & Stainless Steel Cleaner","1.99","1.0","Market Basket","10 oz","10 oz","16755.jpg","","15"
"34828","Breakfast & Dairy","Bars & Pastries","Oatmeal Squares","Thomas","Thomas Pick me ups Soft Baked Oatmeal Squares Trail mix","048121502027","Thomas Pick me ups Soft Baked Oatmeal Squares Trail mix","4.99","0.0","Market Basket","7 oz","7 oz","X3849.jpg","","5"
"5215","Chips, Cookies & Snacks","Cookies & Crackers","Crackers","Pepperidge Farm Goldfish","Pepperidge Farm Goldfish Baked with Whole Grain Cheddar Crackers","","Pepperidge Farm Goldfish Baked with Whole Grain Cheddar Crackers","6.23","0.0","Market Basket","8.1 oz","8.1 oz","15140.jpg","","8"
"30043","Meat & Seafood","Hot Dogs, Bacon & Sausage","Sausage","Alfresco","Alfresco all natural SWEET APPLE With Vermont Maple Syrup CHICKEN SAUSAGE","","Alfresco all natural SWEET APPLE With Vermont Maple Syrup CHICKEN SAUSAGE","4.99","0.0","Market Basket","13 oz","13 oz","X21.jpg","","1"
"33972","Breakfast & Dairy","Breads & Rolls","Bread","Pepperidge Farm","Pepperidge Farm Light Style Oatmeal Bread","014100071600","Pepperidge Farm Light Style Oatmeal Bread","5.36","0.0","Market Basket","16 oz","16 oz","X2539.jpg","","18"
"32203","Breakfast & Dairy","Cereal","Cereal","Kellogg's ","Kellogg's Frosted Krispies","038000200113","Kellogg's Frosted Krispies","3.75","0.0","Market Basket","13 oz","13 oz","X3375.jpg","","5"
"13790","Breakfast & Dairy","Dairy & Eggs","Packaged Cheese","President","President Cheese President Pub Cheese Garlic & Herbs","","President Cheese President Pub Cheese Garlic & Herbs","4.09","0.0","Market Basket","8 oz","8 oz","14586.jpg","","1"
"3605","Fresh Produce","Fresh Vegetables","Edamame","Market Basket","Shelled Edamame","","Shelled Edamame","4.28","0.0","Market Basket","9 oz","9 oz","f188.jpg","","20"
"10404","Cooking Needs","Canned Food","Canned Food","Goya","Goya Beans Pinto","","Goya Beans Pinto","6.69","0.0","Market Basket","4 lb","4 lb","5818.jpg","","7"
"7301","Cooking Needs","Spices & Seasonings","Spices & Seasonings","McCormick","McCormick GourmetÃ¢âÂ¢ Roasted Ground Coriander","","McCormick GourmetÃ¢âÂ¢ Roasted Ground Coriander","4.89","0.0","Market Basket","1.25 oz","1.25 oz","2194.jpg","","9"
"7555","Cooking Needs","Canned Food","Canned & Jarred Vegetables","Nellie's","Aunt Nellie's Sweet & Sour Harvard Beets","","Aunt Nellie's Sweet & Sour Harvard Beets","1.59","0.0","Market Basket","15.5 oz","15.5 oz","17092.jpg","","9"
"4725","Meat & Seafood","Frozen Meat & Seafood","Turkey Products","Market Basket","Market Basket Prime Frozen Turkey","","Market Basket Prime Frozen Turkey","0.89","0.0","Market Basket","1 lb","1 lb","Market Basket.jpg","","18"
"7238","Cooking Needs","Spices & Seasonings","Spices & Seasonings","Litehouse","Litehouse Freeze Dried Red Onion","","Litehouse Freeze Dried Red Onion","4.09","0.0","Market Basket","0.35 oz","0.35 oz","2280.jpg","","9"
"7785","Cooking Needs","Canned Food","Canned Meals & Beans","Market Basket","Market Basket Chick Peas","","Market Basket Chick Peas","1.49","0.0","Market Basket","29 oz","29 oz","Market Basket.jpg","","2"
"3453","Fresh Produce","Fresh Fruits","Kiwi","Market Basket","Large Kiwi","","Large Kiwi","1.09","0.0","Market Basket","2 count","2 count","f31.jpg","","20"
"31737","Beverages & Juices","Energy & Sports Drinks","Energy & Sports Drinks","Hint","Hint Crisp Apple","184739001047","Hint Crisp Apple","1.56","0.0","Market Basket","16 fl oz","16 fl oz","X2742.jpg","","10"
"32986","Pasta & Sauces","Instant Pasta","Instant Pasta","Market Basket","Market Basket Shells & Cheese made with aged cheddar cheese -White Cheddar","049705310472","Market Basket Shells & Cheese made with aged cheddar cheese -White Cheddar","1.25","0.0","Market Basket","7 oz","7 oz","X1216.jpg","","4"
"13942","Breakfast & Dairy","Dairy & Eggs","Specialty Cheeses","La Ricura","La Ricura Jalisco Cheese","","La Ricura Jalisco Cheese","8.59","0.0","Market Basket","14 oz","14 oz","Market Basket.jpg","","1"
"32276","Condiments & Dressings","Salad Dressings & Toppings","Salad Dressing & Toppings","Ken's Steak House","Ken's Seak House Fat Free Raspberry Pecan Dressing ","041335328582","Ken's Seak House Fat Free Raspberry Pecan Dressing ","3.49","0.0","Market Basket","16 fl oz","16 fl oz","X444.jpg","","2"
"32438","Frozen Food","Frozen Breakfast","Frozen Breads & Doughs","La Fe","La Fe Dough For Pastries Yellow Corn Color","023545101049","La Fe Dough For Pastries Yellow Corn Color","2.49","0.0","Market Basket","20 oz","20 oz","X4414.jpg","","18"
"32084","Breakfast & Dairy","Bars & Pastries","Breakfast Bars","Kellogg's ","Kellogg's NutriGrain Soft Baked Breakfast Bars Strawberry","038000350047","Kellogg's NutriGrain Soft Baked Breakfast Bars Strawberry","4.99","0.0","Market Basket","16 x 1.3 oz","16 x 1.3 oz","X3939.jpg","","5"
"10040","Frozen Food","Ice Cream & Ice","Ice Cream & Ice","Friendly's","Friendly's Premium Ice Cream Classic Chocolate","","Friendly's Premium Ice Cream Classic Chocolate","3.69","0.0","Market Basket","1.5 quart","1.5 quart","3058.jpg","","21"
"32434","Condiments & Dressings","Marinades, Ketchup & Sauces","Sauce","La Choy ","Market Basket Soy Sauce All Pupose Seasoning ","049705028926","Market Basket Soy Sauce All Pupose Seasoning ","1.24","0.0","Market Basket","10 fl oz","10 fl oz","X5352.jpg","","3"
"33040","Chips, Cookies & Snacks","Chips & Fruit Snacks","Popcorn","Market Basket ","Market Basket Popcorn  Light Butter ","049705114087","Market Basket Popcorn  Light Butter ","1.49","0.0","Market Basket","8.7 oz","8.7 oz","X4954.jpg","","19"
"5975","Beverages & Juices","Cocoa & Drink Mixes","Cocoa & Drink Mixes","Master of Mixes","Master of Mixes Handcrafted Strawberry Colada Mixer","","Master of Mixes Handcrafted Strawberry Colada Mixer","4.99","0.0","Market Basket","33.8 fl oz","33.8 fl oz","No Image.jpg","","17"
"31088","Breakfast & Dairy","Dairy & Eggs","Yogurt","Dannon","Dannon Light & Fit Original Vanilla Naturally & Artifically Flavored  4 Pack ","","Dannon Light & Fit Original Vanilla Naturally & Artifically Flavored  4 Pack ","2.11","0.0","Market Basket","4 x 5.3 oz","4 x 5.3 oz","X190.jpg","","1"
"14773","Personal Care","Body Wash, Soap & Hair Care","Hair Care","Pantene","Pantene Pro-V Classic Clean Shampoo","","Pantene Pro-V Classic Clean Shampoo","6.66","1.0","Market Basket","12.6 fl oz","12.6 fl oz","18169.jpg","","13"
"15004","Personal Care","First Aid & Healthcare","Muscles, Joints & Pain Relief","Tylenol","Tylenol Childrens Childrenâs Tylenol Oral Suspension","","Tylenol Childrens Childrenâs Tylenol Oral Suspension","9.19","1.0","Market Basket","4 fl oz","4 fl oz","6643.jpg","","13"
"34245","Breakfast & Dairy","Granola & Oats","Oats","Quaker","Quaker Dinosaur eggs Brown Sugar  Instant Oatmeal","030000262971","Quaker Dinosaur eggs Brown Sugar  Instant Oatmeal","3.13","0.0","Market Basket","8 x 1.76 oz","8 x 1.76 oz","X3582.jpg","","5"
"4654","Meat & Seafood","Canned Meat & Seafood","Canned Clams","Chicken of the Sea","Chicken of the Sea Whole Baby Clams","","Chicken of the Sea Whole Baby Clams","2.19","0.0","Market Basket","10 oz","10 oz","5219.jpg","","2"
"31089","Breakfast & Dairy","Dairy & Eggs","Yogurt","Dannon","Dannon Light & fit Original Strawberry Naturally & Artifically Flavored 4 Pack","","Dannon Light & fit Original Strawberry Naturally & Artifically Flavored 4 Pack","2.11","0.0","Market Basket","4 x 5.3 oz","4 x 5.3 oz","X191.jpg","","1"
"6822","Cooking Needs","Baking & Cooking","Baking Ingredients","Domino","Domino Dark Brown Sugar Pure Cane Sugar","","Domino Dark Brown Sugar Pure Cane Sugar","1.29","0.0","Market Basket","16 oz","16 oz","2329.jpg","","8"
"480","Laundry & Paper Goods","Laundry","Laundry Detergent","Purex Liquid Detergents","Purex Concentrated Detergent + CLOROX 85 loads","","Purex Concentrated Detergent + CLOROX 85 loads","9.99","1.0","Market Basket","128 fl oz","128 fl oz","No Image.jpg","","15"
"5512","Chips, Cookies & Snacks","Candy & Chocolates","Candy & Chocolate","M&M's","M&M's Medium Bag Peanut Butter Chocolate Candies","","M&M's Medium Bag Peanut Butter Chocolate Candies","3.69","0.0","Market Basket","11 oz","11 oz","1012.jpg","","3"
"31613","Breakfast & Dairy","Cereal","Molasses","Grandma's","Grandma's Molasses Unsulphured Original","072400711244","Grandma's Molasses Unsulphured Original","3.74","0.0","Market Basket","12 fl oz","12 fl oz","X3192.jpg","","2"
"30520","Breakfast & Dairy","Granola & Oats","Oats","Bob's Red Mill","Bob's Red Mill Quick Cooking  Rolled Oats ","039978013880","Bob's Red Mill Quick Cooking  Rolled Oats ","8.74","0.0","Market Basket","28 oz","28 oz","X5228.jpg","","3"
"30935","Breakfast & Dairy","Dairy & Eggs","Yogurt","Chobani","Chobani Greek Yogurt Pineapple On The Bottom 4 Value Pack ","","Chobani Greek Yogurt Pineapple On The Bottom 4 Value Pack ","4.36","0.0","Market Basket","4 x 5.3 oz","4 x 5.3 oz","X142.jpg","","1"
"9776","Frozen Food","Frozen Produce","Frozen Produce","Birds Eye","Birds Eye Steamfresh Chef's Favorites Lightly Sauced Rotini & Vegetables","","Birds Eye Steamfresh Chef's Favorites Lightly Sauced Rotini & Vegetables","2.39","0.0","Market Basket","11 oz","11 oz","2422.jpg","","19"
"3934","Fresh Produce","Fresh Vegetables","Pepper","Market Basket","Stop Light Peppers","","Stop Light Peppers","8.96","0.0","Market Basket","1 count","1 count","FP138.jpg","","20"
"14594","Breakfast & Dairy","Tea & Coffee","Tea","Salada","Salada Black Tea Original Blend Tea Bags","","Salada Black Tea Original Blend Tea Bags","3.09","0.0","Market Basket","100 count","100 count","16318.jpg","","8"
"5222","Chips, Cookies & Snacks","Cookies & Crackers","Crackers","Nabisco","Nabisco Wheat Thins Crackers, Original Flavor","","Nabisco Wheat Thins Crackers, Original Flavor","3.91","0.0","Market Basket","9.1 oz","9.1 oz","1209.jpg","","6"
"5935","Beverages & Juices","Cocoa & Drink Mixes","Cocoa & Drink Mixes","Giuliano","Giuliano Dirty Martini Craft Drink Mix","","Giuliano Dirty Martini Craft Drink Mix","3.49","0.0","Market Basket","5 fl oz","5 fl oz","No Image.jpg","","17"
"4568","Meat & Seafood","Lunch Meat","Salami","Busseto Foods","Busseto Foods Salami, Italian Dry","","Busseto Foods Salami, Italian Dry","4.09","0.0","Market Basket","8 oz","8 oz","17290.jpg","","22"
"30582","Cooking Needs","Baking & Cooking","Flour","Bob's Red Mill","Bob's Red Mill Oat Flour Whole Grain Non GMO","039978113115","Bob's Red Mill Oat Flour Whole Grain Non GMO","4.99","0.0","Market Basket","20 oz","20 oz","X5290.jpg","","3"
"35049","Frozen Food","Frozen Dessert","Frozen Dessert","Vitatops","Vitatops Deep Chocolate ","826246871743","Vitatops Deep Chocolate ","4.99","0.0","Market Basket","8 oz","8 oz","X5071.jpg","","19"
"34405","Richardson's Farm Ice Cream","Ice Cream Toppings","Ice Cream Toppings","Robert  Rothschid ","Robert Rothschid Raspberry Chocolate ","011246657538","Robert Rothschid Raspberry Chocolate ","5.61","0.0","Market Basket","13.1 oz","13.1 oz","X5143.jpg","","20"
"34296","Pasta & Sauces","Pasta Sauce","Pasta Sauce","Ragu","Ragu Old World Sytle Sauce Traditional with Olive Oil","036200002506","Ragu Old World Sytle Sauce Traditional with Olive Oil","2.5","0.0","Market Basket","24 oz","24 oz","X1447.jpg","","4"
"34478","Pasta & Sauces","Raw Pasta","Raw Pasta","Seapoint Farms","Seapoint Farms Organic Pasta Edamame Spaghetti","711575005153","Seapoint Farms Organic Pasta Edamame Spaghetti","4.99","0.0","Market Basket","7.05 oz","7.05 oz","X1558.jpg","","4"
"7803","Cooking Needs","Canned Food","Canned Meals & Beans","Ortega","Ortega Refried Beans Tradtional","","Ortega Refried Beans Tradtional","1.29","0.0","Market Basket","16 oz","16 oz","17130.jpg","","2"
"33671","Beverages & Juices","Juices & Refrigerated Drinks","Juice & Nectars","Ocean Spray","Ocean Spray Cranberry Concord Grape 100% Juice No sugar Added","031200034663","Ocean Spray Cranberry Concord Grape 100% Juice No sugar Added","3.99","0.0","Market Basket","64 fl oz","64 fl oz","X2837.jpg","","10"
"7904","Cooking Needs","Canned Food","Soup, Broth & Bouillon","Amy's","Amy's Organic Lentil Vegetable Soup","","Amy's Organic Lentil Vegetable Soup","3.69","0.0","Market Basket","14.5 oz","14.5 oz","17220.jpg","","9"
"31031","Breakfast & Dairy","Breads & Rolls","Rolls","Country Kitchen","Country Kitchen 8 Hamburg Rolls","073402220505","Country Kitchen 8 Hamburg Rolls","3.74","0.0","Market Basket","11.5 oz","11.5 oz","X2462.jpg","","18"
"30505","Breakfast & Dairy","Cereal","Meal Supplements","Bob's Red Mill","Bob's Red Mill Whole Ground Flax Seed Meal ","039978023308","Bob's Red Mill Whole Ground Flax Seed Meal ","4.36","0.0","Market Basket","16 oz","16 oz","X5213.jpg","","3"
"4536","Meat & Seafood","Lunch Meat","Other Meat","Columbus","Columbus Peppered Salame","","Columbus Peppered Salame","4.39","0.0","Market Basket","4 oz","4 oz","5422.jpg","","22"
"12888","Breakfast & Dairy","Breads & Rolls","Rolls","Barowsky's","Barowsky's Soft Bulkies Enriched Rolls","","Barowsky's Soft Bulkies Enriched Rolls","2.19","0.0","Market Basket","12 oz","12 oz","4847.jpg","","22"
"14955","Personal Care","First Aid & Healthcare","First Aid","Band Aid Brand","Band Aid Brand Plastic Strips Adhesive Bandages, All One Size","","Band Aid Brand Plastic Strips Adhesive Bandages, All One Size","3.21","1.0","Market Basket","60 count","60 count","17809.jpg","","13"
"34711","Meat & Seafood","Packaged Meat & Seafood","Hot Dogs & Franks","Sugardale ","Sugardale Jumbo Hot Dogs ","","Sugardale Jumbo Hot Dogs ","4.99","0.0","Market Basket","48 oz","48 oz","X4596.jpg","","1"
"33046","Breakfast & Dairy","Bars & Pastries","Pastries","Market Basket ","Market Basket Toaster Pasteries Strawberry","049706010433","Market Basket Toaster Pasteries Strawberry","1.24","0.0","Market Basket","11 oz","11 oz","X3522.jpg","","5"
"31966","Meat & Seafood","Packaged Meat & Seafood","Hot Dogs & Franks","Jordans","Jordans Ball Game Treats ","","Jordans Ball Game Treats ","8.74","0.0","Market Basket","48 oz","48 oz","X4572.jpg","","1"
"30954","Condiments & Dressings","Salad Dressings & Toppings","Salad Dressing & Toppings","Christe's ","Christe's Low Fat Zinfandel Vinaigrette Dressing ","073557150283","Christe's Low Fat Zinfandel Vinaigrette Dressing ","2.49","0.0","Market Basket","9 fl oz","9 fl oz","X157.jpg","","2"
"34225","Breakfast & Dairy","Bars & Pastries","Chewy Bars","Quaker","Quaker Chewy Dipps Peanut Chocolate Chip","030000450529","Quaker Chewy Dipps Peanut Chocolate Chip","4.61","0.0","Market Basket","14 x 1.09 oz","14 x 1.09 oz","X3873.jpg","","5"
"31811","Meat & Seafood","Packaged Meat & Seafood","Bacon","Hormel ","Hormel Black Lable Applewood Thick Cut Bacon","","Hormel Black Lable Applewood Thick Cut Bacon","6.24","0.0","Market Basket","12 oz","12 oz","X4454.jpg","","1"
"10009","Frozen Food","Ice Cream & Ice","Ice Cream & Ice","Edy's/dreyer's","Edy's/Dreyer's DREYERS EDYS 48OZ LIT DBL FDGE","","Edy's/Dreyer's DREYERS EDYS 48OZ LIT DBL FDGE","3.69","0.0","Market Basket","48 fl oz","48 fl oz","3016.jpg","","21"
"31345","Meat & Seafood","Packaged Meat & Seafood","Meatballs","Fontanini","Fontanini Italian style Meatball ","","Fontanini Italian style Meatball ","9.99","0.0","Market Basket","28 oz","28 oz","X4703.jpg","","1"
"35190","Condiments & Dressings","Salad Dressings & Toppings","Salad Dressing & Toppings","Yasou","Yasou The Original Greek Dressing ","034198000016","Yasou The Original Greek Dressing ","2.11","0.0","Market Basket","9 fl oz","9 fl oz","X928.jpg","","2"
"4700","Meat & Seafood","Canned Meat & Seafood","Canned Tuna","StarKistÃÂ®","StarKistÃÂ® StarKist Tuna Creations Sweet & Spicy","","StarKistÃÂ® StarKist Tuna Creations Sweet & Spicy","1.69","0.0","Market Basket","2.6 oz","2.6 oz","5211.jpg","","2"
"30062","Condiments & Dressings","Pickled Goods & Olives","Pickled Goods & Olives","Alssi ","Alssi Autentico Premium Balsamic Capers Nonpareille Capers in white Balsamic Vinegar ","071072012499","Alssi Autentico Premium Balsamic Capers Nonpareille Capers in white Balsamic Vinegar ","1.88","0.0","Market Basket","24 oz","24 oz","X2224.jpg","","2"
"30158","Beverages & Juices","Juices & Refrigerated Drinks","Juice & Nectars","Apple & Eve","Apple & Eve Fruitables Berry Berry Juice","076301240148","Apple & Eve Fruitables Berry Berry Juice","3.13","0.0","Market Basket","8 x 6.75 fl oz","8 x 6.75 fl oz","X3109.jpg","","10"
"31047","Cooking Needs","Oils & Vinegars","Oils & Vinegars","Crisco","Crisco Shortening Stricks All Vegetable Shortening ","051500251881","Crisco Shortening Stricks All Vegetable Shortening ","4.61","0.0","Market Basket","20 oz","20 oz","X1935.jpg","","2"
"6430","Chips, Cookies & Snacks","Nuts, Seeds & Dried Fruit","Nuts, Seeds & Dried Fruit","Peeled Snacks","Peeled Snacks Paradise Found Gently Dried Organic Banana, Mango & Pineapple","","Peeled Snacks Paradise Found Gently Dried Organic Banana, Mango & Pineapple","3.75","0.0","Market Basket","2.8 oz","2.8 oz","15288.jpg","","6"
"6493","Chips, Cookies & Snacks","Nuts, Seeds & Dried Fruit","Nuts, Seeds & Dried Fruit","Bob's Red Mill","Bob's Red Mill Premium Shelled Sunflower Seeds","","Bob's Red Mill Premium Shelled Sunflower Seeds","2.5","0.0","Market Basket","10 oz","10 oz","No Image.jpg","","6"
"34054","Chips, Cookies & Snacks","Chips & Fruit Snacks","Popcorn","Pop Secret ","Pop Secret Movie Theater Butter Natural Flavor","023896800219","Pop Secret Movie Theater Butter Natural Flavor","6.24","0.0","Market Basket","21 oz","21 oz","X4958.jpg","","19"
"8088","Cooking Needs","Canned Food","Soup, Broth & Bouillon","Pacific","Pacific Organic Bisque Roasted Red Pepper & Tomato","","Pacific Organic Bisque Roasted Red Pepper & Tomato","3.69","0.0","Market Basket","17.6 oz","17.6 oz","5363.jpg","","2"
"34263","Breakfast & Dairy","Bars & Pastries","Chewy Bars","Quaker ","Quaker Chewy Dips Chocolate Chip","030000312698","Quaker Chewy Dips Chocolate Chip","3.13","0.0","Market Basket","6 x 1.09 oz","6 x 1.09 oz","X3861.jpg","","5"
"8391","Condiments & Dressings","Marinades, Ketchup & Sauces","Marinades & Meat Preparation","4C Breadcrumbs","4C Bread Crumbs Seasoned","","4C Bread Crumbs Seasoned","3.69","0.0","Market Basket","46 oz","46 oz","1980.jpg","","1"
"7521","Cooking Needs","Canned Food","Canned & Jarred Vegetables","Market Basket","Market Basket Petite Diced Tomatoes","","Market Basket Petite Diced Tomatoes","0.89","0.0","Market Basket","14.5 oz","14.5 oz","Market Basket.jpg","","9"
"34207","Breakfast & Dairy","Granola & Oats","Granola","Purely Elizabeth","Purely Elizabeth Ancient Grain Granola Cranberry Pecan","855140002144","Purely Elizabeth Ancient Grain Granola Cranberry Pecan","7.49","0.0","Market Basket","12 oz","12 oz","X3754.jpg","","5"
"33191","Frozen Food","Frozen Pizza","Frozen Pizza","Market Basket ","Market Basket Bake & Rise Supreme Pizza ","049705708088","Market Basket Bake & Rise Supreme Pizza ","4.99","0.0","Market Basket","32.7 oz","32.7 oz","X4918.jpg","","19"
"7006","Cooking Needs","Baking & Cooking","Doughs, Gelatins & Bake Mixes","Pillsbury","Pillsbury Brownie Mix Chocolate Fudge","","Pillsbury Brownie Mix Chocolate Fudge","1.89","0.0","Market Basket","18.4 oz","18.4 oz","2028.jpg","","8"
"34595","Frozen Food","Frozen Breakfast","Frozen Breakfast","Southwestern Veggie ","Southwestern Scramble Bowl","080618418015","Southwestern Scramble Bowl","3.61","0.0","Market Basket","7 oz","7 oz","X4986.jpg","","19"
"3924","Fresh Produce","Fresh Vegetables","Pepper","Market Basket","Red Bell Peppers","","Red Bell Peppers","3.29","0.0","Market Basket","1 lb","1 lb","f252.jpg","","20"
"8320","Condiments & Dressings","Fresh Dips & Tapenades","Salsa","La Mexicana","La Mexicana Salsa, Mild","","La Mexicana Salsa, Mild","3.09","0.0","Market Basket","16 oz","16 oz","5551.jpg","","20"
"34209","Breakfast & Dairy","Granola & Oats","Granola","Purely Elizabeth","Purely Elizabeth Ancient Grain Granola Blueberry hemp","855140002168","Purely Elizabeth Ancient Grain Granola Blueberry hemp","7.49","0.0","Market Basket","12 oz","12 oz","X3756.jpg","","5"
"15138","Personal Care","Personal Needs","Oral Hygiene","Act","Act Anticavity Alcohol Free Mint Fluoride Rinse","","Act Anticavity Alcohol Free Mint Fluoride Rinse","7.0","1.0","Market Basket","18 fl oz","18 fl oz","6465.jpg","","13"
"31717","Beverages & Juices","Juices & Refrigerated Drinks","Juice & Nectars","Hi-C","Hi-C Smashin Wild Berry","025000101427","Hi-C Smashin Wild Berry","2.24","0.0","Market Basket","8 x 6 fl oz","8 x 6 fl oz","X3064.jpg","","10"
"13392","Breakfast & Dairy","Dairy & Eggs","Cream","So Delicious","So Delicious Dairy Free Organic Coconut Milk Beverage Unsweetened Vanilla","","So Delicious Dairy Free Organic Coconut Milk Beverage Unsweetened Vanilla","3.59","0.0","Market Basket","0.5 gal","0.5 gal","17947.jpg","","1"
"13972","Breakfast & Dairy","Dairy & Eggs","Specialty Cheeses","Market Basket","Provolone Cheese","","Provolone Cheese","5.49","0.0","Market Basket","1 per lb","1 per lb","17298.jpg","","1"
"33074","Breakfast & Dairy","Cereal","Cereal","Market Basket ","Market Basket Puffed Rice Cereals","049705105450","Market Basket Puffed Rice Cereals","2.5","0.0","Market Basket","6 oz","6 oz","X3385.jpg","","5"
"6063","Beverages & Juices","Soft Drinks & Seltzers","Soft Drinks","Moxie","Moxie Soda Box of Cans","","Moxie Soda Box of Cans","6.86","0.0","Market Basket","12 x 12 fl oz","12 x 12 fl oz","No Image.jpg","","17"
"5424","Chips, Cookies & Snacks","Candy & Chocolates","Candy & Chocolate","Air Heads","Air Heads Xtremes Bites Rainbow Berry Artificial Flovored ","","Air Heads Xtremes Bites Rainbow Berry Artificial Flovored ","1.24","0.0","Market Basket","3.8 oz","3.8 oz","X13.jpg","","3"
"9089","Frozen Food","Frozen Dinners & Entrees","Frozen Appetizers & Sides","Alexia","Alexia Chipotle Seasoned Spicy Sweet Potato Fries","","Alexia Chipotle Seasoned Spicy Sweet Potato Fries","3.69","0.0","Market Basket","20 oz","20 oz","2594.jpg","","19"
"35132","Condiments & Dressings","Salad Dressings & Toppings","Salad Dressing & Toppings","Wish Bone","Wish Bone Italian Dressing ","041321006265","Wish Bone Italian Dressing ","2.5","0.0","Market Basket","15 fl oz","15 fl oz","X903.jpg","","2"
"30283","Meat & Seafood","Packaged Meat & Seafood","Bologna","Bar S","Bar S Classic Bologna ","","Bar S Classic Bologna ","2.24","0.0","Market Basket","16 oz","16 oz","X4502.jpg","","1"
"5318","Chips, Cookies & Snacks","Cookies & Crackers","Cookies & Cakes","Oreo","Oreo Carrot Cake Flavored Cookie Family Size","","Oreo Carrot Cake Flavored Cookie Family Size","5.47","0.0","Market Basket","482 g","482 g","No Image.jpg","","6"
"6244","Beverages & Juices","Soft Drinks & Seltzers","Seltzer","Canada Dry","Canada Dry Original Sparkling Seltzer Water","","Canada Dry Original Sparkling Seltzer Water","4.18","0.0","Market Basket","12 x 12 fl oz","12 x 12 fl oz","3268.jpg","","11"
"5208","Chips, Cookies & Snacks","Cookies & Crackers","Crackers","Nabisco","Nabisco Premium Soup & Oyster Crackers","","Nabisco Premium Soup & Oyster Crackers","3.91","0.0","Market Basket","9 oz","9 oz","15122.jpg","","6"
"34753","Frozen Food","Frozen Dessert","Frozen Dessert","Swanson","Swanson Chicken Pot Pie","051000060327","Swanson Chicken Pot Pie","1.24","0.0","Market Basket","7 oz","7 oz","X4148.jpg","","18"
"7968","Cooking Needs","Canned Food","Soup, Broth & Bouillon","Campbell's","Campbell's Condensed Chicken NoodleO's Soup","","Campbell's Condensed Chicken NoodleO's Soup","2.09","0.0","Market Basket","10.5 oz","10.5 oz","5377.jpg","","2"
"33244","Cooking Needs","Oils & Vinegars","Oils & Vinegars","Mazola","Mazola Corn Oil Cholosterol Free 100% Pure ","761720987490","Mazola Corn Oil Cholosterol Free 100% Pure ","3.74","0.0","Market Basket","40 fl oz","40 fl oz","X1920.jpg","","2"
"33699","Meat & Seafood","Packaged Meat & Seafood","Sausage","Old Neighborhood","Old Neighborhood Hot Italian Sausage ","","Old Neighborhood Hot Italian Sausage ","4.74","0.0","Market Basket","12 oz","12 oz","X4651.jpg","","1"
"6415","Chips, Cookies & Snacks","Chips & Fruit Snacks","Rice Cake","Lundberg Family Farms","Lundberg Family Farms EF Honey Nut Rice Cakes Eco Farmed Rice Cakes","","Lundberg Family Farms EF Honey Nut Rice Cakes Eco Farmed Rice Cakes","3.74","0.0","Market Basket","9.6 oz","9.6 oz","15180.jpg","","6"
"532","Laundry & Paper Goods","Laundry","Fabric Softener","all","all fabric softener free clear 40 loads","","all fabric softener free clear 40 loads","3.74","1.0","Market Basket","32 fl oz","32 fl oz","No Image.jpg","","15"
"13525","Breakfast & Dairy","Dairy & Eggs","Milk","Oakhurst","Oakhurst Milk","","Oakhurst Milk","2.49","0.0","Market Basket","0.5 gal","0.5 gal","Market Basket.jpg","","1"
"30771","Cooking Needs","Oils & Vinegars","Oils & Vinegars","California Olive Ranch","California Series Olive Ranch Extra Virgin Olive Oil Robust Blend Cold Pressed","850687100230","California Series Olive Ranch Extra Virgin Olive Oil Robust Blend Cold Pressed","8.74","0.0","Market Basket","25.4 fl oz","25.4 fl oz","X2015.jpg","","2"
"31452","Breakfast & Dairy","Cereal","Cereal","General Mills","Genral Mills Trix Famile Size","016000151628","Genral Mills Trix Famile Size","4.99","0.0","Market Basket","17 oz","17 oz","X3429.jpg","","5"
"5240","Chips, Cookies & Snacks","Chips & Fruit Snacks","Chips & Pretzels","LATE JULY","LATE JULY Organic Bbq Potato Chips","","LATE JULY Organic Bbq Potato Chips","4.69","0.0","Market Basket","5 oz","5 oz","No Image.jpg","","0"
"34997","Breakfast & Dairy","Breads & Rolls","Bread","Vermont Bread","Vermont Bread Organic Soft Oatmeal Bread","025911010542","Vermont Bread Organic Soft Oatmeal Bread","4.99","0.0","Market Basket","24 oz","24 oz","X2443.jpg","","18"
"14860","Personal Care","Body Wash, Soap & Hair Care","Soap","Market Basket","Market Basket Liquid Hand Soap With Aloe","","Market Basket Liquid Hand Soap With Aloe","1.71","1.0","Market Basket","7.5 fl oz","7.5 fl oz","Market Basket.jpg","","13"
"3600","Fresh Produce","Fresh Vegetables","Cucumber","Market Basket","Long Seedless English Cucumber","","Long Seedless English Cucumber","5.62","0.0","Market Basket","1 lb","1 lb","14384.jpg","","20"
"33646","Cooking Needs","Oils & Vinegars","Oils & Vinegars","Nutiva ","Nutiva Nurture Vitality Coconut Oil Organic SuperFood Virgin Ideal Culinary Cooking Oil","692752200021","Nutiva Nurture Vitality Coconut Oil Organic SuperFood Virgin Ideal Culinary Cooking Oil","14.99","0.0","Market Basket","15 oz","15 oz","X1971.jpg","","2"
"5023","Chips, Cookies & Snacks","Chips & Fruit Snacks","Chips & Pretzels","Wise","Wise Ridgies Sour Cream & Onion Potato Chips","","Wise Ridgies Sour Cream & Onion Potato Chips","4.69","0.0","Market Basket","8.75 oz","8.75 oz","949.jpg","","0"
"7642","Cooking Needs","Canned Food","Canned Fruit & Applesauce","Del Monte","Del Monte SunFresh Red Grapefruit In Water No Sugar Added","","Del Monte SunFresh Red Grapefruit In Water No Sugar Added","8.59","0.0","Market Basket","64 oz","64 oz","4913.jpg","","3"
"542","Laundry & Paper Goods","Laundry","Laundry Detergent","all","all stainlifters original 60 packs Laundry Detergent","","all stainlifters original 60 packs Laundry Detergent","13.11","1.0","Market Basket","39.7 oz","39.7 oz","No Image.jpg","","15"
"33984","Breakfast & Dairy","Breads & Rolls","Buns","Pepperidge Farm","Pepperidge Farm 8 Onion Hamburger Buns","014100070986","Pepperidge Farm 8 Onion Hamburger Buns","4.36","0.0","Market Basket","15 oz","15 oz","X2500.jpg","","18"
"7091","Cooking Needs","Oils & Vinegars","Oils & Vinegars","Golchin","Golchin Grape Seed Oil","","Golchin Grape Seed Oil","4.89","0.0","Market Basket","1 L","1 L","15527.jpg","","2"
"9919","Frozen Food","Frozen Dinners & Entrees","Frozen Vegan & Vegetarian","Green Giant","Green Giant Antioxidant Blend Steamers","","Green Giant Antioxidant Blend Steamers","4.89","0.0","Market Basket","7 oz","7 oz","16060.jpg","","1"
"31224","Frozen Food","Frozen Breakfast","Frozen Breakfast","El Monterey","El Monterey Burritos ","071007145766","El Monterey Burritos ","8.74","0.0","Market Basket","36 oz","36 oz","X4990.jpg","","19"
"33876","Condiments & Dressings","Pickled Goods & Olives","Pickled Goods & Olives","Pastene","Pastene Since 1874 Marinated Mushrooms  ","066086100324","Pastene Since 1874 Marinated Mushrooms  ","4.36","0.0","Market Basket","8 oz","8 oz","X2312.jpg","","2"
"33499","Breakfast & Dairy","Bars & Pastries","Granola Bars","Nature's Path","Nature's Path Orignal Love Crunch Dark Chcolate & Red Berries Organic Granola Bars","058449173083","Nature's Path Orignal Love Crunch Dark Chcolate & Red Berries Organic Granola Bars","4.99","0.0","Market Basket","6 x 1.06 oz","6 x 1.06 oz","X3896.jpg","","5"
"7023","Cooking Needs","Baking & Cooking","Doughs, Gelatins & Bake Mixes","Pillsbury","Pillsbury Quick Bread & Muffin Mix Too Pumpkin","","Pillsbury Quick Bread & Muffin Mix Too Pumpkin","2.49","0.0","Market Basket","14 oz","14 oz","2022.jpg","","8"
"6256","Beverages & Juices","Water","Water","Dasani","Dasani Purified Water","","Dasani Purified Water","3.13","0.0","Market Basket","8 x 12 fl oz","8 x 12 fl oz","No Image.jpg","","11"
"31342","Beverages & Juices","Juices & Refrigerated Drinks","Refrigerated Drinks","Floridas Natural","Floridas Natural NO PULP 100% PRIMIUM Florida Natural ORANGE JUICE WITH  NOT CONCENTRATE / NON GMO","","Floridas Natural NO PULP 100% PRIMIUM Florida Natural ORANGE JUICE WITH  NOT CONCENTRATE / NON GMO","6.24","0.0","Market Basket","89 fl oz","89 fl oz","X272.jpg","","1"
"15187","Personal Care","Personal Needs","Oral Hygiene","Crest","Crest Extra Whitening Toothpaste","","Crest Extra Whitening Toothpaste","4.24","1.0","Market Basket","6.2 oz","6.2 oz","18151.jpg","","13"
"3664","Fresh Produce","Fresh Fruits","Kiwi","Market Basket","Green Kiwi","","Green Kiwi","3.55","0.0","Market Basket","1 count","1 count","14261.jpg","","20"
"34911","Beverages & Juices","Juices & Refrigerated Drinks","Refrigerated Drinks","Turkey Hill","TURKEY HILL diet Decaf Tea Lemon Flavored Decaf Tea Diet Decaffeinated","","TURKEY HILL diet Decaf Tea Lemon Flavored Decaf Tea Diet Decaffeinated","1.88","0.0","Market Basket","64 fl oz","64 fl oz","X860.jpg","","1"
"8075","Cooking Needs","Canned Food","Soup, Broth & Bouillon","Nissin","Nissin Soy Sauce Flavor Ramen Noodle Soup","","Nissin Soy Sauce Flavor Ramen Noodle Soup","0.39","0.0","Market Basket","3 oz","3 oz","17196.jpg","","9"
"8044","Cooking Needs","Canned Food","Soup, Broth & Bouillon","Market Basket","Market Basket Chicken Broth","","Market Basket Chicken Broth","3.09","0.0","Market Basket","32 oz","32 oz","Market Basket.jpg","","2"
"31227","Frozen Food","Frozen Breakfast","Frozen Burrito","El Monterey","El Monterey Beef and Bean Chimichangas 8 pack FAMILY SIZE","071007010941","El Monterey Beef and Bean Chimichangas 8 pack FAMILY SIZE","4.49","0.0","Market Basket","32 oz","32 oz","X4833.jpg","","19"
"33127","Condiments & Dressings","Marinades, Ketchup & Sauces","Mustard Sauce","Market Basket ","Market Basket Traditional Yellow Mustard 100% Natural ","049705020586","Market Basket Traditional Yellow Mustard 100% Natural ","1.88","0.0","Market Basket","4 oz","4 oz","X2179.jpg","","2"
"14802","Personal Care","Body Wash, Soap & Hair Care","Hair Care","TRESemme","TRESemme Conditioner Keratin Smooth","","TRESemme Conditioner Keratin Smooth","8.5","1.0","Market Basket","22 oz","22 oz","18162.jpg","","13"
"33021","Pasta & Sauces","Raw Pasta","Raw Pasta","Market Basket","Market Basket Pasta Orzo","049795032848","Market Basket Pasta Orzo","1.74","0.0","Market Basket","16 oz","16 oz","X1676.jpg","","4"
"12853","Breakfast & Dairy","Breads & Rolls","Croissant","Oven Delights","Oven Delights Butter Croissant","","Oven Delights Butter Croissant","1.29","0.0","Market Basket","3 oz","3 oz","17059.jpg","","18"
"30255","Frozen Food","Frozen Dinners & Entrees","Frozen Meal","Banquet","Banquet Mega Meals, Salisbury Steak","031000126148","Banquet Mega Meals, Salisbury Steak","3.74","0.0","Market Basket","16.95 oz","16.95 oz","X4018.jpg","","18"
"7520","Cooking Needs","Canned Food","Canned & Jarred Vegetables","Market Basket","Market Basket Peas And Diced Carrots","","Market Basket Peas And Diced Carrots","0.99","0.0","Market Basket","14.5 oz","14.5 oz","Market Basket.jpg","","9"
"6065","Beverages & Juices","Soft Drinks & Seltzers","Soft Drinks","Brisk","Brisk Lemon Iced Tea Box of Cans","","Brisk Lemon Iced Tea Box of Cans","5.63","0.0","Market Basket","12 x 12 fl oz","12 x 12 fl oz","No Image.jpg","","17"
"3915","Fresh Produce","Fresh Vegetables","Peas","Market Basket","Snow Peas","","Snow Peas","4.44","0.0","Market Basket","1 count","1 count","FP135.jpg","","20"
"4746","Meat & Seafood","Frozen Meat & Seafood","Other Frozen Meat","Steak-umm","Steak-umm Steaks Sliced","","Steak-umm Steaks Sliced","3.69","0.0","Market Basket","14 count","14 count","16030.jpg","","18"
"6017","Beverages & Juices","Energy & Sports Drinks","Energy & Sports Drinks","Red Bull","Red Bull Energy Drink","","Red Bull Energy Drink","4.36","0.0","Market Basket","16 fl oz","16 fl oz","3732.jpg","","17"
"9948","Frozen Food","Ice Cream & Ice","Ice Cream & Ice","Ben & Jerry's","Ben & Jerry's Ice Cream Milk And Cookies","","Ben & Jerry's Ice Cream Milk And Cookies","3.74","0.0","Market Basket","1 pint","1 pint","18005.jpg","","21"
"15156","Personal Care","Personal Needs","Oral Hygiene","Arm & Hammer","Arm & Hammer Spinbrush Pro White Soft Replacement Heads","","Arm & Hammer Spinbrush Pro White Soft Replacement Heads","12.64","1.0","Market Basket","2 count","2 count","6435.jpg","","13"
"7201","Cooking Needs","Spices & Seasonings","Spices & Seasonings","Badia","Badia Star Anise","","Badia Star Anise","0.89","0.0","Market Basket","0.5 oz","0.5 oz","2231.jpg","","9"
"7975","Cooking Needs","Canned Food","Soup, Broth & Bouillon","Campbell's","Campbell's Creamy Tomato Soup Microwavable Bowl","","Campbell's Creamy Tomato Soup Microwavable Bowl","3.09","0.0","Market Basket","15.4 oz","15.4 oz","5372.jpg","","9"
"33547","Breakfast & Dairy","Granola & Oats","Granola","Nature's Path ","Nature's Path Orignal Pumpkin Seed +  Flax Granola","058449890072","Nature's Path Orignal Pumpkin Seed +  Flax Granola","4.99","0.0","Market Basket","11.5 oz","11.5 oz","X3729.jpg","","5"
"33038","Meat & Seafood","Packaged Meat & Seafood","Bacon","Market Basket","Market Basket Genuin Hickory Smoked Sliced Bacon","","Market Basket Genuin Hickory Smoked Sliced Bacon","6.24","0.0","Market Basket","16 oz","16 oz","X4448.jpg","","1"
"5759","Breakfast & Dairy","Bars & Pastries","Protien Bars","Luna","Luna Chocolate Chip Cookie Dough Protein Bar","","Luna Chocolate Chip Cookie Dough Protein Bar","1.25","0.0","Market Basket","1.6 oz","1.6 oz","1299.jpg","","3"
"3812","Fresh Produce","Fresh Organic Vegetables","Cauliflower","Cal Organic Farms","Cal Organic Farms Cauliflower","","Cal Organic Farms Cauliflower","5.62","0.0","Market Basket","1 count","1 count","41.jpg","","20"
"6639","Beverages & Juices","Juices & Refrigerated Drinks","Refrigerated Drinks","Odwalla","Odwalla Fruit Smoothie Strawberry C Monster","","Odwalla Fruit Smoothie Strawberry C Monster","2.99","0.0","Market Basket","12 fl oz","12 fl oz","3803.jpg","","20"
"31910","Condiments & Dressings","Pickled Goods & Olives","Pepperonicini","Italica","Italica Golden Greek Pepperoncini Sliced ","070118004900","Italica Golden Greek Pepperoncini Sliced ","2.49","0.0","Market Basket","16 fl oz","16 fl oz","X3252.jpg","","2"
"33701","Meat & Seafood","Packaged Meat & Seafood","Sausage","Old Neighborhood","Old Neighborhood Hot Chorizo ","","Old Neighborhood Hot Chorizo ","4.74","0.0","Market Basket","12 oz","12 oz","X4653.jpg","","1"
"30765","Condiments & Dressings","Marinades, Ketchup & Sauces","Mayonnaise","Cains ","Cains Light Mayonnaise 1/2 The Calories And Fat Of Regular Mayonnaise ","","Cains Light Mayonnaise 1/2 The Calories And Fat Of Regular Mayonnaise ","4.36","0.0","Market Basket","30 fl oz","30 fl oz","X1737.jpg","","2"
"32608","Cooking Needs","Oils & Vinegars","Oils & Vinegars","LouAna","LouAna Non-Stick Cooking Spary Coconut Oil Non Hydrogenated 0g Trans Fat ","026700156182","LouAna Non-Stick Cooking Spary Coconut Oil Non Hydrogenated 0g Trans Fat ","3.13","0.0","Market Basket","6 oz","6 oz","X1947.jpg","","2"
"33574","Beverages & Juices","Juices & Refrigerated Drinks","Juice & Nectars","Nellie & Joe's","Nellie & Joe's Key West Lime Juice","084744001011","Nellie & Joe's Key West Lime Juice","3.74","0.0","Market Basket","16 fl oz","16 fl oz","X2781.jpg","","10"
"35286","Richardson's Farm Ice Cream","Ice Cream","Chocolate","Richarson's Farm","Richarson's Farm Dealth by Chocolate Ice Cream 16% Butterfat","","Dark chocolate ice cream with a milk chocolate twirl, chocolate chips, and decadent fudge brownies","32.99","0.0","Richardson's Farm","3 Gal. Tub","3 Gal. Tub","RichardsonsFarm.jpg","",""
"5121","Chips, Cookies & Snacks","Cookies & Crackers","Cookies & Cakes","Pepperidge Farm","Pepperidge Farm Zurich Sugar Cookies","","Pepperidge Farm Zurich Sugar Cookies","4.69","0.0","Market Basket","5.25 oz","5.25 oz","15047.jpg","","6"
"536","Laundry & Paper Goods","Laundry","Laundry Detergent","all","all stainlifters original detergent 66 Loads Laundry Detergent","","all stainlifters original detergent 66 Loads Laundry Detergent","10.61","1.0","Market Basket","100 fl oz","100 fl oz","No Image.jpg","","15"
"7015","Cooking Needs","Baking & Cooking","Doughs, Gelatins & Bake Mixes","Pillsbury","Pillsbury Grands! Cinnamon Rolls, Cinnabon Cinnamon & Icing","","Pillsbury Grands! Cinnamon Rolls, Cinnabon Cinnamon & Icing","4.36","0.0","Market Basket","5 x 17.oz","5 x 17.oz","2027.jpg","","1"
"13898","Breakfast & Dairy","Dairy & Eggs","Soy & Lactose-Free","Pacific","Pacific Ultra Soy Original","","Pacific Ultra Soy Original","3.69","0.0","Market Basket","32 fl oz","32 fl oz","784.jpg","","1"
"5084","Chips, Cookies & Snacks","Cookies & Crackers","Cookies & Cakes","Market Basket","Market Basket Vanilla Wafers","","Market Basket Vanilla Wafers","2.34","0.0","Market Basket","11 oz","11 oz","Market Basket.jpg","","6"
"30905","Breakfast & Dairy","Dairy & Eggs","Yogurt","Chobani","Chobani Greek Yogurt Coffee & Cream Blended ","","Chobani Greek Yogurt Coffee & Cream Blended ","1.25","0.0","Market Basket","5.3 oz","5.3 oz","X112.jpg","","1"
"31646","Meat & Seafood","Packaged Meat & Seafood","Bacon","Hatfield","Hatfield Extra Thick Cut Bacon","","Hatfield Extra Thick Cut Bacon","6.86","0.0","Market Basket","22 oz","22 oz","X4467.jpg","","1"
"6544","Chips, Cookies & Snacks","Nuts, Seeds & Dried Fruit","Nuts, Seeds & Dried Fruit","StoneRidge Orchards","StoneRidge Organic Montmorency Cherries","","StoneRidge Organic Montmorency Cherries","3.13","0.0","Market Basket","4 oz","4 oz","No Image.jpg","","6"
"6424","Chips, Cookies & Snacks","Chips & Fruit Snacks","Rice Cake","Quaker","Quaker Rice Cakes Butter Popcorn","","Quaker Rice Cakes Butter Popcorn","2.5","0.0","Market Basket","4.47 oz","4.47 oz","1206.jpg","","6"
"15189","Personal Care","Personal Needs","Oral Hygiene","Crest","Crest Pro Health Advanced Soothing Smooth Mint Toothpaste, Oral Care","","Crest Pro Health Advanced Soothing Smooth Mint Toothpaste, Oral Care","5.62","1.0","Market Basket","4 oz","4 oz","6412.jpg","","13"
"4080","Meat & Seafood","Meat & Seafood Counter","Beef","Market Basket","Market Basket Beef Eye Round Sandwich Steaks","","Market Basket Beef Eye Round Sandwich Steaks","6.09","0.0","Market Basket","Approx: 1.00 lb at $6.09/lb","Approx: 1.00 lb at $6.09/lb","Market Basket.jpg","","22"
"33416","Cooking Needs","Canned Food","Canned Fruit & Applesauce","Musselman's ","Musselman's Original Apple Sauce 4 Pack","","Musselman's Original Apple Sauce 4 Pack","2.86","0.0","Market Basket","24 oz","24 oz","X632.jpg","","3"
"34825","Breakfast & Dairy","Granola & Oats","Cup Oatmeal","Think!","Think! Farmer's Market Berry Crumble","753656711836","Think! Farmer's Market Berry Crumble","1.88","0.0","Market Basket","1.76 oz","1.76 oz","X3628.jpg","","5"
"33802","Cooking Needs","Oils & Vinegars","Oils & Vinegars","Pam ","Pam Cooking Spray Olive Oil Made With Extra Virgin Olive Oil Expeller Pressed No Artifical","064144030644","Pam Cooking Spray Olive Oil Made With Extra Virgin Olive Oil Expeller Pressed No Artifical","3.49","0.0","Market Basket","5 oz","5 oz","X1944.jpg","","2"
"34523","Frozen Food","Frozen Dinners & Entrees","Frozen Meal","Smart Ones","Smart Ones Fettuccine Alfredo","025800020201","Smart Ones Fettuccine Alfredo","2.5","0.0","Market Basket","9.25 oz","9.25 oz","X4207.jpg","","18"
"33462","Breakfast & Dairy","Bars & Pastries","Granola Bars","Nature Valley ","Nature Valley Sweet & Salty nut Chewy Granola Bars Toasted Coconut","016000497269","Nature Valley Sweet & Salty nut Chewy Granola Bars Toasted Coconut","3.75","0.0","Market Basket","6 x 1.02 oz","6 x 1.02 oz","X3812.jpg","","5"
"10084","Frozen Food","Ice Cream & Ice","Ice Cream & Ice","Halo Top","Halo Top Creamery Light Ice Cream Cookies & Cream","","Halo Top Creamery Light Ice Cream Cookies & Cream","4.29","0.0","Market Basket","1 pint","1 pint","16093.jpg","","21"
"32008","Cooking Needs","Oils & Vinegars","Oils & Vinegars","Kadoya","Kadoya Pure Sesame Oil ","012822009079","Kadoya Pure Sesame Oil ","4.24","0.0","Market Basket","5.5 fl oz","5.5 fl oz","X3215.jpg","","2"
"32867","Breakfast & Dairy","Breads & Rolls","Bread","Market Basket","Market Basket Premium Country White Bread","835841003169","Market Basket Premium Country White Bread","3.13","0.0","Market Basket","24 oz","24 oz","X2396.jpg","","18"
"32536","Meat & Seafood","Packaged Meat & Seafood","Kielbasa","Leidys ","Leidys Uncured Smoked Kielbasa ","","Leidys Uncured Smoked Kielbasa ","4.99","0.0","Market Basket","12 oz","12 oz","X4621.jpg","","1"
"30122","Pasta & Sauces","Instant Pasta","Instant Pasta","Annie's ","Annies made with Organic Pasta Deluxe Rich & Creamy Shells & Four Cheese Macaroni & Cheese Sauce","013562111787","Annies made with Organic Pasta Deluxe Rich & Creamy Shells & Four Cheese Macaroni & Cheese Sauce","3.74","0.0","Market Basket","11.3 oz","11.3 oz","X1192.jpg","","4"
"14462","Breakfast & Dairy","Tea & Coffee","Coffee","Peet's Coffee","Peet's Coffee House Blend Dark Roast Coffee KÃ¢â¬âCup Pods","","Peet's Coffee House Blend Dark Roast Coffee KÃ¢â¬âCup Pods","10.99","0.0","Market Basket","10 x 0.47 oz","10 x 0.47 oz","3318.jpg","","8"
"9699","Frozen Food","Frozen Pizza","Frozen Pizza","Dr. Oetker","Dr. Oetker Virtuoso Thin + Crispy Crust Pizza Four Cheese","","Dr. Oetker Virtuoso Thin + Crispy Crust Pizza Four Cheese","4.89","0.0","Market Basket","12 oz","12 oz","16026.jpg","","19"
"34641","Frozen Food","Frozen Dinners & Entrees","Frozen Appetizers & Sides","Stouffer's ","Stouffer's Stuffed Peppers","013800190215","Stouffer's Stuffed Peppers","9.99","0.0","Market Basket","32 oz","32 oz","X4344.jpg","","18"
"13585","Breakfast & Dairy","Dairy & Eggs","Other Creams & Cheeses","Market Basket","Market Basket Cream Cheese","","Market Basket Cream Cheese","2.79","0.0","Market Basket","12 oz","12 oz","Market Basket.jpg","","1"
"5137","Chips, Cookies & Snacks","Cookies & Crackers","Cookies & Cakes","Pepperidge Farm","Pepperidge Farm Verona Cherry","","Pepperidge Farm Verona Cherry","4.69","0.0","Market Basket","6.75 oz","6.75 oz","No Image.jpg","","6"
"13902","Breakfast & Dairy","Dairy & Eggs","Soy & Lactose-Free","Rolling Hills ","Rolling Hills Farm Original Organic Soymilk","","Rolling Hills Farm Original Organic Soymilk","3.09","0.0","Market Basket","0.5 gal","0.5 gal","14798.jpg","","1"
"34003","Frozen Food","Frozen Dinners & Entrees","Frozen Appetizers & Sides","Pepperidge Farm","Pepperidge Farm Stone Baked Artisan Rolls","051000191144","Pepperidge Farm Stone Baked Artisan Rolls","3.13","0.0","Market Basket","14 oz","14 oz","X4291.jpg","","18"
"31727","Meat & Seafood","Packaged Meat & Seafood","Ham","Hillshire Farm ","Hillshire Farm Ultra Thin Honey Ham ","","Hillshire Farm Ultra Thin Honey Ham ","4.99","0.0","Market Basket","9 oz","9 oz","X4533.jpg","","1"
"31679","Frozen Food","Frozen Dinners & Entrees","Frozen Meal","Healthy Choice","Healthy Choice Golden Roasted Turkey Breast","050100459512","Healthy Choice Golden Roasted Turkey Breast","3.13","0.0","Market Basket","10.5 oz","10.5 oz","X4093.jpg","","18"
"10108","Frozen Food","Ice Cream & Ice","Ice Cream & Ice","Hood","Hood New England Creamery Mt. Washington Chocolate Peanut Butter Cup Ice Cream","","Hood New England Creamery Mt. Washington Chocolate Peanut Butter Cup Ice Cream","3.69","0.0","Market Basket","1.5 quart","1.5 quart","3104.jpg","","21"
"3986","Fresh Produce","Fresh Vegetables","Speciality Produce","Market Basket","Turnip","","Turnip","0.99","0.0","Market Basket","1 count","1 count","14404.jpg","","20"
"33663","Beverages & Juices","Juices & Refrigerated Drinks","Juice & Nectars","Ocean Spray","Ocean Spray Cran Grape Juice Drink from Concentrate","031200220073","Ocean Spray Cran Grape Juice Drink from Concentrate","3.74","0.0","Market Basket","64 fl oz","64 fl oz","X2829.jpg","","10"
"30551","Cooking Needs","Baking & Cooking","Flour","Bob's Red Mill","Bob's Red Mill Vital Wheat Gluten Flour ","039978113221","Bob's Red Mill Vital Wheat Gluten Flour ","8.11","0.0","Market Basket","20 oz","20 oz","X5259.jpg","","3"
"14977","Personal Care","First Aid & Healthcare","Muscles, Joints & Pain Relief","Advil","Advil Ibuprofen","","Advil Ibuprofen","5.05","1.0","Market Basket","20 count","20 count","6622.jpg","","13"
"6350","Beverages & Juices","Soft Drinks & Seltzers","Soft Drinks","Polar","Polar Diet Pink Grapefruit Dry","","Polar Diet Pink Grapefruit Dry","2.11","0.0","Market Basket","2 L","2 L","No Image.jpg","","11"
"35242","Breakfast & Dairy","Breads & Rolls","Bagels","Zeppy","Zeppy Bagels The Works","023698100173","Zeppy Bagels The Works","3.74","0.0","Market Basket","20 oz","20 oz","X2637.jpg","","18"
"6937","Cooking Needs","Baking & Cooking","Doughs, Gelatins & Bake Mixes","Betty Crocker","Betty Crocker Fudge Brownie Mix, Family Size","","Betty Crocker Fudge Brownie Mix, Family Size","1.99","0.0","Market Basket","18.3 oz","18.3 oz","2075.jpg","","8"
"35103","Chips, Cookies & Snacks","Chips & Fruit Snacks","Fruit & Vegetable Snacks","Welch's","Welch's Fruit'n Yogurt Sncaks Blueberry ","034856810803","Welch's Fruit'n Yogurt Sncaks Blueberry ","2.5","0.0","Market Basket","6.4 oz","6.4 oz","X5158.jpg","","19"
"10075","Frozen Food","Ice Cream & Ice","Ice Cream & Ice","Haagen-dazs","Haagen dazs Strawberry Ice Cream","","Haagen dazs Strawberry Ice Cream","4.79","0.0","Market Basket","14 fl oz","14 fl oz","3067.jpg","","21"
"9171","Frozen Food","Frozen Dinners & Entrees","Frozen Appetizers & Sides","Ore-Ida","Ore Ida French Fried Potatoes","","Ore Ida French Fried Potatoes","3.59","0.0","Market Basket","32 oz","32 oz","2575.jpg","","19"
"9839","Frozen Food","Frozen Produce","Frozen Produce","Market Basket","Market Basket Cauliflower Florets","","Market Basket Cauliflower Florets","1.79","0.0","Market Basket","16 oz bag","16 oz bag","Market Basket.jpg","","19"
"5826","Breakfast & Dairy","Dairy & Eggs","Yogurt","Stonyfield Organic","Stonyfield Organic YoKids Squeezers Lowfat Yogurt Variety Pack","","Stonyfield Organic YoKids Squeezers Lowfat Yogurt Variety Pack","8.59","0.0","Market Basket","16 x 2 oz","16 x 2 oz","15249.jpg","","3"
"15293","Personal Care","Vitamins & Proteins","Protien Drinks","Ensure","Ensure Plus Nutrition Shake Milk Chocolate Ready-to-Drink Bottles","","Ensure Plus Nutrition Shake Milk Chocolate Ready-to-Drink Bottles","14.02","1.0","Market Basket","48 fl oz","48 fl oz","6722.jpg","","13"
"4644","Meat & Seafood","Canned Meat & Seafood","Canned Tuna","Bumble Bee","Bumble Bee Solid White Albacore Tuna in Water","","Bumble Bee Solid White Albacore Tuna in Water","4.59","0.0","Market Basket","3 oz","3 oz","5188.jpg","","2"
"30885","Pasta & Sauces","Instant Pasta","Instant Pasta","Chef Boyardee","Chef Boyardee Lasagna Pasta with Chunky Tomato & meat Sauce ","064144047307","Chef Boyardee Lasagna Pasta with Chunky Tomato & meat Sauce ","1.25","0.0","Market Basket","7.5 oz","7.5 oz","X1253.jpg","","4"
"352","Kitchen & Cleaning","Food Storage & Kitchen Supplies","Storage Containers","Market Basket","Market Basket Entree Storage Containers","","Market Basket Entree Storage Containers","2.49","1.0","Market Basket","5 count","5 count","Market Basket.jpg","","12"
"30596","Breakfast & Dairy","Breads & Rolls","Pizza Crust","Boboli ","Boboli Thin Crust","073130012571","Boboli Thin Crust","6.24","0.0","Market Basket","10 oz","10 oz","X1336.jpg","","4"
"34076","Breakfast & Dairy","Bars & Pastries","Pastries","Pop Tarts","PopTarts Frosted Raspberry","038000222696","PopTarts Frosted Raspberry","2.5","0.0","Market Basket","13.5 oz","13.5 oz","X3508.jpg","","5"
"216","Kitchen & Cleaning","Cleaning Products","Toilet Cleaner","Clorox","Clorox Toilet Bowl Cleaner","","Clorox Toilet Bowl Cleaner","5.29","1.0","Market Basket","10 count","10 count","4262.jpg","","15"
"5905","Beverages & Juices","Tea, Coffee, Milk & Coconut Water","Single To-Go Coffee","StarBucks","Starbucks Frappuccino Toasted White Chocolate","","Starbucks Frappuccino Toasted White Chocolate","3.36","0.0","Market Basket","13.7 fl oz","13.7 fl oz","No Image.jpg","","17"
"5423","Chips, Cookies & Snacks","Candy & Chocolates","Candy & Chocolate","3 Musketeers","3 Musketeers Chocolate Fun Size Chocolate Bars Candy","","3 Musketeers Chocolate Fun Size Chocolate Bars Candy","1.29","0.0","Market Basket","2.93 oz","2.93 oz","14935.jpg","","3"
"10149","Frozen Food","Ice Cream & Ice","Ice Cream & Ice","Marinos","Marinos Italian Ices Marinos Watermelon Italian Ice","","Marinos Italian Ices Marinos Watermelon Italian Ice","2.49","0.0","Market Basket","6 fl oz","6 fl oz","16186.jpg","","21"
"30575","Cooking Needs","Baking & Cooking","Baking Ingredients","Bob's Red Mill","Bob;s Red Mill Yellow Corn Grits Also Known as Polenta ","039978111258","Bob;s Red Mill Yellow Corn Grits Also Known as Polenta ","4.36","0.0","Market Basket","24 oz","24 oz","X5283.jpg","","3"
"32638","Cooking Needs","Rice & Grains","Grains, Rice & Dried Goods","Lundberg Family Farms","LundBerg Countrywild Rice Gluten Free Whole Grain","073416090101","LundBerg Countrywild Rice Gluten Free Whole Grain","4.99","0.0","Market Basket","16 oz","16 oz","X1108.jpg","","4"
"9423","Frozen Food","Frozen Dinners & Entrees","Frozen Meal","Birds Eye","Birds Eye Voila! Cheesy Ranch Chicken","","Birds Eye Voila! Cheesy Ranch Chicken","4.89","0.0","Market Basket","21 oz","21 oz","2793.jpg","","18"
"14488","Breakfast & Dairy","Tea & Coffee","Coffee","StarBucks","Starbucks Iced Coffee Unsweetened Premium Coffee Beverage","","Starbucks Iced Coffee Unsweetened Premium Coffee Beverage","5.39","0.0","Market Basket","48 fl oz","48 fl oz","3294.jpg","","1"
"345","Kitchen & Cleaning","Food Storage & Kitchen Supplies","Storage Bags","Ziploc","Ziploc Slider Stand & Fill Freezer Bags","","Ziploc Slider Stand & Fill Freezer Bags","1.89","1.0","Market Basket","10 x 1 gal","10 x 1 gal","4397.jpg","","12"
"32658","Breakfast & Dairy","Cereal","Cereal","Malt O Meal","Malt O Meal Golden Puffs ","042400069461","Malt O Meal Golden Puffs ","3.75","0.0","Market Basket","23.5 oz","23.5 oz","X3472.jpg","","5"
"33965","Breakfast & Dairy","Breads & Rolls","Bread","Pepperidge Farm","Pepperidge Farm Farmhouse Oatmeal Bread","014100070337","Pepperidge Farm Farmhouse Oatmeal Bread","4.99","0.0","Market Basket","24 oz","24 oz","X2532.jpg","","18"
"34871","Frozen Food","Frozen Breakfast","Frozen Breakfast","Tina's","Tina's Cantina Handcrafted Breakfast Burritos Egg Bacon & Cgeddar Cheese","079606185022","Tina's Cantina Handcrafted Breakfast Burritos Egg Bacon & Cgeddar Cheese","7.49","0.0","Market Basket","32 oz","32 oz","X4992.jpg","","19"
"4151","Meat & Seafood","Meat & Seafood Counter","Ham","Krakus","Krakus Polish Ham","","Krakus Polish Ham","7.39","0.0","Market Basket","1 lb","1 lb","No Image.jpg","","22"
"10662","Cooking Needs","Canned Food","Canned & Jarred Vegetables","Market Basket","Market Basket Tomato Puree","","Market Basket Tomato Puree","1.89","0.0","Market Basket","29 oz","29 oz","Market Basket.jpg","","4"
"31131","Breakfast & Dairy","Breads & Rolls","English Muffins","Dave's Killer Bread","Dave's Killer Bread Rockin' Grains 6 Organic English Muffins","013764028142","Dave's Killer Bread Rockin' Grains 6 Organic English Muffins","6.24","0.0","Market Basket","13.2 oz","13.2 oz","X2427.jpg","","18"
"31946","Meat & Seafood","Packaged Meat & Seafood","Kielbasa","Johnsonville","Johnsonville Polish Kielbasa ","","Johnsonville Polish Kielbasa ","4.99","0.0","Market Basket","13.5 oz","13.5 oz","X4609.jpg","","1"
"6333","Beverages & Juices","Soft Drinks & Seltzers","Seltzer","Polar","Polar Lime Seltzer","","Polar Lime Seltzer","1.24","0.0","Market Basket","2 L","2 L","No Image.jpg","","11"
"34861","Frozen Food","Frozen Breakfast","Frozen Burrito","Tina's","Tina's Loaded 5 Layer Burrito Grilled Steak Fajtas, Red Rice, Black Beans, Peppers and Cheese","079606020422","Tina's Loaded 5 Layer Burrito Grilled Steak Fajtas, Red Rice, Black Beans, Peppers and Cheese","2.5","0.0","Market Basket","8 oz","8 oz","X4822.jpg","","19"
"5339","Chips, Cookies & Snacks","Cookies & Crackers","Cookies & Cakes","belVita","belVita Sandwich Peanut Butter","","belVita Sandwich Peanut Butter","4.69","0.0","Market Basket","8.8 oz","8.8 oz","No Image.jpg","","6"
"34572","Beverages & Juices","Tea, Coffee, Milk & Coconut Water","Tea","Snapple","Snapple Diet Peach Tea ","076183643570","Snapple Diet Peach Tea ","3.13","0.0","Market Basket","64 fl oz","64 fl oz","X2985.jpg","","10"
"30300","Meat & Seafood","Packaged Meat & Seafood","Chicken","Barber Foods","Barber Foods Breaded Raw Stuffed Chicken Breast Creme Brie and Apple","073461000087","Barber Foods Breaded Raw Stuffed Chicken Breast Creme Brie and Apple","12.49","0.0","Market Basket","30 oz","30 oz","X4787.jpg","","1"
"5058","Chips, Cookies & Snacks","Cookies & Crackers","Cookies & Cakes","Keebler","Keebler Disnep Frozen II Graham Snacks Honey","","Keebler Disnep Frozen II Graham Snacks Honey","6.23","0.0","Market Basket","12 x 0.78 oz","12 x 0.78 oz","No Image.jpg","","6"
"6015","Beverages & Juices","Energy & Sports Drinks","Energy & Sports Drinks","Red Bull","Red Bull The Yellow Edition - Tropical","","Red Bull The Yellow Edition - Tropical","9.36","0.0","Market Basket","4 x 8.4 fl oz","4 x 8.4 fl oz","No Image.jpg","","17"
"34851","Breakfast & Dairy","Breads & Rolls","English Muffins","Thomas","Thomas English Muffins Light Multi Grain","048121276201","Thomas English Muffins Light Multi Grain","6.24","0.0","Market Basket","12 oz","12 oz","X2620.jpg","","18"
"30649","Beverages & Juices","Juices & Refrigerated Drinks","Juice & Nectars","Bragg ","Bragg Apple Cider Vinegar Refreshers Prebiotic Concord Grape & Hibiscus","074305053160","Bragg Apple Cider Vinegar Refreshers Prebiotic Concord Grape & Hibiscus","3.11","0.0","Market Basket","16 fl oz","16 fl oz","X3009.jpg","","10"
"31050","Cooking Needs","Oils & Vinegars","Oils & Vinegars","Crisco","Crise Butter Flavors All Vegetable Shortening Naturally ","051500242414","Crise Butter Flavors All Vegetable Shortening Naturally ","7.49","0.0","Market Basket","48 oz","48 oz","X1938.jpg","","2"
"35235","Cooking Needs","Rice & Grains","Instant Rice","Zatarains","Zatarains Jambalaya Long grain rice mix with vegetables & Spices Reduced Sodium ","071429099807","Zatarains Jambalaya Long grain rice mix with vegetables & Spices Reduced Sodium ","2.11","0.0","Market Basket","8 oz","8 oz","X1020.jpg","","4"
"30479","Breakfast & Dairy","Granola & Oats","Oats","Bob's Red Mill","Bob's Red Mill Oat Bran Hot Cereal","039978013781","Bob's Red Mill Oat Bran Hot Cereal","4.36","0.0","Market Basket","16 oz","16 oz","X3674.jpg","","5"
"31396","Condiments & Dressings","Marinades, Ketchup & Sauces","Marinades & Meat Preparation","G Hughes","G Hughes Original Recipe Sugar Free Streak Sauce Gluten Free ","026825090088","G Hughes Original Recipe Sugar Free Streak Sauce Gluten Free ","3.13","0.0","Market Basket","12 oz","12 oz","X2099.jpg","","2"
"31638","Frozen Food","Frozen Pizza","Frozen Pizza","Half Baked ","Half Baked VT Mozzarella ","854527004030","Half Baked VT Mozzarella ","8.74","0.0","Market Basket","18 oz","18 oz","X4905.jpg","","19"
"623","Laundry & Paper Goods","Paper Goods","Wipes","Scotties","Scotties triple soft","","Scotties triple soft","1.24","1.0","Market Basket","66 count","66 count","No Image.jpg","","14"
"3756","Fresh Produce","Fresh Herbs","Oregano","Market Basket","Oregano","","Oregano","2.86","0.0","Market Basket","1 bunch","1 bunch","14549.jpg","","20"
"13855","Breakfast & Dairy","Dairy & Eggs","Refrigerated Pudding & Desserts","Swiss Miss","Swiss Miss Classic Butterscotch Pudding","","Swiss Miss Classic Butterscotch Pudding","2.49","0.0","Market Basket","24 oz","24 oz","829.jpg","","19"
"3475","Fresh Produce","Fresh Herbs","Dil Leaves","Market Basket","Dil Leaves","","Dil Leaves","2.19","0.0","Market Basket","1 bunch","1 bunch","f63.jpg","","20"
"33825","Cooking Needs","Canned Food","Canned Tomatoes","Pastene","Pastene Italian Peeled Tomatoes with Basil Leaf","066086080053","Pastene Italian Peeled Tomatoes with Basil Leaf","1.86","0.0","Market Basket","14 oz","14 oz","X1348.jpg","","4"
"6226","Beverages & Juices","Water","Sparkling Water","Adirondack","Adirondack Wild Berry Sparkling Water","","Adirondack Wild Berry Sparkling Water","0.63","0.0","Market Basket","1 L","1 L","No Image.jpg","","11"
"31327","Cooking Needs","Oils & Vinegars","Oils & Vinegars","Filippo Berio","Fillppo Berio Snice 1867 Gold Selection 100% Italian Organic Extra Virgin Olive Oil FilippoBerio ","041736090149","Fillppo Berio Snice 1867 Gold Selection 100% Italian Organic Extra Virgin Olive Oil FilippoBerio ","7.49","0.0","Market Basket","16.9 fl oz","16.9 fl oz","X1978.jpg","","2"
"3521","Fresh Produce","Fresh Organic Vegetables","Tomato","Market Basket","Organic Stem Cluster Tomatoes","","Organic Stem Cluster Tomatoes","4.94","0.0","Market Basket","1 lb","1 lb","f144.jpg","","20"
"34873","Pasta & Sauces","Raw Pasta","Raw Pasta","Tinkyada","Tinkyada Pasta Brown Rice Pasta Spirals","621683921255","Tinkyada Pasta Brown Rice Pasta Spirals","4.61","0.0","Market Basket","16 oz","16 oz","X1564.jpg","","4"
"5436","Chips, Cookies & Snacks","Candy & Chocolates","Candy & Chocolate","Drake's","Drake's Devil Dogs Creme Filled Devils Food Cakes","","Drake's Devil Dogs Creme Filled Devils Food Cakes","6.09","0.0","Market Basket","16 ct","16 ct","No Image.jpg","","18"
"30070","Cooking Needs","Baking & Cooking","Pizza Sauce","Amore","Amore Garlic Paste Vegan","072248271566","Amore Garlic Paste Vegan","4.38","0.0","Market Basket","3.2 oz","3.2 oz","X1302.jpg","","4"
"32407","Condiments & Dressings","Salad Dressings & Toppings","Salad Dressing & Toppings","Kraft","Kraft Zesty Italian Dressing","021000644254","Kraft Zesty Italian Dressing","2.5","0.0","Market Basket","16 fl oz","16 fl oz","X464.jpg","","2"
"7142","Cooking Needs","Oils & Vinegars","Oils & Vinegars","Mazola","Mazola 100% Pure Vegetable Oil","","Mazola 100% Pure Vegetable Oil","4.39","0.0","Market Basket","40 fl oz","40 fl oz","15505.jpg","","2"
"12815","Breakfast & Dairy","Breads & Rolls","Bread","Cuisine de France","Cuisine de France Demi Parisian Bread","","Cuisine de France Demi Parisian Bread","1.29","0.0","Market Basket","7.4 oz","7.4 oz","4890.jpg","","18"
"4881","Chips, Cookies & Snacks","Chips & Fruit Snacks","Ready Popcorn","Lay's","Lay's Poppables Creamy Jalepeno Crispy Potato Bites","","Lay's Poppables Creamy Jalepeno Crispy Potato Bites","3.91","0.0","Market Basket","5 oz","5 oz","No Image.jpg","","0"
"34232","Breakfast & Dairy","Cereal","Cereal","Quaker","Quaker Oatmeal Squares Honey Nut","030000313282","Quaker Oatmeal Squares Honey Nut","4.61","0.0","Market Basket","14.5 oz","14.5 oz","X3414.jpg","","5"
"166","Kitchen & Cleaning","Cleaning Products","Other Cleaning Products","Mr. Clean","Mr. Clean Magic Eraser Original, Cleaning Pads with Durafoam","","Mr. Clean Magic Eraser Original, Cleaning Pads with Durafoam","2.49","1.0","Market Basket","2 count","2 count","18049.jpg","","15"
"557","Laundry & Paper Goods","Laundry","Laundry Detergent","Xtra","Xtra Detergent Mountain Rain 50 Loads","","Xtra Detergent Mountain Rain 50 Loads","3.74","1.0","Market Basket","75 fl oz","75 fl oz","No Image.jpg","","15"
"34280","Meat & Seafood","Packaged Meat & Seafood","Meatless Products","Quorn","Quorn Meatless Nuggets ","","Quorn Meatless Nuggets ","4.11","0.0","Market Basket","2 lb","2 lb","X4767.jpg","","1"
"3995","Fresh Produce","Fresh Vegetables","Spinach","Market Basket","Simple Beginnings Spinach bag","","Simple Beginnings Spinach bag","2.86","0.0","Market Basket","10 oz bag","10 oz bag","14300.jpg","","20"
"32185","Breakfast & Dairy","Bars & Pastries","Breakfast Bars","Kellogg's ","Kellogg's Rice Krispies Treats Caramel Chocolatey Chunk ","038000235566","Kellogg's Rice Krispies Treats Caramel Chocolatey Chunk ","3.13","0.0","Market Basket","8 x 0.7  oz","8 x 0.7  oz","X3541.jpg","","5"
"30609","Beverages & Juices","Energy & Sports Drinks","Energy & Sports Drinks","Body Armor","Body Armor Super Drink Tropical Punch","858176002171","Body Armor Super Drink Tropical Punch","1.88","0.0","Market Basket","16 fl oz","16 fl oz","X2757.jpg","","10"
"6184","Beverages & Juices","Ginger Ale & Ginger Beer","Ginger Ale","Schweppes","Schweppes Diet Ginger Ale Box of Cans","","Schweppes Diet Ginger Ale Box of Cans","5.63","0.0","Market Basket","12 x 12 fl oz","12 x 12 fl oz","3970.jpg","","17"
"31427","Beverages & Juices","Energy & Sports Drinks","Energy & Sports Drinks","Gatorade","Gatorade Fierce Thirst Quencher Grape 8 pack","052000208429","Gatorade Fierce Thirst Quencher Grape 8 pack","7.49","0.0","Market Basket","8 x 20 fl oz","8 x 20 fl oz","X2674.jpg","","10"
"4100","Meat & Seafood","Meat & Seafood Counter","Beef","Market Basket","Market Basket Ground Veal","","Market Basket Ground Veal","9.0","0.0","Market Basket","Approx: 1.06 lb at $8.49/lb","Approx: 1.06 lb at $8.49/lb","Market Basket.jpg","","22"
"32748","Frozen Food","Frozen Dinners & Entrees","Frozen Meal","Marie Callender's","Marie Callender's Fried Chicken Buffalo Style Mac & Cheese Bowl","021131905569","Marie Callender's Fried Chicken Buffalo Style Mac & Cheese Bowl","3.13","0.0","Market Basket","11.5 oz","11.5 oz","X4055.jpg","","18"
"8348","Condiments & Dressings","Honey, Syrup & Nectars","Syrup","Aunt Jemima","Aunt Jemima Butter Lite Syrup","","Aunt Jemima Butter Lite Syrup","4.29","0.0","Market Basket","24 fl oz","24 fl oz","1601.jpg","","3"
"358","Kitchen & Cleaning","Food Storage & Kitchen Supplies","Storage Containers","Market Basket","Market Basket Twist And Store Storage Containers","","Market Basket Twist And Store Storage Containers","2.49","1.0","Market Basket","3 count","3 count","Market Basket.jpg","","12"
"33138","Condiments & Dressings","Pickled Goods & Olives","Pickled Goods & Olives","Market Basket ","Market Basket Sweet Sandwich Slices ","049705018682","Market Basket Sweet Sandwich Slices ","2.5","0.0","Market Basket","16 fl oz","16 fl oz","X3269.jpg","","2"
"15141","Personal Care","Personal Needs","Oral Hygiene","Act","Act Total Care Mouthwash Fresh Mint","","Act Total Care Mouthwash Fresh Mint","7.0","1.0","Market Basket","18 fl oz","18 fl oz","6466.jpg","","13"
"34136","Beverages & Juices","Energy & Sports Drinks","Energy & Sports Drinks","Powerade","Powerade Zero Sugar Sports Drink Grape 8 pack","049000050745","Powerade Zero Sugar Sports Drink Grape 8 pack","6.24","0.0","Market Basket","8 x 20 fl oz","8 x 20 fl oz","X2717.jpg","","10"
"5320","Chips, Cookies & Snacks","Cookies & Crackers","Cookies & Cakes","Chips Ahoy!","Chips Ahoy! Coconut Chunky Chocolate Cookies","","Chips Ahoy! Coconut Chunky Chocolate Cookies","3.91","0.0","Market Basket","10.25 oz","10.25 oz","No Image.jpg","","6"
"34328","Condiments & Dressings","Marinades, Ketchup & Sauces","Marinades & Meat Preparation","Ray's ","Ray's No Sugar Added Hickory Barbecue Sauce ","013409517420","Ray's No Sugar Added Hickory Barbecue Sauce ","2.5","0.0","Market Basket","18 oz","18 oz","X2084.jpg","","2"
"3493","Fresh Produce","Fresh Organic Herbs","Garlic","Market Basket","Organic 3 bulb sleeve Garlic","","Organic 3 bulb sleeve Garlic","3.29","0.0","Market Basket","3 count","3 count","f89.jpg","","20"
"6904","Cooking Needs","Baking & Cooking","Baking Ingredients","Pure Via","Pure Via Stevia Zero Calorie Sweetener","","Pure Via Stevia Zero Calorie Sweetener","2.49","0.0","Market Basket","40 count","40 count","15699.jpg","","8"
"13909","Breakfast & Dairy","Dairy & Eggs","Soy & Lactose-Free","So Delicious","So Delicious Coconut Milk Creamer","","So Delicious Coconut Milk Creamer","3.69","0.0","Market Basket","32 oz","32 oz","737.jpg","","1"
"34927","Frozen Food","Frozen Pizza","Frozen Pizza","Udi's","Udis Margerita Pizza","698997810346","Udis Margerita Pizza","9.99","0.0","Market Basket","17.04 oz","17.04 oz","X4868.jpg","","19"
"9778","Frozen Food","Frozen Produce","Frozen Produce","Birds Eye","Birds Eye Steamfresh Chef's Favorites with Alfredo Sauce Penne & Vegetables","","Birds Eye Steamfresh Chef's Favorites with Alfredo Sauce Penne & Vegetables","2.09","0.0","Market Basket","12 oz","12 oz","2465.jpg","","19"
"6178","Beverages & Juices","Soft Drinks & Seltzers","Soft Drinks","Pepsi","Pepsi Diet Mini","","Pepsi Diet Mini","4.38","0.0","Market Basket","8 x 12 fl oz","8 x 12 fl oz","3926.jpg","","17"
"13806","Breakfast & Dairy","Dairy & Eggs","Packaged Cheese","Stella","Stella 3 Cheese Italian Freshly Shredded Cheese","","Stella 3 Cheese Italian Freshly Shredded Cheese","3.09","0.0","Market Basket","5 oz","5 oz","14599.jpg","","1"
"6079","Beverages & Juices","Soft Drinks & Seltzers","Soft Drinks","Coca Cola","Coca Cola Diet Coke","","Coca Cola Diet Coke","1.24","0.0","Market Basket","2 L","2 L","16564.jpg","","17"
"3514","Fresh Produce","Fresh Organic Vegetables","Pepper","Market Basket","Organic Stoplight Pepper","","Organic Stoplight Pepper","7.14","0.0","Market Basket","1 bag(s)","1 bag(s)","f133.jpg","","20"
"34167","Pasta & Sauces","Raw Pasta","Raw Pasta","Prince","Prince Pasta Small Shells","041129010235","Prince Pasta Small Shells","1.56","0.0","Market Basket","16 oz","16 oz","X1657.jpg","","4"
"33108","Richardson's Farm Ice Cream","Cups, Cones & Bowls","Cups","Market Basket ","Market Basket Ice Cream Cake Cups","049705117095","Market Basket Ice Cream Cake Cups","1.24","0.0","Market Basket","1.75 oz","1.75 oz","X5111.jpg","","20"
"3619","Fresh Produce","Fresh Fruits","Apple","Market Basket","Bag of Granny Smith Apples","","Bag of Granny Smith Apples","2.97","0.0","Market Basket","1 lb","1 lb","FP3.jpg","","20"
"30246","Meat & Seafood","Packaged Meat & Seafood","Hot Dogs & Franks","Ball Park","Ball Park Angus Uncured Angus Beef Franks ","","Ball Park Angus Uncured Angus Beef Franks ","6.24","0.0","Market Basket","14 oz","14 oz","X4571.jpg","","1"
"7989","Cooking Needs","Canned Food","Soup, Broth & Bouillon","College Inn","College Inn Broth Chicken","","College Inn Broth Chicken","0.99","0.0","Market Basket","14.5 oz","14.5 oz","5386.jpg","","2"
"3621","Fresh Produce","Fresh Fruits","Apple","Market Basket","Cortland Apples From New York","","Cortland Apples From New York","5.74","0.0","Market Basket","10 count","10 count","14259.jpg","","20"
"14929","Personal Care","First Aid & Healthcare","Cold, Flu & Allergy","Halls","Halls Relief Cherry Cough Suppressant/Oral Anesthetic Drops","","Halls Relief Cherry Cough Suppressant/Oral Anesthetic Drops","2.29","1.0","Market Basket","40 count","40 count","6659.jpg","","13"
"31818","Frozen Food","Frozen Dinners & Entrees","Frozen Appetizers & Sides","Hot Pockets","Hot Pockets Philly Steak and Cheese Seasoned Crust 2 pack","043695071078","Hot Pockets Philly Steak and Cheese Seasoned Crust 2 pack","3.74","0.0","Market Basket","9 oz","9 oz","X4796.jpg","","19"
"34390","Cooking Needs","Rice & Grains","Grains, Rice & Dried Goods","Rice Select","Rice Select Pearl Couscous Toasted Israeli style Pasta ","074401704232","Rice Select Pearl Couscous Toasted Israeli style Pasta ","7.49","0.0","Market Basket","24.5 oz","24.5 oz","X1124.jpg","","4"
"32621","Pasta & Sauces","Raw Pasta","Raw Pasta","Lucio","Lucio Pasta Fettuccine No. 6","085164110062","Lucio Pasta Fettuccine No. 6","1.11","0.0","Market Basket","16 oz","16 oz","X1698.jpg","","4"
"6238","Beverages & Juices","Water","Water","Core","Core Hydration Purified Water","","Core Hydration Purified Water","2.36","0.0","Market Basket","30.4 fl oz","30.4 fl oz","No Image.jpg","","11"
"13946","Breakfast & Dairy","Dairy & Eggs","Specialty Cheeses","Market Basket","Hoffman House Sharp Cheese","","Hoffman House Sharp Cheese","1.69","0.0","Market Basket","1 per lb","1 per lb","Market Basket.jpg","","1"
"31619","Frozen Food","Frozen Dinners & Entrees","Frozen Appetizers & Sides","Green Giant","Green Giant Cauliflower Breadsticks Original","190569298546","Green Giant Cauliflower Breadsticks Original","4.99","0.0","Market Basket","7.8 oz","7.8 oz","X4362.jpg","","18"
"33845","Pasta & Sauces","Raw Pasta","Raw Pasta","Pastene","Pastene Farfalline","066086070672","Pastene Farfalline","2.24","0.0","Market Basket","16 oz","16 oz","X1597.jpg","","4"
"32514","Frozen Food","Frozen Dinners & Entrees","Frozen Meal","Lean Cuisine ","Lean Cuisine Shrimp Alfredo ","013800639134","Lean Cuisine Shrimp Alfredo ","3.61","0.0","Market Basket","10 7/8 oz","10 7/8 oz","X4233.jpg","","18"
"33500","Breakfast & Dairy","Bars & Pastries","Granola Bars","Nature's Path","Nature's Path Orignal Sunrise Breakfast Bars Choconut Organic Granola Bars","058449891321","Nature's Path Orignal Sunrise Breakfast Bars Choconut Organic Granola Bars","4.99","0.0","Market Basket","5 x 1.2 oz","5 x 1.2 oz","X3897.jpg","","5"
"6964","Cooking Needs","Baking & Cooking","Doughs, Gelatins & Bake Mixes","Honey Maid","Honey Maid Graham Cracker Crust","","Honey Maid Graham Cracker Crust","2.49","0.0","Market Basket","6 oz","6 oz","15620.jpg","","8"
"30438","Breakfast & Dairy","Dairy & Eggs","Yogurt","Blue Diamond ","Blue Diamond Almonds Almond Breeze Almondmilk Yogurt Alternative Vanilla ","","Blue Diamond Almonds Almond Breeze Almondmilk Yogurt Alternative Vanilla ","1.99","0.0","Market Basket","5.3 oz","5.3 oz","X50.jpg","","1"
"32977","Cooking Needs","Canned Food","Canned Tomatoes","Market Basket","Market Basket select Crushed Tomatoes with Basil","049705036747","Market Basket select Crushed Tomatoes with Basil","1.49","0.0","Market Basket","28 oz","28 oz","X1391.jpg","","4"
"33956","Breakfast & Dairy","Breads & Rolls","Bread","Pepperidge Farm","Pepperidge Farm Whole Grain 15 Grain Bread","014100085980","Pepperidge Farm Whole Grain 15 Grain Bread","5.36","0.0","Market Basket","24 oz","24 oz","X2523.jpg","","18"
"14711","Personal Care","Body Wash, Soap & Hair Care","Body Wash","White Rain","White Rain for Men Cool Ocean Wave Body Wash","","White Rain for Men Cool Ocean Wave Body Wash","1.48","1.0","Market Basket","12 fl oz","12 fl oz","17719.jpg","","13"
"14431","Breakfast & Dairy","Tea & Coffee","Coffee","Nescafe","Nescafe Instant Coffee","","Nescafe Instant Coffee","7.39","0.0","Market Basket","7 oz","7 oz","16284.jpg","","8"
"32146","Frozen Food","Frozen Breakfast","Frozen Pancakes","Kellogg's ","Kellogg's Eggo Thick & Fluffy French Toast ","038000204630","Kellogg's Eggo Thick & Fluffy French Toast ","4.36","0.0","Market Basket","12.6 oz","12.6 oz","X5060.jpg","","19"
"4128","Meat & Seafood","Meat & Seafood Counter","Chicken Breast","Springer","Springer Farms Skinless Chicken Breast","","Springer Farms Skinless Chicken Breast","6.09","0.0","Market Basket","1 lb","1 lb","No Image.jpg","","22"
"13688","Breakfast & Dairy","Dairy & Eggs","Packaged Cheese","Galbani","Galbani Mozzarella Fresca","","Galbani Mozzarella Fresca","3.29","0.0","Market Basket","8 oz","8 oz","157.jpg","","1"
"30444","Breakfast & Dairy","Pancake & Waffle Mix","Pancake & Waffle Mix","Bob's Red Mill","Bob's Red Mill 10 Grain Pancake and Waffle Mix Whole Grain","039978112040","Bob's Red Mill 10 Grain Pancake and Waffle Mix Whole Grain","4.99","0.0","Market Basket","24 oz","24 oz","X3159.jpg","","2"
"5986","Beverages & Juices","Cocoa & Drink Mixes","Cocoa & Drink Mixes","Master of Mixes","Master of Mixes Blood Orange Margarita Mixer","","Master of Mixes Blood Orange Margarita Mixer","7.49","0.0","Market Basket","1.75 L","1.75 L","No Image.jpg","","17"
"6618","Beverages & Juices","Juices & Refrigerated Drinks","Refrigerated Drinks","Naked","Naked No Sugar Added Protein Juice Smoothie","","Naked No Sugar Added Protein Juice Smoothie","3.69","0.0","Market Basket","15.2 fl oz","15.2 fl oz","3844.jpg","","20"
"4206","Meat & Seafood","Packaged Meat & Seafood","Chicken Breast","Perdue","Perdue Carved Chicken BreastGrilled","","Perdue Carved Chicken BreastGrilled","4.89","0.0","Market Basket","0.56 lb","0.56 lb","4100.jpg","","22"
"31398","Meat & Seafood","Packaged Meat & Seafood","Burger","Gardein","Gardein Homestyle Beefless Tips ","","Gardein Homestyle Beefless Tips ","5.61","0.0","Market Basket","90 oz","90 oz","X4761.jpg","","1"
"34855","Breakfast & Dairy","Breads & Rolls","Swirl Bread","Thomas","Thomas Swirl Cinnamon Bread","048121229054","Thomas Swirl Cinnamon Bread","3.74","0.0","Market Basket","1 lb","1 lb","X2597.jpg","","18"
"7939","Cooking Needs","Canned Food","Soup, Broth & Bouillon","Campbell's","Campbell's Classic Tomato Sipping Soup","","Campbell's Classic Tomato Sipping Soup","2.09","0.0","Market Basket","10.75 oz","10.75 oz","5375.jpg","","9"
"337","Kitchen & Cleaning","Food Storage & Kitchen Supplies","Storage Bags","Reynolds","Reynolds Kitchens Large Size Oven Bags","","Reynolds Kitchens Large Size Oven Bags","3.09","1.0","Market Basket","5 count","5 count","4419.jpg","","12"
"3871","Fresh Produce","Fresh Vegetables","Leeks/Spring onions","Market Basket","Leeks","","Leeks","3.84","0.0","Market Basket","1 bunch","1 bunch","f212.jpg","","20"
"5012","Chips, Cookies & Snacks","Chips & Fruit Snacks","Ready Popcorn","Utz","Utz Popcorn Butter","","Utz Popcorn Butter","3.91","0.0","Market Basket","6.5 oz","6.5 oz","No Image.jpg","","0"
"6380","Beverages & Juices","Water","Sparkling Water","Polar","Polar Triple Berry Sparkling Water","","Polar Triple Berry Sparkling Water","1.24","0.0","Market Basket","1 L","1 L","No Image.jpg","","11"
"4885","Chips, Cookies & Snacks","Chips & Fruit Snacks","Chips & Pretzels","Market Basket","Market Basket Baked Potato Crisps Original","","Market Basket Baked Potato Crisps Original","3.91","0.0","Market Basket","9 oz","9 oz","Market Basket.jpg","","0"
"15123","Personal Care","Personal Needs","Facial Care","Pond's","Pond's Makeup Remover Wipes Evening Soothe","","Pond's Makeup Remover Wipes Evening Soothe","7.69","1.0","Market Basket","28 count","28 count","6278.jpg","","13"
"34858","Chips, Cookies & Snacks","Candy & Chocolates","Candy & Chocolate","Tic Tac ","Tic Tac wintergreen 3 Packs Great Values ! Artifically Flavored MInts ","","Tic Tac wintergreen 3 Packs Great Values ! Artifically Flavored MInts ","3.11","0.0","Market Basket","3 oz","3 oz","X826.jpg","","3"
"3755","Fresh Produce","Fresh Herbs","Oregano","Infinite Herbs","Infinite Herbs Oregano","","Infinite Herbs Oregano","2.86","0.0","Market Basket","1 oz","1 oz","FP50.jpg","","20"
"30291","Meat & Seafood","Packaged Meat & Seafood","Kielbasa","Bar S ","Bar S Smoked Polska Kielbasa","","Bar S Smoked Polska Kielbasa","3.11","0.0","Market Basket","13 oz","13 oz","X4604.jpg","","1"
"8283","Condiments & Dressings","Fresh Dips & Tapenades","Hommus","Cedar","Cedar Hommus Classic Original","","Cedar Hommus Classic Original","6.99","0.0","Market Basket","16 oz","16 oz","5510.jpg","","1"
"31101","Breakfast & Dairy","Dairy & Eggs","Yogurt","Dannon","Dannon Light+Fit Greek Toasted Banana Cream ","","Dannon Light+Fit Greek Toasted Banana Cream ","3.75","0.0","Market Basket","5.3 oz","5.3 oz","X203.jpg","","1"
"9032","Condiments & Dressings","Preserved Dips & Spreads","Spreads","Skippy","Skippy Creamy Peanut Butter","","Skippy Creamy Peanut Butter","4.99","0.0","Market Basket","28 oz","28 oz","1635.jpg","","3"
"32125","Breakfast & Dairy","Cereal","Cereal","Kellogg's ","Kellogg's Tiger Paws Jumbo Snax","038000234507","Kellogg's Tiger Paws Jumbo Snax","6.24","0.0","Market Basket","12 x 0.45 oz","12 x 0.45 oz","X3603.jpg","","5"
"33296","Frozen Food","Frozen Dinners & Entrees","Frozen Appetizers & Sides","Michelina's","Michelina's Beef & Peppers","717854105552","Michelina's Beef & Peppers","1.25","0.0","Market Basket","8 oz","8 oz","X4120.jpg","","18"
"35310","Richardson's Farm Ice Cream","Ice Cream","Pistachio","Richarson's Farm","Richarson's Farm Pistachio Ice Cream 16% Butterfat","","Pistachio ice cream with pistachios","7.99","0.0","Richardson's Farm","1-2 Gal. Container","1-2 Gal. Container","RichardsonsFarm.jpg","",""
"32246","Condiments & Dressings","Salad Dressings & Toppings","Salad Dressing & Toppings","Ken's Steak House","Ken's Seak House Simply Vinaigette Caesar ","041335363798","Ken's Seak House Simply Vinaigette Caesar ","3.49","0.0","Market Basket","16 fl oz","16 fl oz","X414.jpg","","2"
"35260","Richardson's Farm Ice Cream","Ice Cream","Butter Pecan","Richarson's Farm","Richarson's Farm Butter Pecan Ice Cream 16% Butterfat","","Rich buttery flavored ice cream with roasted pecans","32.99","0.0","Richardson's Farm","3 Gal. Tub","3 Gal. Tub","RichardsonsFarm.jpg","",""
"31855","Cooking Needs","Canned Food","Canned Tomatoes","Hunts","Hunts Fire Roasted Diced Tomatoes with Garlic","027000378014","Hunts Fire Roasted Diced Tomatoes with Garlic","1.25","0.0","Market Basket","14.5 oz","14.5 oz","X1344.jpg","","4"
"8756","Condiments & Dressings","Preserved Dips & Spreads","Preserved Dips & Salsa","Market Basket","Market Basket Salsa, Mild","","Market Basket Salsa, Mild","2.49","0.0","Market Basket","24 oz","24 oz","Market Basket.jpg","","1"
"9159","Frozen Food","Frozen Dinners & Entrees","Frozen Appetizers & Sides","McCain","McCain Savory Herbs & Spices Potato Wedges","","McCain Savory Herbs & Spices Potato Wedges","3.09","0.0","Market Basket","26 oz","26 oz","2584.jpg","","19"
"15339","Personal Care","Vitamins & Proteins","Vitamins & Supplements","Nature Made","Nature Made Melatonin 3mg","","Nature Made Melatonin 3mg","7.0","1.0","Market Basket","120 count","120 count","6678.jpg","","13"
"5990","Beverages & Juices","Cocoa & Drink Mixes","Cocoa & Drink Mixes","Master of Mixes","Master of Mixes Margarita Mixer","","Master of Mixes Margarita Mixer","7.49","0.0","Market Basket","1.75 L","1.75 L","No Image.jpg","","17"
"6222","Beverages & Juices","Soft Drinks & Seltzers","Seltzer","Adirondack","Adirondack Beverages Seltzer, Mandarin Orange","","Adirondack Beverages Seltzer, Mandarin Orange","2.5","0.0","Market Basket","8 x 12 fl oz","8 x 12 fl oz","No Image.jpg","","11"
"6323","Beverages & Juices","Soft Drinks & Seltzers","Seltzer","Polar","Polar Seltzer Pixie Lights","","Polar Seltzer Pixie Lights","3.74","0.0","Market Basket","6 x 8 fl oz","6 x 8 fl oz","No Image.jpg","","11"
"30868","Cooking Needs","Canned Food","Tomato Paste","Cento","Cento Tomato Paste","070796400094","Cento Tomato Paste","0.63","0.0","Market Basket","6 oz","6 oz","X1296.jpg","","4"
"14410","Breakfast & Dairy","Tea & Coffee","Coffee","Market Basket","Market Basket French Vanilla Whole Bean Coffee","","Market Basket French Vanilla Whole Bean Coffee","7.39","0.0","Market Basket","22 oz","22 oz","Market Basket.jpg","","8"
"9325","Frozen Food","Frozen Breakfast","Frozen Breakfast","Van's Natural Foods","Van's Natural Foods Simply Delicious Gluten Free Waffles, Totally Original","","Van's Natural Foods Simply Delicious Gluten Free Waffles, Totally Original","3.09","0.0","Market Basket","6 count","6 count","15779.jpg","","19"
"7275","Cooking Needs","Spices & Seasonings","Spices & Seasonings","McCormick","McCormick Garlic Seasoned Salt Grinder","","McCormick Garlic Seasoned Salt Grinder","2.49","0.0","Market Basket","1.58 oz","1.58 oz","2164.jpg","","9"
"5401","Chips, Cookies & Snacks","Cookies & Crackers","Crackers","Back to Nature","Back to Nature Crispy Wheat Crackers","","Back to Nature Crispy Wheat Crackers","6.23","0.0","Market Basket","8 oz","8 oz","No Image.jpg","","6"
"31501","Chips, Cookies & Snacks","Candy & Chocolates","Candy & Chocolate","Ghirardelli","Ghirardelli chocolate Squares Milk Chocolate Caramel","","Ghirardelli chocolate Squares Milk Chocolate Caramel","4.74","0.0","Market Basket","5.32 oz","5.32 oz","X287.jpg","","3"
"33950","Breakfast & Dairy","Breads & Rolls","Bread","Pepperidge Farm","Pepperidge Farm Jewish Rye Seeded Bread","014100071204","Pepperidge Farm Jewish Rye Seeded Bread","4.99","0.0","Market Basket","16 oz","16 oz","X2517.jpg","","18"
"31380","Cooking Needs","Canned Food","Baked Beans","Friends","Friends Snice 1892 Boston Recipe Baked Beans Slow Baked in Brick Ovens ","","Friends Snice 1892 Boston Recipe Baked Beans Slow Baked in Brick Ovens ","1.74","0.0","Market Basket","16 oz","16 oz","X1811.jpg","","2"
"3592","Fresh Produce","Fresh Vegetables","Corn","Market Basket","Tender Sweet Corn","","Tender Sweet Corn","4.39","0.0","Market Basket","5 count","5 count","f179.jpg","","20"
"34697","Condiments & Dressings","Marinades, Ketchup & Sauces","Marinades & Meat Preparation","Stubb's","Stubb's Sweet Honey & Spice Legndary Bar-B-Q Sauce ","026825090187","Stubb's Sweet Honey & Spice Legndary Bar-B-Q Sauce ","3.75","0.0","Market Basket","18 oz","18 oz","X2032.jpg","","2"
"32516","Frozen Food","Frozen Dinners & Entrees","Frozen Meal","Lean Cuisine ","Lean Cuisine Spicy Baja Style Chicken","013800171528","Lean Cuisine Spicy Baja Style Chicken","3.61","0.0","Market Basket","12 1/2 oz","12 1/2 oz","X4235.jpg","","18"
"13812","Breakfast & Dairy","Dairy & Eggs","Packaged Cheese","Treasure Cave","Treasure Cave Blue Crumbled Cheese","","Treasure Cave Blue Crumbled Cheese","2.49","0.0","Market Basket","5 oz","5 oz","14580.jpg","","1"
"33227","Breakfast & Dairy","Breads & Rolls","Bread","Martin's","Martin's Cinnamon Raisin Butter Bread","075185006048","Martin's Cinnamon Raisin Butter Bread","3.75","0.0","Market Basket","16 oz","16 oz","X2552.jpg","","18"
"3601","Fresh Produce","Fresh Vegetables","Cucumber","Market Basket","Mini Cucumbers","","Mini Cucumbers","4.7","0.0","Market Basket","14 oz","14 oz","14320.jpg","","20"
"30238","Beverages & Juices","Energy & Sports Drinks","Energy & Sports Drinks","Bai","Bai Antioxidant Infusion Brasilia Blueberry","813694004013","Bai Antioxidant Infusion Brasilia Blueberry","2.5","0.0","Market Basket","18 fl oz","18 fl oz","X2736.jpg","","10"
"32779","Beverages & Juices","Juices & Refrigerated Drinks","Juice & Nectars","Market Basket","Market Basket White Grape Juice 100% Juice from Concentrate","049705061046","Market Basket White Grape Juice 100% Juice from Concentrate","3.74","0.0","Market Basket","64 fl oz","64 fl oz","X2881.jpg","","10"
"10340","Pasta & Sauces","Raw Pasta","Raw Pasta","No Yolks","No Yolks Dumplings Noodles","","No Yolks Dumplings Noodles","2.49","0.0","Market Basket","12 oz","12 oz","17343.jpg","","4"
"6042","Beverages & Juices","Juices & Refrigerated Drinks","Juice & Nectars","Rose's","Rose's Grenadine Syrup","","Rose's Grenadine Syrup","3.74","0.0","Market Basket","12 fl oz","12 fl oz","No Image.jpg","","17"
"32551","Condiments & Dressings","Pickled Goods & Olives","Pickled Goods & Olives","Levant ","Levant  Mediterranean Delicacies Plain Halva ","859215007010","Levant  Mediterranean Delicacies Plain Halva ","3.74","0.0","Market Basket","12.3 oz","12.3 oz","X2291.jpg","","2"
"33540","Breakfast & Dairy","Granola & Oats","Granola","Nature's Path","Nature's Path Orignal Love Crunch Dark Chocolate Cinnamon & Cashew Granola","058449182009","Nature's Path Orignal Love Crunch Dark Chocolate Cinnamon & Cashew Granola","6.24","0.0","Market Basket","11.5 oz","11.5 oz","X3748.jpg","","5"
"8326","Condiments & Dressings","Fresh Dips & Tapenades","Fresh Dips & Tapenades","Marzetti","Marzetti Chocolate Fruit Dip","","Marzetti Chocolate Fruit Dip","4.29","0.0","Market Basket","15 oz","15 oz","5543.jpg","","1"
"33136","Condiments & Dressings","Pickled Goods & Olives","Olives","Market Basket ","Market Basket Sliced Manzanilla Spanish Olives With Minced Pimento ","049705019214","Market Basket Sliced Manzanilla Spanish Olives With Minced Pimento ","1.74","0.0","Market Basket","4 oz","4 oz","X2267.jpg","","2"
"6093","Beverages & Juices","Soft Drinks & Seltzers","Soft Drinks","Coca-Cola","Coca Cola Original Taste","","Coca Cola Original Taste","1.49","0.0","Market Basket","42.2 fl oz","42.2 fl oz","No Image.jpg","","17"
"3485","Fresh Produce","Fresh Organic Fruits","Banana","Market Basket","Organic Banana","","Organic Banana","1.09","0.0","Market Basket","1 lb","1 lb","No Image.jpg","","20"
"14386","Breakfast & Dairy","Tea & Coffee","Coffee","Green Mountain","Green Mountain Coffee Dark Roast Coffee Dark Magic","","Green Mountain Coffee Dark Roast Coffee Dark Magic","8.59","0.0","Market Basket","12 count","12 count","3351.jpg","","8"
"30032","Cooking Needs","Rice & Grains","Rice/Pasta Sides","Alessi","Alessi All Natural Farro Porcini Mushroom cooks like Risotto","071072801345","Alessi All Natural Farro Porcini Mushroom cooks like Risotto","3.13","0.0","Market Basket","7 oz","7 oz","X1158.jpg","","4"
"31381","Breakfast & Dairy","Dairy & Eggs","Cottage Cheese","Friendship ","Friendship Dairies 1%MILKFAT LOW FAT  COTTAGE CHEESE","","Friendship Dairies 1%MILKFAT LOW FAT  COTTAGE CHEESE","3.36","0.0","Market Basket","16 oz","16 oz","X280.jpg","","1"
"13861","Breakfast & Dairy","Dairy & Eggs","Refrigerated Pudding & Desserts","Wonky","Wonky Rice Pudding","","Wonky Rice Pudding","2.49","0.0","Market Basket","22 oz","22 oz","Market Basket.jpg","","19"
"7600","Cooking Needs","Canned Food","Canned & Jarred Vegetables","Spice World","Spice World Minced Garlic in Extra Virgin Olive Oil","","Spice World Minced Garlic in Extra Virgin Olive Oil","1.89","0.0","Market Basket","4.5 oz","4.5 oz","17089.jpg","","20"
"14613","Beverages & Juices","Tea, Coffee, Milk & Coconut Water","Tea","Sun","AriZona Iced Tea, Sun Brewed, with Lemon","","AriZona Iced Tea, Sun Brewed, with Lemon","1.29","0.0","Market Basket","23 fl oz","23 fl oz","3465.jpg","","8"
"6097","Beverages & Juices","Soft Drinks & Seltzers","Soft Drinks","Coca-Cola","Coca Cola Original Taste Box of Cans","","Coca Cola Original Taste Box of Cans","9.99","0.0","Market Basket","24 x 12 fl oz","24 x 12 fl oz","No Image.jpg","","17"
"30349","Condiments & Dressings","Preserved Dips & Spreads","Spreads","Barney ","Barney Butter Bare Smooth Almond Butter No Added Sugar Or Salt ","","Barney Butter Bare Smooth Almond Butter No Added Sugar Or Salt ","8.74","0.0","Market Basket","16 oz","16 oz","X35.jpg","","3"
"4713","Meat & Seafood","Frozen Meat & Seafood","Ham","Carando","Carando Spiral Cut Half Ham","","Carando Spiral Cut Half Ham","36.95","0.0","Market Basket","Approx: 5.00 lb at $7.39/lb","Approx: 5.00 lb at $7.39/lb","No Image.jpg","","18"
"34262","Breakfast & Dairy","Bars & Pastries","Chewy Bars","Quaker ","Quaker Chewy Dips Peanut Butter","030000312711","Quaker Chewy Dips Peanut Butter","3.13","0.0","Market Basket","6 x 1.05 oz","6 x 1.05 oz","X3860.jpg","","5"
"34680","Cooking Needs","Baking & Cooking","Stuffing Mix","Stove Top ","Stove Top Stuffing Mix For TURKEY With CHCKEN BROTH","","Stove Top Stuffing Mix For TURKEY With CHCKEN BROTH","5.0","0.0","Market Basket","6 oz","6 oz","X811.jpg","","1"
"8803","Condiments & Dressings","Salad Dressings & Toppings","Salad Dressing & Toppings","Chatham Village","Chatham Village Fat Free Garlic & Onion Traditional Cut Baked Croutons","","Chatham Village Fat Free Garlic & Onion Traditional Cut Baked Croutons","1.89","0.0","Market Basket","5 oz","5 oz","15473.jpg","","2"
"33042","Chips, Cookies & Snacks","Chips & Fruit Snacks","Popcorn","Market Basket ","Market Basket Popcorn  Butter ","049705114001","Market Basket Popcorn  Butter ","1.49","0.0","Market Basket","9.9 oz","9.9 oz","X4956.jpg","","19"
"3977","Fresh Produce","Fresh Vegetables","Speciality Produce","Market Basket","Jicama","","Jicama","2.17","0.0","Market Basket","1 lb","1 lb","FP111.jpg","","20"
"13657","Breakfast & Dairy","Dairy & Eggs","Packaged Cheese","Chevrine","Chevrine Crumbled Goat Cheese","","Chevrine Crumbled Goat Cheese","3.69","0.0","Market Basket","6 oz","6 oz","Market Basket.jpg","","1"
"14417","Breakfast & Dairy","Tea & Coffee","Coffee","Maxwell House","Maxwell House French Roast Ground Coffee","","Maxwell House French Roast Ground Coffee","9.79","0.0","Market Basket","33 oz","33 oz","3387.jpg","","8"
"35239","Breakfast & Dairy","Breads & Rolls","Bagels","Zeppy","Zeppy Bagels French Toast","023698100159","Zeppy Bagels French Toast","3.74","0.0","Market Basket","20 oz","20 oz","X2634.jpg","","18"
"12900","Breakfast & Dairy","Breads & Rolls","Rolls","Grand Central Bakery","Grand Central Bakery Rolls","","Grand Central Bakery Rolls","3.49","0.0","Market Basket","16 oz","16 oz","No Image.jpg","","18"
"5627","Chips, Cookies & Snacks","Chips & Fruit Snacks","Fruit & Vegetable Snacks","Pacific","Pacific Celery Sticks","","Pacific Celery Sticks","2.49","0.0","Market Basket","1 lb","1 lb","No Image.jpg","","20"
"6809","Cooking Needs","Baking & Cooking","Baking Ingredients","Carnation ","Carnation Fat Free Evaporated Milk","","Carnation Fat Free Evaporated Milk","1.69","0.0","Market Basket","12 fl oz","12 fl oz","2368.jpg","","8"
"5218","Chips, Cookies & Snacks","Cookies & Crackers","Crackers","Pepperidge Farm Goldfish","Pepperidge Farm Goldfish Colors Cheddar Crackers","","Pepperidge Farm Goldfish Colors Cheddar Crackers","6.23","0.0","Market Basket","8.1 oz","8.1 oz","1225.jpg","","8"
"388","Laundry & Paper Goods","Laundry","Fabric Softener","Ecos","Ecos Laundry Detergent, Hypoallergenic, Built-in Fabric Softener, Lavender","","Ecos Laundry Detergent, Hypoallergenic, Built-in Fabric Softener, Lavender","14.99","1.0","Market Basket","100 oz","100 oz","16907.jpg","","15"
"5216","Chips, Cookies & Snacks","Cookies & Crackers","Crackers","Pepperidge Farm Goldfish","Pepperidge Farm Goldfish Cheddar Crackers","","Pepperidge Farm Goldfish Cheddar Crackers","6.23","0.0","Market Basket","9 oz","9 oz","1221.jpg","","8"
"9938","Frozen Food","Ice Cream & Ice","Ice Cream & Ice","Ben & Jerry's","Ben & Jerry's Ice Cream Cherry Garcia","","Ben & Jerry's Ice Cream Cherry Garcia","1.29","0.0","Market Basket","4 oz","4 oz","3000.jpg","","21"
"33071","Breakfast & Dairy","Cereal","Cereal","Market Basket ","Market Basket Corn Flakes Cereal ","049705010006","Market Basket Corn Flakes Cereal ","2.5","0.0","Market Basket","18 oz","18 oz","X3338.jpg","","5"
"33930","Condiments & Dressings","Pickled Goods & Olives","Olives","Pearls ","Pearls Sliced Ripe Olives 100% Califonia Grown ","072999493033","Pearls Sliced Ripe Olives 100% Califonia Grown ","1.49","0.0","Market Basket","14 oz","14 oz","X2273.jpg","","2"
"30987","Cooking Needs","Oils & Vinegars","Oils & Vinegars","Colavita","Colavita Extra Virgin Olive Oil First Cold Pressed Premium Selection Balance Falvor ","039153010031","Colavita Extra Virgin Olive Oil First Cold Pressed Premium Selection Balance Falvor ","22.49","0.0","Market Basket","34 fl oz","34 fl oz","X2003.jpg","","2"
"9665","Frozen Food","Frozen Dinners & Entrees","Frozen Meal","Weight Watchers","Weight Watchers Classic Favorites Traditional Lasagna with Meat Sauce","","Weight Watchers Classic Favorites Traditional Lasagna with Meat Sauce","2.49","0.0","Market Basket","10.5 oz","10.5 oz","17974.jpg","","18"
"33422","Cooking Needs","Oils & Vinegars","Oils & Vinegars","Nakano","Nakano Rice Vinegar Seasoned Mild & Sweet ","073575295003","Nakano Rice Vinegar Seasoned Mild & Sweet ","3.36","0.0","Market Basket","12 fl oz","12 fl oz","X5327.jpg","","3"
"5242","Chips, Cookies & Snacks","Chips & Fruit Snacks","Chips & Pretzels","LATE JULY","LATE JULY Organic Sea Salt & Lime Restaurant Style Tortilla Chips","","LATE JULY Organic Sea Salt & Lime Restaurant Style Tortilla Chips","4.69","0.0","Market Basket","11 oz","11 oz","No Image.jpg","","0"
"4181","Meat & Seafood","Packaged Meat & Seafood","Calamari","PanaPesca","PanaPesca Whole Cleaned Calamari","","PanaPesca Whole Cleaned Calamari","8.59","0.0","Market Basket","17.6 oz","17.6 oz","4140.jpg","","22"
"15018","Personal Care","Personal Needs","Deodorants","Ban","Ban Shower Fresh Invisible Solid Antiperspirant/Deodorant","","Ban Shower Fresh Invisible Solid Antiperspirant/Deodorant","4.24","1.0","Market Basket","2.6 oz","2.6 oz","6320.jpg","","13"
"9858","Frozen Food","Frozen Produce","Frozen Produce","Market Basket","Market Basket French Cut Green Beans","","Market Basket French Cut Green Beans","1.29","0.0","Market Basket","16 oz","16 oz","Market Basket.jpg","","19"
"34676","Frozen Food","Frozen Pasta","Frozen Pasta","Stouffer's ","Stouffer's Rigatoni with Chicken & Pesto","013800047083","Stouffer's Rigatoni with Chicken & Pesto","3.36","0.0","Market Basket","8 3/8 oz","8 3/8 oz","X4259.jpg","","18"
"32357","Cooking Needs","Rice & Grains","Rice/Pasta Sides","Knorr","Knorr Italian Sides Four Cheese Pasta","041000028380","Knorr Italian Sides Four Cheese Pasta","1.25","0.0","Market Basket","4.1 oz","4.1 oz","X1165.jpg","","4"
"33107","Cooking Needs","Oils & Vinegars","Oils & Vinegars","Market Basket ","Market Basket Extra Virgin Greek Olive Oil Rich Flavor Use For Dressings and Marinades ","049705022955","Market Basket Extra Virgin Greek Olive Oil Rich Flavor Use For Dressings and Marinades ","18.74","0.0","Market Basket","13.5 oz","13.5 oz","X2020.jpg","","2"
"34970","Beverages & Juices","Juices & Refrigerated Drinks","Juice & Nectars","V8","V8 Energy Orange Pineapple","051000201959","V8 Energy Orange Pineapple","4.99","0.0","Market Basket","6 x 8 fl oz","6 x 8 fl oz","X3126.jpg","","10"
"15005","Personal Care","Personal Needs","Beauty Products","Market Basket","Market Basket Cotton Balls","","Market Basket Cotton Balls","1.25","1.0","Market Basket","100 count","100 count","Market Basket.jpg","","13"
"31070","Breakfast & Dairy","Dairy & Eggs","Yogurt","Daiya","Daiya Black Cherry Made With Coconut Cream Yogurt Alternative ","","Daiya Black Cherry Made With Coconut Cream Yogurt Alternative ","2.36","0.0","Market Basket","5.3 oz","5.3 oz","X175.jpg","","1"
"5577","Chips, Cookies & Snacks","Candy & Chocolates","Candy & Chocolate","Skittles","Skittles Original Candy Party Size","","Skittles Original Candy Party Size","6.69","0.0","Market Basket","41 oz","41 oz","14969.jpg","","3"
"9328","Frozen Food","Frozen Breakfast","Frozen Breakfast","Vitatops","VitaTops Muffin Top Wild Blueberry","","VitaTops Muffin Top Wild Blueberry","4.89","0.0","Market Basket","4 x 2 oz","4 x 2 oz","15797.jpg","","20"
"34144","Pasta & Sauces","Pasta Sauce","Pasta Sauce","Prego","Prego Italian Sauce Tomato Basil Garlic","051000093240","Prego Italian Sauce Tomato Basil Garlic","2.5","0.0","Market Basket","24 oz","24 oz","X1438.jpg","","4"
"34743","Beverages & Juices","Juices & Refrigerated Drinks","Juice & Nectars","Sunsweet","Sunsweet Amazon Prune Juice","802763164841","Sunsweet Amazon Prune Juice","5.36","0.0","Market Basket","48 fl oz","48 fl oz","X2914.jpg","","10"
"9215","Frozen Food","Frozen Dinners & Entrees","Frozen Appetizers & Sides","Tyson","Tyson Popcorn Chicken, Frozen","","Tyson Popcorn Chicken, Frozen","8.11","0.0","Market Basket","24 oz","24 oz","2601.jpg","","22"
"32538","Frozen Food","Frozen Breakfast","Frozen Breakfast","Lender's ","Lender's Plain ","076800002117","Lender's Plain ","2.11","0.0","Market Basket","1 count","1 count","X5089.jpg","","19"
"34820","Meat & Seafood","Packaged Meat & Seafood","Sausage","Thin 'n Trim","Thin n Trim Chicken Sausage Sweet Italian ","","Thin n Trim Chicken Sausage Sweet Italian ","4.36","0.0","Market Basket","10 oz","10 oz","X4646.jpg","","1"
"9787","Frozen Food","Frozen Produce","Frozen Produce","Birds Eye","Birds Eye Sugar Snap Stir Fry","","Birds Eye Sugar Snap Stir Fry","2.49","0.0","Market Basket","14.4 oz","14.4 oz","2430.jpg","","19"
"34571","Beverages & Juices","Tea, Coffee, Milk & Coconut Water","Tea","Snapple","Snapple All Natural Kiwi Strawberry ","076183003107","Snapple All Natural Kiwi Strawberry ","1.86","0.0","Market Basket","16 fl oz","16 fl oz","X2982.jpg","","10"
"13480","Breakfast & Dairy","Dairy & Eggs","Milk","Hood","Hood Simply Smart Low Fat Milk","","Hood Simply Smart Low Fat Milk","3.74","0.0","Market Basket","0.5 gal","0.5 gal","496.jpg","","1"
"7825","Cooking Needs","Canned Food","Canned Meat & Seafood","Bumble Bee","Bumble Bee Sardines in Mustard","","Bumble Bee Sardines in Mustard","1.29","0.0","Market Basket","3.75 oz","3.75 oz","5198.jpg","","2"
"5973","Beverages & Juices","Cocoa & Drink Mixes","Cocoa & Drink Mixes","Master of Mixes","Master of Mixes Handcrafted Blood Orange Margarita Mixer","","Master of Mixes Handcrafted Blood Orange Margarita Mixer","4.99","0.0","Market Basket","33.8 fl oz","33.8 fl oz","No Image.jpg","","17"
"261","Kitchen & Cleaning","Dish Detergents","Dishwasher Detergent","Finish","Finish All in 1 Gelpacs Orange Scent Dishwasher Detergent","","Finish All in 1 Gelpacs Orange Scent Dishwasher Detergent","7.39","1.0","Market Basket","32 count","32 count","4351.jpg","","15"
"13748","Breakfast & Dairy","Dairy & Eggs","Packaged Cheese","Market Basket","Market Basket Muenster Cheese","","Market Basket Muenster Cheese","3.69","0.0","Market Basket","10 oz","10 oz","Market Basket.jpg","","1"
"15148","Personal Care","Personal Needs","Oral Hygiene","Aquafresh","Aquafresh Toothpaste, Fluoride, Deep Action, Mint Zest","","Aquafresh Toothpaste, Fluoride, Deep Action, Mint Zest","4.93","1.0","Market Basket","5.6 oz","5.6 oz","6450.jpg","","13"
"4907","Chips, Cookies & Snacks","Chips & Fruit Snacks","Chips & Pretzels","Cheetos","Cheetos Puffcorn Cheddar Flavored Snacks","","Cheetos Puffcorn Cheddar Flavored Snacks","6.23","0.0","Market Basket","7 oz","7 oz","14876.jpg","","0"
"7625","Cooking Needs","Canned Food","Canned Fruit & Applesauce","Dole","Dole 100% Juice Mixed Fruit","","Dole 100% Juice Mixed Fruit","3.09","0.0","Market Basket","4 oz","4 oz","4927.jpg","","3"
"3797","Fresh Produce","Fresh Organic Herbs","Lemongrass","Infinite Herbs","Infinite Herbs Organic Lemongrass Herb","","Infinite Herbs Organic Lemongrass Herb","2.4","0.0","Market Basket","1 oz","1 oz","No Image.jpg","","20"
"4822","Chips, Cookies & Snacks","Chips & Fruit Snacks","Chips & Pretzels","Cape Cod","Cape Cod Potato Chips, Original Kettle Cooked Chips","","Cape Cod Potato Chips, Original Kettle Cooked Chips","6.23","0.0","Market Basket","14 oz","14 oz","915.jpg","","0"
"558","Laundry & Paper Goods","Laundry","Laundry Detergent","Xtra","Xtra Detergent Tropical Passion","","Xtra Detergent Tropical Passion","3.74","1.0","Market Basket","75 fl oz","75 fl oz","No Image.jpg","","15"
"31201","Pasta & Sauces","Raw Pasta","Raw Pasta","Dreamfields","Dreamfields Vegan Pasta Spaghetti","767387034041","Dreamfields Vegan Pasta Spaghetti","2.5","0.0","Market Basket","13.25 oz","13.25 oz","X1579.jpg","","4"
"34030","Frozen Food","Frozen Dessert","Frozen Dessert","Pillsbury","Pillsbury Toster Strudel Pestries Cream Cheese & Strawberry","018000427932","Pillsbury Toster Strudel Pestries Cream Cheese & Strawberry","4.99","0.0","Market Basket","23.4 oz","23.4 oz","X5080.jpg","","19"
"7113","Cooking Needs","Oils & Vinegars","Oils & Vinegars","Loriva","Loriva Pure Toasted Sesame Oil","","Loriva Pure Toasted Sesame Oil","6.09","0.0","Market Basket","8 fl oz","8 fl oz","15506.jpg","","2"
"30156","Beverages & Juices","Juices & Refrigerated Drinks","Juice & Nectars","Apple & Eve","Apple & Eve Cranberry Juice","076301845152","Apple & Eve Cranberry Juice","3.13","0.0","Market Basket","8 x 6.75 fl oz","8 x 6.75 fl oz","X3107.jpg","","10"
"30532","Breakfast & Dairy","Granola & Oats","Granola","Bob's Red Mill","Bob's Red Mill Apple BlueBerry  Granola ","039978003652","Bob's Red Mill Apple BlueBerry  Granola ","6.24","0.0","Market Basket","12 oz","12 oz","X5240.jpg","","3"
"6305","Beverages & Juices","Water","Sparkling Water","Poland Spring","Poland Spring Sparkling Water, Zesty Lime","","Poland Spring Sparkling Water, Zesty Lime","3.74","0.0","Market Basket","8 x 16.9 fl oz","8 x 16.9 fl oz","3229.jpg","","11"
"10268","Frozen Food","Ice Cream & Ice","Ice Cream & Ice","Weight Watchers","Weight Watchers Giant Latte Ice Cream Bar","","Weight Watchers Giant Latte Ice Cream Bar","5.99","0.0","Market Basket","6 x 4 fl oz","6 x 4 fl oz","16161.jpg","","21"
"402","Laundry & Paper Goods","Paper Goods","Bathroom Tissues / Toilet Paper","Angel Soft","Angel Soft Bathroom Tissue Softness & Strength, Double Rolls","","Angel Soft Bathroom Tissue Softness & Strength, Double Rolls","8.74","1.0","Market Basket","12 count","12 count","4663.jpg","","14"
"33446","Condiments & Dressings","Honey, Syrup & Nectars","Honey","Nature Nates","Nature Nates Organic Raw & Unfiltered Honey","038778610329","Nature Nates Organic Raw & Unfiltered Honey","16.24","0.0","Market Basket","32 oz","32 oz","X3180.jpg","","2"
"9080","Condiments & Dressings","Preserved Dips & Spreads","Spreads","Trappist","Trappist Preserve Strawberry","","Trappist Preserve Strawberry","3.69","0.0","Market Basket","12 oz","12 oz","1661.jpg","","3"
"195","Kitchen & Cleaning","Cleaning Products","Other Cleaning Products","Wrights","Wrights Silver Polish, Anti-Tarnish","","Wrights Silver Polish, Anti-Tarnish","4.29","1.0","Market Basket","7 fl oz","7 fl oz","16757.jpg","","15"
"12821","Breakfast & Dairy","Breads & Rolls","Muffin","LaBree's Bakery","La Brees Bakery Muffins, Mini, Corn","","La Brees Bakery Muffins, Mini, Corn","3.99","0.0","Market Basket","12 count","12 count","17051.jpg","","18"
"13908","Breakfast & Dairy","Dairy & Eggs","Soy & Lactose-Free","Silk","Silk Unsweet Vanilla Organic Soymilk","","Silk Unsweet Vanilla Organic Soymilk","3.69","0.0","Market Basket","0.5 gal","0.5 gal","717.jpg","","1"
"210","Kitchen & Cleaning","Cleaning Products","Scrub Sponge","SOS","SOS Sponges","","SOS Sponges","2.69","1.0","Market Basket","3 count","3 count","16767.jpg","","15"
"33140","Condiments & Dressings","Pickled Goods & Olives","Pickles","Market Basket ","Market Basket Sweet Whole Gherkin Pickels ","049705018590","Market Basket Sweet Whole Gherkin Pickels ","2.5","0.0","Market Basket","16 fl oz","16 fl oz","X3279.jpg","","2"
"5375","Chips, Cookies & Snacks","Cookies & Crackers","Crackers","Kinnikinnick","Kinnikinnick Vanilla Wafers","","Kinnikinnick Vanilla Wafers","6.23","0.0","Market Basket","6.3 oz","6.3 oz","No Image.jpg","","6"
"8498","Cooking Needs","Oils & Vinegars","Oils & Vinegars","Goya","Goya Puro Olive Oil","","Goya Puro Olive Oil","4.39","0.0","Market Basket","8.5 fl oz","8.5 fl oz","1846.jpg","","7"
"299","Kitchen & Cleaning","Food Storage & Kitchen Supplies","Muffin Pans","Hefty","Hefty Ez Foil 12.25 in. X 8.25 in. X 1.25 in. Muffin Pans","","Hefty Ez Foil 12.25 in. X 8.25 in. X 1.25 in. Muffin Pans","1.89","1.0","Market Basket","2 count","2 count","4464.jpg","","12"
"13774","Breakfast & Dairy","Dairy & Eggs","Packaged Cheese","Market Basket","Market Basket Whole Milk Mozzarella","","Market Basket Whole Milk Mozzarella","3.69","0.0","Market Basket","16 oz","16 oz","Market Basket.jpg","","1"
"15116","Personal Care","Personal Needs","Facial Care","Olay","Olay Gentle Clean Foaming Face Cleanser, 7.0 oz","","Olay Gentle Clean Foaming Face Cleanser, 7.0 oz","6.66","1.0","Market Basket","7 fl oz","7 fl oz","6254.jpg","","13"
"8017","Cooking Needs","Canned Food","Soup, Broth & Bouillon","Kitchen Basics","Kitchen Basics All Natural Original Beef Stock","","Kitchen Basics All Natural Original Beef Stock","3.09","0.0","Market Basket","32 fl oz","32 fl oz","17225.jpg","","2"
"33429","Beverages & Juices","Juices & Refrigerated Drinks","Juice & Nectars","Nantucket Nectars","Nantucket Nectars Mango Lemonade","726284000559","Nantucket Nectars Mango Lemonade","1.86","0.0","Market Basket","16 fl oz","16 fl oz","X3014.jpg","","10"
"8063","Cooking Needs","Canned Food","Soup, Broth & Bouillon","Maruchan","Maruchan Instant Lunch Roast Beef Flavor Ramen Noodle Soup","","Maruchan Instant Lunch Roast Beef Flavor Ramen Noodle Soup","0.49","0.0","Market Basket","2.25 oz","2.25 oz","5329.jpg","","9"
"31790","Breakfast & Dairy","Dairy & Eggs","Eggnog","Hood","Hood QUALITY SINCE 1846 Golden Eggnog HALF GALLON","","Hood QUALITY SINCE 1846 Golden Eggnog HALF GALLON","6.24","0.0","Market Basket","1.89 l","1.89 l","X357.jpg","","1"
"34090","Breakfast & Dairy","Cereal","Cereal","Post","Post Grape-nuts Flakes Cereal ","884912109101","Post Grape-nuts Flakes Cereal ","3.75","0.0","Market Basket","18 oz","18 oz","X3311.jpg","","5"
"35195","Breakfast & Dairy","Dairy & Eggs","Yogurt","Yoplait","Yoplait Go Gurt Fizzy Low Fat Yogurt Berry & Strawberry ","","Yoplait Go Gurt Fizzy Low Fat Yogurt Berry & Strawberry ","2.99","0.0","Market Basket","4 x 5.3 oz","4 x 5.3 oz","X297.jpg","","1"
"7639","Cooking Needs","Canned Food","Canned Fruit & Applesauce","Del Monte","Del Monte Quality Diced Mangos in Extra Light Syrup","","Del Monte Quality Diced Mangos in Extra Light Syrup","1.89","0.0","Market Basket","15 oz can","15 oz can","4909.jpg","","3"
"33016","Pasta & Sauces","Raw Pasta","Raw Pasta","Market Basket","Market Basket Pasta Thin Spaghetti","049795032626","Market Basket Pasta Thin Spaghetti","1.25","0.0","Market Basket","16 oz","16 oz","X1671.jpg","","4"
"14708","Personal Care","Body Wash, Soap & Hair Care","Body Wash","St. Ives","St. Ives Soothing Body Wash Oatmeal And Shea Butter","","St. Ives Soothing Body Wash Oatmeal And Shea Butter","4.24","1.0","Market Basket","13.5 oz","13.5 oz","17718.jpg","","13"
"33312","Cooking Needs","Rice & Grains","Instant Rice","Minute Rice","Minute Brown & Wild Rice","017400140045","Minute Brown & Wild Rice","2.11","0.0","Market Basket","8.8 oz","8.8 oz","X1007.jpg","","4"
"33902","Condiments & Dressings","Pickled Goods & Olives","Peppers","Pastene","Pastene Since 1874 Deli Sliced Pepper Rings ","066086101291","Pastene Since 1874 Deli Sliced Pepper Rings ","3.13","0.0","Market Basket","16 fl oz","16 fl oz","X2342.jpg","","2"
"3955","Fresh Produce","Fresh Vegetables","Radicchio","Market Basket","Fresh Radicchio","","Fresh Radicchio","7.69","0.0","Market Basket","1 lb","1 lb","FP63.jpg","","20"
"32177","Frozen Food","Frozen Breakfast","Frozen Waffles","Kellogg's ","Kellogg's Eggo Homestyle ","038000402807","Kellogg's Eggo Homestyle ","6.11","0.0","Market Basket","29.6 oz","29.6 oz","X5044.jpg","","19"
"13640","Breakfast & Dairy","Dairy & Eggs","Packaged Cheese","Cabot Creamery","Cabot Creamery Aged Alpine Cheddar Cheese","","Cabot Creamery Aged Alpine Cheddar Cheese","2.99","0.0","Market Basket","8 oz","8 oz","141.jpg","","1"
"5367","Chips, Cookies & Snacks","Cookies & Crackers","Cookies & Cakes","Pepperidge Farm","Pepperidge Farmhouse Thin & Crispy Milk Chocolate Chip","","Pepperidge Farmhouse Thin & Crispy Milk Chocolate Chip","6.23","0.0","Market Basket","5.9 oz","5.9 oz","No Image.jpg","","6"
"33092","Breakfast & Dairy","Granola & Oats","Oats","Market Basket ","Market Basket Mapple &  Brown Sugar  Instant Oatmeal","049705011836","Market Basket Mapple &  Brown Sugar  Instant Oatmeal","2.5","0.0","Market Basket","8 x 0.98 oz","8 x 0.98 oz","X3562.jpg","","5"
"34269","Breakfast & Dairy","Granola & Oats","Oats","Quaker ","Quaker Organic Orignal Instant Oatmeal","030000015520","Quaker Organic Orignal Instant Oatmeal","3.75","0.0","Market Basket","8 x 0.98 oz","8 x 0.98 oz","X3595.jpg","","5"
"15210","Personal Care","Personal Needs","Oral Hygiene","Gum","GUM Soft-Picks Original - 40 CT","","GUM Soft-Picks Original - 40 CT","3.78","1.0","Market Basket","40 count","40 count","6446.jpg","","13"
"13745","Breakfast & Dairy","Dairy & Eggs","Packaged Cheese","Market Basket","Market Basket Mozzarella Cheese Slices","","Market Basket Mozzarella Cheese Slices","2.69","0.0","Market Basket","8 oz","8 oz","Market Basket.jpg","","1"
"34837","Breakfast & Dairy","Breads & Rolls","Bagels","Thomas","Thomas Bagels Onion","048121249038","Thomas Bagels Onion","5.86","0.0","Market Basket","20 oz","20 oz","X2607.jpg","","18"
"32056","Frozen Food","Frozen Breakfast","Frozen Breakfast","Katz","Katz Glazed Donut ","893536002804","Katz Glazed Donut ","4.99","0.0","Market Basket","14.20 oz","14.20 oz","X5082.jpg","","19"
"32821","Breakfast & Dairy","Bars & Pastries","Granola Bars","Market Basket","Market Basket Sweet & Salty Granola Bars Peanut Granola Bars","049705014714","Market Basket Sweet & Salty Granola Bars Peanut Granola Bars","2.5","0.0","Market Basket","6 x 1.2 oz","6 x 1.2 oz","X3807.jpg","","5"
"6279","Beverages & Juices","Water","Water","Glaceau","Glaceau Smart Water Watermelon Mint","","Glaceau Smart Water Watermelon Mint","1.24","0.0","Market Basket","33.8 fl oz","33.8 fl oz","No Image.jpg","","11"
"30395","Cooking Needs","Rice & Grains","Instant Food","Betty Crocker","Betty Crocker Hamburger Helper Cheesy Italian Shells","016000283824","Betty Crocker Hamburger Helper Cheesy Italian Shells","1.88","0.0","Market Basket","6.1 oz","6.1 oz","X1139.jpg","","4"
"31297","Frozen Food","Frozen Dinners & Entrees","Frozen Appetizers & Sides","Fast Bites","Fast Bites BBQ Rib Sandwich","071421106169","Fast Bites BBQ Rib Sandwich","1.25","0.0","Market Basket","5.5 oz","5.5 oz","X3994.jpg","","18"
"34954","Beverages & Juices","Juices & Refrigerated Drinks","Juice & Nectars","V8","V8 Splash Strawberry Lemonade Juice","051000212597","V8 Splash Strawberry Lemonade Juice","2.5","0.0","Market Basket","64 fl oz","64 fl oz","X2918.jpg","","10"
"30854","Breakfast & Dairy","Granola & Oats","Granola","Cascadian Farm ","Cascadian Farm Organic Fruit & Nut Granola","021908407739","Cascadian Farm Organic Fruit & Nut Granola","4.36","0.0","Market Basket","13.5 oz","13.5 oz","X3727.jpg","","5"
"33392","Condiments & Dressings","Pickled Goods & Olives","Munchies","Mt. Olive","Mt.Olive Munchies Bread & Butter Made With Sea Salt ","009300001373","Mt.Olive Munchies Bread & Butter Made With Sea Salt ","2.74","0.0","Market Basket","16 fl oz","16 fl oz","X3275.jpg","","2"
"13917","Breakfast & Dairy","Dairy & Eggs","Soy & Lactose-Free","Vitasoy","Vitasoy Silken Tofu","","Vitasoy Silken Tofu","1.29","0.0","Market Basket","19 oz","19 oz","Market Basket.jpg","","1"
"30186","Beverages & Juices","Tea, Coffee, Milk & Coconut Water","Tea","AriZona","AriZona Iced Tea with Lemon flavor","613008735159","AriZona Iced Tea with Lemon flavor","1.24","0.0","Market Basket","23 fl oz","23 fl oz","X3055.jpg","","10"
"32405","Breakfast & Dairy","Dairy & Eggs","Parmesan Cheese","Kraft","Kraft Grated Grated Parmesan & Romano Cheese ","021000615414","Kraft Grated Grated Parmesan & Romano Cheese ","4.99","0.0","Market Basket","8 oz","8 oz","X1264.jpg","","4"
"34309","Pasta & Sauces","Pasta Sauce","Pasta Sauce","Rao's","Rao's Four Cheese Homemade Pasta Sauce All Natural Premium","747479001502","Rao's Four Cheese Homemade Pasta Sauce All Natural Premium","6.24","0.0","Market Basket","24 oz","24 oz","X1534.jpg","","4"
"13974","Breakfast & Dairy","Dairy & Eggs","Specialty Cheeses","Market Basket","Reduced Fat Mozzarella","","Reduced Fat Mozzarella","3.29","0.0","Market Basket","8 oz","8 oz","Market Basket.jpg","","1"
"9033","Condiments & Dressings","Preserved Dips & Spreads","Spreads","Skippy","Skippy Creamy Peanut Butter","","Skippy Creamy Peanut Butter","6.09","0.0","Market Basket","40 Oz","40 Oz","1636.jpg","","3"
"4727","Meat & Seafood","Frozen Meat & Seafood","Bacon","Monterey","El Monterey Egg, Bacon & Cheese Breakfast Taquitos","","El Monterey Egg, Bacon & Cheese Breakfast Taquitos","6.99","0.0","Market Basket","21 oz","21 oz","15795.jpg","","1"
"15203","Personal Care","Personal Needs","Oral Hygiene","Glide","Glide Glide Gum Care Floss Picks","","Glide Glide Gum Care Floss Picks","4.93","1.0","Market Basket","30 count","30 count","18148.jpg","","13"
"8418","Condiments & Dressings","Marinades, Ketchup & Sauces","Marinades & Meat Preparation","KC Masterpiece","KC Masterpiece Marinade","","KC Masterpiece Marinade","3.09","0.0","Market Basket","16 fl oz","16 fl oz","1982.jpg","","2"
"30093","Pasta & Sauces","Gluten Free Pasta","Raw Pasta","Ancient Harvest","Ancient Harvest Protien Organic Pasta Green Lentil Spaghetti Gluten Free","089125250408","Ancient Harvest Protien Organic Pasta Green Lentil Spaghetti Gluten Free","3.74","0.0","Market Basket","8 oz","8 oz","X1569.jpg","","4"
"3499","Fresh Produce","Fresh Organic Vegetables","Carrot","Market Basket","Organic Petite Carrots","","Organic Petite Carrots","2.74","0.0","Market Basket","1 count","1 count","f102.jpg","","20"
"8065","Cooking Needs","Canned Food","Soup, Broth & Bouillon","Maruchan","Maruchan Ramen Noodle Soup Chicken Flavor","","Maruchan Ramen Noodle Soup Chicken Flavor","0.39","0.0","Market Basket","3 oz","3 oz","5326.jpg","","9"
"31761","Beverages & Juices","Juices & Refrigerated Drinks","Juice & Nectars","Honest","Honest Kids Organic Goodness Grapeness","657622423856","Honest Kids Organic Goodness Grapeness","3.74","0.0","Market Basket","59 fl oz","59 fl oz","X2871.jpg","","10"
"33186","Frozen Food","Frozen Breakfast","Frozen Pancakes","Market Basket ","Market Basket Buttermilk Pancakes ","049705711194","Market Basket Buttermilk Pancakes ","2.11","0.0","Market Basket","14.8 oz","14.8 oz","X5052.jpg","","19"
"5455","Chips, Cookies & Snacks","Candy & Chocolates","Candy & Chocolate","Hershey's","Hershey's Kisses Milk Chocolate","","Hershey's Kisses Milk Chocolate","3.69","0.0","Market Basket","11 oz","11 oz","994.jpg","","3"
"8513","Cooking Needs","Oils & Vinegars","Oils & Vinegars","Kernel Season's","Kernel Season's Movie Theater Butter","","Kernel Season's Movie Theater Butter","4.29","0.0","Market Basket","13.75 fl oz","13.75 fl oz","15497.jpg","","2"
"5200","Chips, Cookies & Snacks","Cookies & Crackers","Crackers","Milton's","Milton's Organic Crackers Multi-grain","","Milton's Organic Crackers Multi-grain","3.91","0.0","Market Basket","6 oz","6 oz","No Image.jpg","","6"
"8450","Condiments & Dressings","Marinades, Ketchup & Sauces","Marinades & Meat Preparation","McCormick","McCormick Onion Gravy Mix","","McCormick Onion Gravy Mix","0.89","0.0","Market Basket","0.87 oz","0.87 oz","1971.jpg","","9"
"30576","Cooking Needs","Baking & Cooking","Baking Ingredients","Bob's Red Mill","Bob's Red Mill Corn Grits Also Known A Polenta ","039978112842","Bob's Red Mill Corn Grits Also Known A Polenta ","3.74","0.0","Market Basket","24 oz","24 oz","X5284.jpg","","3"
"15263","Personal Care","Personal Needs","Oral Hygiene","Tom's Of Maine","Tom's of Maine Whole Care Spearmint Toothpaste","","Tom's of Maine Whole Care Spearmint Toothpaste","6.31","1.0","Market Basket","4.7 oz","4.7 oz","6463.jpg","","13"
"31130","Breakfast & Dairy","Breads & Rolls","English Muffins","Dave's Killer Bread","Dave's Killer Bread Classic 6 Organic English Muffins","013764028135","Dave's Killer Bread Classic 6 Organic English Muffins","6.24","0.0","Market Basket","13.2 oz","13.2 oz","X2426.jpg","","18"
"33179","Frozen Food","Frozen Fruit & Juice","Frozen Juice","Market Basket ","Market Basket Limeade ","049705720462","Market Basket Limeade ","1.25","0.0","Market Basket","12 oz","12 oz","X5097.jpg","","19"
"34608","Cooking Needs","Oils & Vinegars","Oils & Vinegars","Spectrum","Spectrum Culinary Organic Coconut Oil Expeller Pressed Refind Miumed High Heat ","22506002005","Spectrum Culinary Organic Coconut Oil Expeller Pressed Refind Miumed High Heat ","8.74","0.0","Market Basket","16.9 fl oz","16.9 fl oz","X1976.jpg","","2"
"14855","Personal Care","Body Wash, Soap & Hair Care","Soap","Market Basket","Market Basket Antibacterial Liquid Hand Soap Refill","","Market Basket Antibacterial Liquid Hand Soap Refill","4.7","1.0","Market Basket","56 fl oz","56 fl oz","Market Basket.jpg","","13"
"15038","Personal Care","Personal Needs","Deodorants","Old Spice","Old Spice Fresh Scent Men's Deodorant","","Old Spice Fresh Scent Men's Deodorant","2.86","1.0","Market Basket","2.25 oz","2.25 oz","18116.jpg","","13"
"5454","Chips, Cookies & Snacks","Candy & Chocolates","Candy & Chocolate","Hershey's","Hershey's Extra Large Milk Chocolate Bar with Almonds","","Hershey's Extra Large Milk Chocolate Bar with Almonds","1.89","0.0","Market Basket","4.25 oz","4.25 oz","992.jpg","","3"
"30944","Breakfast & Dairy","Dairy & Eggs","Yogurt","Chobani","Chabani Gimmies Cookies & Cream Crush Yogurt Milk Shake Low Fat Yogurt Drink ","","Chabani Gimmies Cookies & Cream Crush Yogurt Milk Shake Low Fat Yogurt Drink ","3.74","0.0","Market Basket","24 oz","24 oz","X151.jpg","","1"
"4905","Chips, Cookies & Snacks","Chips & Fruit Snacks","Chips & Pretzels","Pringles","Pringles Potato Crisps Chips Sour Cream & Onion Flavored","","Pringles Potato Crisps Chips Sour Cream & Onion Flavored","1.55","0.0","Market Basket","2.5 oz","2.5 oz","976.jpg","","0"
"6806","Cooking Needs","Baking & Cooking","Baking Ingredients","Brer Rabbit","Brer Rabbit Blackstrap Unsulphured Molasses","","Brer Rabbit Blackstrap Unsulphured Molasses","4.89","0.0","Market Basket","12 fl oz","12 fl oz","15705.jpg","","8"
"30594","Cooking Needs","Baking & Cooking","Pizza Sauce","Boboli","Boboli Pizza Sauce","073130012496","Boboli Pizza Sauce","3.74","0.0","Market Basket","15 oz","15 oz","X1331.jpg","","4"
"33664","Beverages & Juices","Juices & Refrigerated Drinks","Juice & Nectars","Ocean Spray","Ocean Spray Cran Blackberry Juice Drink from Concentrate","031200020246","Ocean Spray Cran Blackberry Juice Drink from Concentrate","3.74","0.0","Market Basket","64 fl oz","64 fl oz","X2830.jpg","","10"
"15136","Personal Care","Personal Needs","Nail Polish Remover","Market Basket","Market Basket Nail Polish Remover","","Market Basket Nail Polish Remover","1.25","1.0","Market Basket","6 oz","6 oz","Market Basket.jpg","","13"
"4369","Meat & Seafood","Meat & Seafood Counter","Tuna","Market Basket","Market Basket Albacore Tuna Steak","","Market Basket Albacore Tuna Steak","8.59","0.0","Market Basket","1 lb","1 lb","4071.jpg","","22"
"32580","Condiments & Dressings","Pickled Goods & Olives","Olives","Lindsay ","Lindsay Naturals Spanish Manzanilla Olives Stuffed With Real red ","053800952000","Lindsay Naturals Spanish Manzanilla Olives Stuffed With Real red ","3.74","0.0","Market Basket","9 oz","9 oz","X2256.jpg","","2"
"14353","Breakfast & Dairy","Tea & Coffee","Coffee","Chock Full O' Nuts","Chock Full O' Nuts Original Medium Roast Ground Coffee","","Chock Full O' Nuts Original Medium Roast Ground Coffee","3.69","0.0","Market Basket","11.3 oz","11.3 oz","16290.jpg","","8"
"13433","Breakfast & Dairy","Dairy & Eggs","Eggs","Market Basket","Market Basket Pure Whites 100% Liquid Egg Whites","","Market Basket Pure Whites 100% Liquid Egg Whites","3.09","0.0","Market Basket","16 oz","16 oz","Market Basket.jpg","","1"
"31720","Beverages & Juices","Juices & Refrigerated Drinks","Juice & Nectars","Hi-C","HIC 40 Count Combo Pack","025000101588","HIC 40 Count Combo Pack","8.74","0.0","Market Basket","40 x 6 fl oz","40 x 6 fl oz","X3071.jpg","","10"
"7315","Cooking Needs","Spices & Seasonings","Spices & Seasonings","McCormick","McCormick Ground Cumin","","McCormick Ground Cumin","7.39","0.0","Market Basket","7.62 oz","7.62 oz","2118.jpg","","9"
"5952","Beverages & Juices","Cocoa & Drink Mixes","Cocoa & Drink Mixes","Mr & Mrs T","Mr & Mrs T Whiskey Sour Mix","","Mr & Mrs T Whiskey Sour Mix","4.99","0.0","Market Basket","1 L","1 L","No Image.jpg","","17"
"5178","Chips, Cookies & Snacks","Cookies & Crackers","Crackers","Good Thins","Good Thins Sea Salt and Pepper Rice Snacks Gluten Free","","Good Thins Sea Salt and Pepper Rice Snacks Gluten Free","5.47","0.0","Market Basket","3.5 oz","3.5 oz","No Image.jpg","","6"
"4113","Meat & Seafood","Meat & Seafood Counter","Chicken","Market Basket","Market Basket Chicken Drumsticks","","Market Basket Chicken Drumsticks","12.4","0.0","Market Basket","Approx: 2.30 lb at $5.39/lb","Approx: 2.30 lb at $5.39/lb","Market Basket.jpg","","22"
"15344","Personal Care","Vitamins & Proteins","Vitamins & Supplements","Nature Made","Nature Made Ubiquinol CoQ10 100 mg Softgels","","Nature Made Ubiquinol CoQ10 100 mg Softgels","35.06","1.0","Market Basket","30 count","30 count","18185.jpg","","13"
"8305","Condiments & Dressings","Fresh Dips & Tapenades","Fresh Dips & Tapenades","Joseph's","Joseph's Black Bean Salad","","Joseph's Black Bean Salad","3.69","0.0","Market Basket","14 oz","14 oz","5527.jpg","","1"
"13428","Breakfast & Dairy","Dairy & Eggs","Eggs","Market Basket","Market Basket Grade A Large Eggs","","Market Basket Grade A Large Eggs","3.89","0.0","Market Basket","18 count","18 count","Market Basket.jpg","","1"
"7916","Cooking Needs","Canned Food","Soup, Broth & Bouillon","Better Than Bouillon","Reduced Sodium Roasted Chicken Base","","Reduced Sodium Roasted Chicken Base","4.89","0.0","Market Basket","8 oz","8 oz","17204.jpg","","9"
"34068","Breakfast & Dairy","Bars & Pastries","Pastries","Pop Tarts","Pop Tarts Unfrosted Strawberry","038000222511","Pop Tarts Unfrosted Strawberry","2.5","0.0","Market Basket","13.5 oz","13.5 oz","X3500.jpg","","5"
"33939","Condiments & Dressings","Pickled Goods & Olives","Olives","Peloponnese","Peloponnese Halved Kalamata Olive In Balsamic Brine ","037279160401","Peloponnese Halved Kalamata Olive In Balsamic Brine ","5.61","0.0","Market Basket","7.5 oz","7.5 oz","X2247.jpg","","2"
"30065","Frozen Food","Frozen Pizza","Frozen Pizza","American Flatbread ","American Flatbread Tomato Sause & Three Cheese ","731789891441","American Flatbread Tomato Sause & Three Cheese ","11.24","0.0","Market Basket","15.50 oz","15.50 oz","X4887.jpg","","19"
"8101","Cooking Needs","Canned Food","Soup, Broth & Bouillon","Progresso","Progresso Light, Beef Pot Roast Soup, Gluten Free","","Progresso Light, Beef Pot Roast Soup, Gluten Free","2.79","0.0","Market Basket","18.5 oz","18.5 oz","5285.jpg","","2"
"33078","Breakfast & Dairy","Cereal","Cereal","Market Basket ","Market Basket Peanut Butter & Cocoa","049705005149","Market Basket Peanut Butter & Cocoa","2.5","0.0","Market Basket","13 oz","13 oz","X3389.jpg","","5"
"35072","Condiments & Dressings","Honey, Syrup & Nectars","Honey","Wee Bee Honey","Wee Bee Honey Naturally Raw","862281000038","Wee Bee Honey Naturally Raw","9.99","0.0","Market Basket","1 lb","1 lb","X3175.jpg","","2"
"7779","Cooking Needs","Canned Food","Canned Meals & Beans","Kuner's","Kuners Pinto Beans, Refried, Traditional","","Kuners Pinto Beans, Refried, Traditional","1.29","0.0","Market Basket","16 oz","16 oz","17146.jpg","","2"
"12946","Breakfast & Dairy","Breads & Rolls","Tortillas & Flat Bread","Boghosian","Boghosian Valley Bread Lavash","","Boghosian Valley Bread Lavash","2.19","0.0","Market Basket","12 oz","12 oz","4811.jpg","","18"
"32468","Beverages & Juices","Juices & Refrigerated Drinks","Juice & Nectars","Langers","Langers Pomegranate Juice Cocktail from Concentrate","041755008514","Langers Pomegranate Juice Cocktail from Concentrate","3.13","0.0","Market Basket","64 fl oz","64 fl oz","X2799.jpg","","10"
"4966","Chips, Cookies & Snacks","Chips & Fruit Snacks","Chips & Pretzels","Terra Chips","Terra Sweet Potato Chips Sea Salt Added Non GMO","","Terra Sweet Potato Chips Sea Salt Added Non GMO","6.23","0.0","Market Basket","6 oz","6 oz","No Image.jpg","","0"
"6121","Beverages & Juices","Soft Drinks & Seltzers","Soft Drinks","Fanta","Fanta Orange Soda Box of Cans","","Fanta Orange Soda Box of Cans","6.86","0.0","Market Basket","12 x 12 fl oz","12 x 12 fl oz","16583.jpg","","17"
"3719","Fresh Produce","Fresh Fruits","Strawberries","Driscoll's","Driscoll's Strawberries","","Driscoll's Strawberries","6.23","0.0","Market Basket","16 oz container","16 oz container","3.jpg","","20"
"7170","Cooking Needs","Oils & Vinegars","Oils & Vinegars","Smart Balance","Smart Balance Non Stick Original Cooking Spray","","Smart Balance Non Stick Original Cooking Spray","3.09","0.0","Market Basket","6 oz","6 oz","15504.jpg","","2"
"33199","Frozen Food","Frozen Breakfast","Frozen Waffles","Market Basket ","Market Basket Buttermilk Waffles ","049705711514","Market Basket Buttermilk Waffles ","1.99","0.0","Market Basket","10.93 oz","10.93 oz","X5050.jpg","","19"
"4637","Meat & Seafood","Canned Meat & Seafood","Other Seafood","Bumble Bee","Bumble Bee Premium Chunk White Albacore in Water","","Bumble Bee Premium Chunk White Albacore in Water","1.59","0.0","Market Basket","5 oz","5 oz","5195.jpg","","2"
"7441","Cooking Needs","Canned Food","Canned & Jarred Vegetables","Goya","Goya Chipotle Peppers In Adobo Sauce","","Goya Chipotle Peppers In Adobo Sauce","3.29","0.0","Market Basket","12 oz","12 oz","5053.jpg","","9"
"338","Kitchen & Cleaning","Food Storage & Kitchen Supplies","Storage Bags","Reynolds","Reynolds Kitchens Turkey Size Oven Bags","","Reynolds Kitchens Turkey Size Oven Bags","2.49","1.0","Market Basket","2 count","2 count","4420.jpg","","12"
"8759","Condiments & Dressings","Preserved Dips & Spreads","Preserved Dips & Salsa","Mrs. Renfro's","Mrs. Renfro's Gourmet Salsas Ghost Pepper Salsa Caution: Scary Hot","","Mrs. Renfro's Gourmet Salsas Ghost Pepper Salsa Caution: Scary Hot","3.69","0.0","Market Basket","16 oz","16 oz","2000.jpg","","1"
"33464","Breakfast & Dairy","Bars & Pastries","Granola Bars","Nature Valley ","Nature Valley Sweet & Salty nut Chewy Granola Bars Peanut","016000277076","Nature Valley Sweet & Salty nut Chewy Granola Bars Peanut","3.75","0.0","Market Basket","6 x 1.02 oz","6 x 1.02 oz","X3814.jpg","","5"
"14643","Breakfast & Dairy","Tea & Coffee","Tea","Twinings","Twinings of London English Breakfast, 100% Pure Black Tea","","Twinings of London English Breakfast, 100% Pure Black Tea","7.39","0.0","Market Basket","50 count","50 count","3436.jpg","","8"
"460","Laundry & Paper Goods","Laundry","Laundry Detergent","Sun","Sun Triple Clean fresh morning breeze 32 medium loads laundry detergent","","Sun Triple Clean fresh morning breeze 32 medium loads laundry detergent","2.49","1.0","Market Basket","45.4 fl oz","45.4 fl oz","No Image.jpg","","15"
"33764","Breakfast & Dairy","Dairy & Eggs","Yogurt","Yoplait","Oui By Yoplait Key lime French Style Yogurt","","Oui By Yoplait Key lime French Style Yogurt","1.74","0.0","Market Basket","5 oz","5 oz","X713.jpg","","1"
"30084","Frozen Food","Frozen Dinners & Entrees","Frozen Meal","Amy's ","Amy's Enchilada Black Bean Vegetable","042272000814","Amy's Enchilada Black Bean Vegetable","4.99","0.0","Market Basket","9.5 oz","9.5 oz","X4163.jpg","","18"
"32307","Breakfast & Dairy","Bars & Pastries","Breakfast Bars","Kind","Kind Double Dark Chocolate  Bars","602652184345","Kind Double Dark Chocolate  Bars","3.75","0.0","Market Basket","5 x 1.2 oz","5 x 1.2 oz","X3883.jpg","","5"
"33518","Breakfast & Dairy","Cereal","Cereal","Nature's Path","Nature's Path Orignal Envirokidz Corn Puffs Gorilla Munch Organic","058449860020","Nature's Path Orignal Envirokidz Corn Puffs Gorilla Munch Organic","4.99","0.0","Market Basket","10 oz","10 oz","X3690.jpg","","5"
"31059","Condiments & Dressings","Marinades, Ketchup & Sauces","Sauces","Crosse & BlackWell","Crosse & BlackWell Sea Food Cocktail Sauce ","","Crosse & BlackWell Sea Food Cocktail Sauce ","2.99","0.0","Market Basket","12 oz","12 oz","X2130.jpg","","2"
"414","Kitchen & Cleaning","Trash Bags & Liners","Cooker Liner","Reynolds","Reynolds Kitchens Slow Cooker Liners","","Reynolds Kitchens Slow Cooker Liners","3.09","1.0","Market Basket","4 count","4 count","4693.jpg","","12"
"31949","Meat & Seafood","Hot Dogs, Bacon & Sausage","Sausage","Johnsonville","Johnsonville Italian SAUSAGE HOT","","Johnsonville Italian SAUSAGE HOT","5.86","0.0","Market Basket","19 oz","19 oz","X385.jpg","","1"
"31977","Frozen Food","Frozen Dinners & Entrees","Frozen Appetizers & Sides","Joyce Chen","Joyce Chen Chinese Style Potstickers Pork and Vegetable","184113000024","Joyce Chen Chinese Style Potstickers Pork and Vegetable","4.86","0.0","Market Basket","16 oz","16 oz","X4811.jpg","","19"
"5034","Chips, Cookies & Snacks","Cookies & Crackers","Cookies & Cakes","Chips Ahoy!","Chips Ahoy! Chunky Chocolate Chip Cookies","","Chips Ahoy! Chunky Chocolate Chip Cookies","3.91","0.0","Market Basket","11.75 oz","11.75 oz","1127.jpg","","6"
"3524","Fresh Produce","Fresh Vegetables","Apricot","Market Basket","Apricot","","Apricot","0.63","0.0","Market Basket","1 count","1 count","17931.jpg","","20"
"35154","Breakfast & Dairy","Breads & Rolls","Bread","Wonder Bread","Wonder Bread White Bread Small","072250011501","Wonder Bread White Bread Small","3.49","0.0","Market Basket","16 oz","16 oz","X2455.jpg","","18"
"8010","Cooking Needs","Canned Food","Soup, Broth & Bouillon","Herb-Ox","Herb Ox Beef Flavor Bouillon Cubes","","Herb Ox Beef Flavor Bouillon Cubes","2.49","0.0","Market Basket","25 x 3 oz","25 x 3 oz","17266.jpg","","2"
"13287","Breakfast & Dairy","Dairy & Eggs","Butter","I Can't Believe It's Not Butter","I Can't Believe It's Not Butter Buttery Spread Light","","I Can't Believe It's Not Butter Buttery Spread Light","3.29","0.0","Market Basket","15 oz","15 oz","631.jpg","","1"
"3563","Fresh Produce","Fresh Vegetables","Cabbage","Market Basket","Red Cabbage","","Red Cabbage","3.29","0.0","Market Basket","2 lb","2 lb","f161.jpg","","20"
"4797","Meat & Seafood","Frozen Meat & Seafood","Frozen Fish (All)","Market Basket","Market Basket Seafood Mix","","Market Basket Seafood Mix","4.89","0.0","Market Basket","16 oz","16 oz","Market Basket.jpg","","18"
"13721","Breakfast & Dairy","Dairy & Eggs","Packaged Cheese","Market Basket","Market Basket 2% Milk Reduced Fat American Singles Orange","","Market Basket 2% Milk Reduced Fat American Singles Orange","3.09","0.0","Market Basket","1 lb","1 lb","Market Basket.jpg","","1"
"34527","Chips, Cookies & Snacks","Candy & Chocolates","Candy & Chocolate","Smash ","Smash Mallow Tosted Vanilla","","Smash Mallow Tosted Vanilla","3.74","0.0","Market Basket","4.5 oz","4.5 oz","X780.jpg","","3"
"30618","Condiments & Dressings","Preserved Dips & Spreads","Spreads","Bonne Maman","Bonne Maman Lemon Curd ","","Bonne Maman Lemon Curd ","4.38","0.0","Market Basket","12.7 oz","12.7 oz","X53.jpg","","3"
"123","Kitchen & Cleaning","Cleaning Products","Disinfecting Wipes & Sprays","Lysol","Lysol Disinfecting Spray Crisp Linen Scent","","Lysol Disinfecting Spray Crisp Linen Scent","4.89","1.0","Market Basket","12.5 oz","12.5 oz","16771.jpg","","15"
"31150","Cooking Needs","Canned Food","Canned Tomatoes","Del Monte","Del Monte Diced Tomatoes","024000017387","Del Monte Diced Tomatoes","1.25","0.0","Market Basket","14.5 oz","14.5 oz","X1353.jpg","","4"
"10238","Frozen Food","Ice Cream & Ice","Ice Cream & Ice","Talenti","Talenti Sorbetto Peanut Butter Fudge","","Talenti Sorbetto Peanut Butter Fudge","3.69","0.0","Market Basket","1 pint","1 pint","3179.jpg","","21"
"34118","Beverages & Juices","Energy & Sports Drinks","Energy & Sports Drinks","Powerade","Powerade Sports Drink Grape","049000079401","Powerade Sports Drink Grape","1.1","0.0","Market Basket","28 fl oz","28 fl oz","X2699.jpg","","10"
"31540","Condiments & Dressings","Salad Dressings & Toppings","Dressing Mix","Gold Seasons","Gold Seasons Zeaty Italian Falad Dressing & Recipe Mix","","Gold Seasons Zeaty Italian Falad Dressing & Recipe Mix","1.86","0.0","Market Basket","0.6 oz","0.6 oz","X1742.jpg","","2"
"366","Kitchen & Cleaning","Food Storage & Kitchen Supplies","Storage Containers","Ziploc","Ziploc Medium Square Containers & Lids","","Ziploc Medium Square Containers & Lids","3.09","1.0","Market Basket","3 count","3 count","4387.jpg","","12"
"4997","Chips, Cookies & Snacks","Chips & Fruit Snacks","Chips & Pretzels","Utz","Utz Ripples Original Potato Chips Big Bag","","Utz Ripples Original Potato Chips Big Bag","4.69","0.0","Market Basket","14.5 oz","14.5 oz","861.jpg","","0"
"34999","Breakfast & Dairy","Breads & Rolls","Bread","Vermont Bread","Vermont Bread Organic Soft Multigrain Bread","025911000529","Vermont Bread Organic Soft Multigrain Bread","4.99","0.0","Market Basket","24 oz","24 oz","X2445.jpg","","18"
"6673","Beverages & Juices","Juices & Refrigerated Drinks","Refrigerated Drinks","Tropicana ","Tropicana Trop50 NO PULP 50% LESS SUGAR & CALORIES Than Orange juice ","","Tropicana Trop50 NO PULP 50% LESS SUGAR & CALORIES Than Orange juice ","4.61","0.0","Market Basket","52 fl oz","52 fl oz","X850.jpg","","1"
"6364","Beverages & Juices","Soft Drinks & Seltzers","Seltzer","Polar","Polar Seltzer Cranberry Lime","","Polar Seltzer Cranberry Lime","3.74","0.0","Market Basket","6 x 16.9 fl oz","6 x 16.9 fl oz","No Image.jpg","","11"
"5308","Chips, Cookies & Snacks","Cookies & Crackers","Crackers","Nabisco","Nabisco Famous Chocolate Wafers","","Nabisco Famous Chocolate Wafers","6.23","0.0","Market Basket","9 oz","9 oz","No Image.jpg","","6"
"31312","Breakfast & Dairy","Bars & Pastries","Chewy Bars","Fiber One","Fiber One Chewy bars Chocolate","016000261648","Fiber One Chewy bars Chocolate","3.75","0.0","Market Basket","5 x 0.82 oz","5 x 0.82 oz","X3841.jpg","","5"
"14848","Personal Care","Body Wash, Soap & Hair Care","Soap","Irish Spring","Irish Spring Deodorant Soap, Original","","Irish Spring Deodorant Soap, Original","4.93","1.0","Market Basket","8 x 3.75 oz","8 x 3.75 oz","6359.jpg","","13"
"5653","Chips, Cookies & Snacks","Candy & Chocolates","Mint & Gum","Gum","Doublemint Chewing Gum Multi Total Pack","","Doublemint Chewing Gum Multi Total Pack","3.09","0.0","Market Basket","3 ct","3 ct","15338.jpg","","3"
"31886","Meat & Seafood","Packaged Meat & Seafood","Burger","Incogmeato ","Incogmeato 100% Plant Protein Burger Patties ","","Incogmeato 100% Plant Protein Burger Patties ","6.86","0.0","Market Basket","8.5 oz","8.5 oz","X4719.jpg","","1"
"34183","Beverages & Juices","Tea, Coffee, Milk & Coconut Water","Tea","Pure Leaf","Pure Leaf Unsweetened Black Tea Real Brewed Tea","012000286209","Pure Leaf Unsweetened Black Tea Real Brewed Tea","1.24","0.0","Market Basket","18.5 fl oz","18.5 fl oz","X2951.jpg","","10"
"6001","Beverages & Juices","Energy & Sports Drinks","Energy & Sports Drinks","Monster","Monster Energy Low Carb 10 Pack","","Monster Energy Low Carb 10 Pack","19.36","0.0","Market Basket","10 x 16 fl oz","10 x 16 fl oz","No Image.jpg","","17"
"8991","Condiments & Dressings","Preserved Dips & Spreads","Spreads","Jif","Jif Reduced Fat Creamy Peanut Butter Spread","","Jif Reduced Fat Creamy Peanut Butter Spread","3.49","0.0","Market Basket","16 oz","16 oz","1652.jpg","","3"
"4148","Meat & Seafood","Meat & Seafood Counter","Haddock","Market Basket","Haddock","","Haddock","8.59","0.0","Market Basket","1 lb","1 lb","Market Basket.jpg","","22"
"4735","Meat & Seafood","Frozen Meat & Seafood","Chicken Products","Perdue","Perdue Bourbon Style Boneless Chicken Wyngz","","Perdue Bourbon Style Boneless Chicken Wyngz","12.39","0.0","Market Basket","1.63 lb","1.63 lb","2896.jpg","","18"
"14716","Personal Care","Body Wash, Soap & Hair Care","Cream","Neutrogena","NeutrogenaÂ® Norwegian Formula Hand Cream Fragrance Free","","NeutrogenaÂ® Norwegian Formula Hand Cream Fragrance Free","6.77","1.0","Market Basket","2 oz","2 oz","17712.jpg","","13"
"33373","Condiments & Dressings","Salad Dressings & Toppings","Croutons","Mrs Cubbison's ","Mrs Asiago Cheese Ciabatta Croutons ","","Mrs Asiago Cheese Ciabatta Croutons ","1.49","0.0","Market Basket","4 oz","4 oz","X1761.jpg","","2"
"34869","Frozen Food","Frozen Breakfast","Frozen Burrito","Tina's","Tina's Big Burrito Bean and Cheese","079606010409","Tina's Big Burrito Bean and Cheese","1.24","0.0","Market Basket","10 oz","10 oz","X4830.jpg","","19"
"8015","Cooking Needs","Canned Food","Soup, Broth & Bouillon","Herb-Ox","Herb Ox Sodium Free Beef Flavor Granulated Bouillon","","Herb Ox Sodium Free Beef Flavor Granulated Bouillon","2.09","0.0","Market Basket","8 count","8 count","17228.jpg","","2"
"31558","Frozen Food","Frozen Dinners & Entrees","Frozen Meal","Good Food Made Simple","Good Food Made Simple Lemon Chicken","080618476121","Good Food Made Simple Lemon Chicken","3.13","0.0","Market Basket","9 oz","9 oz","X4181.jpg","","18"
"14864","Personal Care","Body Wash, Soap & Hair Care","Soap","Old Spice","Old Spice Red Zone Old Spice Red Zone Swagger Bar Soap 8 oz 2 count Male Personal Cleansing","","Old Spice Red Zone Old Spice Red Zone Swagger Bar Soap 8 oz 2 count Male Personal Cleansing","2.75","1.0","Market Basket","16 oz","16 oz","17758.jpg","","13"
"568","Laundry & Paper Goods","Laundry","Laundry Detergent","Downy","Ultra Downy cool cotton 120 Loads Laundry Detergent","","Ultra Downy cool cotton 120 Loads Laundry Detergent","11.24","1.0","Market Basket","3.06 L","3.06 L","No Image.jpg","","15"
"35150","Condiments & Dressings","Marinades, Ketchup & Sauces","Sauces","Woeber's","Woeber's Sandwich Pal Since 1905 Sandwich Dressing Made With Sweet Pickles And Pimentos","074680000834","Woeber's Sandwich Pal Since 1905 Sandwich Dressing Made With Sweet Pickles And Pimentos","6.61","0.0","Market Basket","50.5 oz","50.5 oz","X2142.jpg","","2"
"7178","Cooking Needs","Oils & Vinegars","Oils & Vinegars","Vermont Village","Vermont Village Apple Cider Vinegar Raw & Organic","","Vermont Village Apple Cider Vinegar Raw & Organic","4.89","0.0","Market Basket","16 fl oz","16 fl oz","15517.jpg","","2"
"9363","Frozen Food","Frozen Dessert","Frozen Dessert","Pepperidge Farm","Pepperidge Farm Puff Pastry Frozen Sheets Pastry Dough","","Pepperidge Farm Puff Pastry Frozen Sheets Pastry Dough","5.39","0.0","Market Basket","2 count","2 count","2975.jpg","","19"
"33874","Condiments & Dressings","Pickled Goods & Olives","Pickled Goods & Olives","Pastene","Pastene Since 1874 Julienne Cut Sun Dried Tomato","066086100690","Pastene Since 1874 Julienne Cut Sun Dried Tomato","6.24","0.0","Market Basket","7 oz","7 oz","X2310.jpg","","2"
"31598","Frozen Food","Frozen Produce","Frozen Produce","Goya","Goya 10 Discos Grandes","041331091626","Goya 10 Discos Grandes","2.74","0.0","Market Basket","20 oz","20 oz","X4423.jpg","","18"
"10142","Frozen Food","Ice Cream & Ice","Ice Cream & Ice","M&M's","M&M's Chocolate Ice Cream with Chocolate Candies","","M&M's Chocolate Ice Cream with Chocolate Candies","2.49","0.0","Market Basket","16 fl oz","16 fl oz","16088.jpg","","21"
"33285","Frozen Food","Frozen Dinners & Entrees","Frozen Meal","Michael Angelo's","Michael Angelo's Vegetable Lasagna","037363581259","Michael Angelo's Vegetable Lasagna","3.74","0.0","Market Basket","11 oz","11 oz","X4139.jpg","","18"
"13364","Breakfast & Dairy","Dairy & Eggs","Cream","Market Basket","Market Basket Coffee Creamer","","Market Basket Coffee Creamer","1.29","0.0","Market Basket","32 fl oz","32 fl oz","Market Basket.jpg","","1"
"35348","Richardson's Farm Ice Cream","Sherbet & Sorbet","Lemon","Richarson's Farm","Richarson's Farm Lemon Sorbet","","Dairy free and Fat free Sorbet, made with real fruit","23.99","0.0","Richardson's Farm","3 Gal. Tub","3 Gal. Tub","RichardsonsFarm.jpg","",""
"4364","Meat & Seafood","Meat & Seafood Counter","Steak","Market Basket","Top Round Steak","","Top Round Steak","5.29","0.0","Market Basket","1 lb","1 lb","Market Basket.jpg","","22"
"7348","Cooking Needs","Spices & Seasonings","Spices & Seasonings","McCormick","McCormick Red Food Color","","McCormick Red Food Color","3.69","0.0","Market Basket","1 fl oz","1 fl oz","2184.jpg","","9"
"34703","Cooking Needs","Rice & Grains","Instant Rice","Success","Success Boil in Bag Precooked Brown Rice Whole Grain","017400100780","Success Boil in Bag Precooked Brown Rice Whole Grain","2.49","0.0","Market Basket","14 oz","14 oz","X980.jpg","","4"
"9069","Condiments & Dressings","Preserved Dips & Spreads","Spreads","Teddie","Teddie All Natural Super Chunky Peanut Butter Unsalted","","Teddie All Natural Super Chunky Peanut Butter Unsalted","3.69","0.0","Market Basket","16 oz","16 oz","1668.jpg","","3"
"31154","Cooking Needs","Canned Food","Canned Tomatoes","Del Monte","Del Monte Stewed Tomatoes with Onion, Celery and Green Peppers","024000013235","Del Monte Stewed Tomatoes with Onion, Celery and Green Peppers","1.25","0.0","Market Basket","14.5 oz","14.5 oz","X1367.jpg","","4"
"5019","Chips, Cookies & Snacks","Chips & Fruit Snacks","Chips & Pretzels","Wise","Wise Cheese Doodles Bakes Puffs Cheddar","","Wise Cheese Doodles Bakes Puffs Cheddar","3.91","0.0","Market Basket","8 oz","8 oz","951.jpg","","0"
"32605","Chips, Cookies & Snacks","Candy & Chocolates","Candy & Chocolate","Loacker","Loacker Specially Milk Creme","","Loacker Specially Milk Creme","1.25","0.0","Market Basket","1.94 oz","1.94 oz","X490.jpg","","3"
"13934","Breakfast & Dairy","Dairy & Eggs","Specialty Cheeses","Cabot Creamery","Cabot Creamery Seriously Sharp Cheddar Cheese","","Cabot Creamery Seriously Sharp Cheddar Cheese","7.39","0.0","Market Basket","1 lb","1 lb","Market Basket.jpg","","1"
"32406","Condiments & Dressings","Marinades, Ketchup & Sauces","Mayonnaise","Kraft","Kraft Real Mayo Creamy & Smooth ","","Kraft Real Mayo Creamy & Smooth ","4.36","0.0","Market Basket","30 fl oz","30 fl oz","X1738.jpg","","2"
"4351","Meat & Seafood","Meat & Seafood Counter","Shrimp","Market Basket","Market Basket Previously Frozen 26/30 Count Shell On Shrimp","","Market Basket Previously Frozen 26/30 Count Shell On Shrimp","9.79","0.0","Market Basket","Approx: 1.00 lb at $9.79/lb","Approx: 1.00 lb at $9.79/lb","4066.jpg","","22"
"13277","Breakfast & Dairy","Dairy & Eggs","Butter","Country Crock","Country Crock Vegetable Oil Spread Tub Original","","Country Crock Vegetable Oil Spread Tub Original","4.29","0.0","Market Basket","45 oz","45 oz","650.jpg","","1"
"33945","Breakfast & Dairy","Breads & Rolls","Bagels","Pepperidge Farm","Pepperidge Farm Bagels Plain","014100078081","Pepperidge Farm Bagels Plain","5.61","0.0","Market Basket","21 oz","21 oz","X2629.jpg","","18"
"31630","Condiments & Dressings","Marinades, Ketchup & Sauces","Mustard Sauce","Gulden's ","Gulden's Mustard Made With Real chablis White Wine Stone Ground Dijon","064144323005","Gulden's Mustard Made With Real chablis White Wine Stone Ground Dijon","2.5","0.0","Market Basket","10 oz","10 oz","X2198.jpg","","2"
"10085","Frozen Food","Ice Cream & Ice","Ice Cream & Ice","Halo Top","Halo Top Creamery Mocha Chip","","Halo Top Creamery Mocha Chip","6.09","0.0","Market Basket","16 oz","16 oz","16168.jpg","","21"
"35288","Richardson's Farm Ice Cream","Ice Cream","Chocolate","Richarson's Farm","Richarson's Farm Chocolate Walnut Fudge Ice Cream 16% Butterfat","","Chocolate ice cream with a fudge twirl and walnuts","32.99","0.0","Richardson's Farm","3 Gal. Tub","3 Gal. Tub","RichardsonsFarm.jpg","",""
"30510","Breakfast & Dairy","Cereal","Meal Supplements","Bob's Red Mill","Bob's Red Mill Halled Hemp Seed Hearts ","039978025968","Bob's Red Mill Halled Hemp Seed Hearts ","10.36","0.0","Market Basket","8 oz","8 oz","X5218.jpg","","3"
"32847","Breakfast & Dairy","Breads & Rolls","Bread","Market Basket","Market Basket Seeded Rye Bread","049705016954","Market Basket Seeded Rye Bread","1.88","0.0","Market Basket","16 oz","16 oz","X2372.jpg","","18"
"31559","Frozen Food","Frozen Dinners & Entrees","Frozen Meal","Good Food Made Simple","Good Food Made Simple Chicken Black Bean","080618476084","Good Food Made Simple Chicken Black Bean","3.13","0.0","Market Basket","9.5 oz","9.5 oz","X4182.jpg","","18"
"31774","Breakfast & Dairy","Dairy & Eggs","Cottage Cheese","Hood","Hood LowFat Cottage Cheese","","Hood LowFat Cottage Cheese","2.09","0.0","Market Basket","16 oz","16 oz","X337.jpg","","1"
"32402","Condiments & Dressings","Marinades, Ketchup & Sauces","Marinades & Meat Preparation","Kraft","Kraft Slow Simmered Sweet Onion Natural Flavor Barbecue Sauce See Nutrition Information For Sodium Content","021000068654","Kraft Slow Simmered Sweet Onion Natural Flavor Barbecue Sauce See Nutrition Information For Sodium Content","2.5","0.0","Market Basket","18.5 oz","18.5 oz","X2089.jpg","","2"
"5204","Chips, Cookies & Snacks","Cookies & Crackers","Crackers","Nabisco","Nabisco Premium Original Topped with Sea Salt Saltine Crackers","","Nabisco Premium Original Topped with Sea Salt Saltine Crackers","3.91","0.0","Market Basket","1 lb","1 lb","15123.jpg","","6"
"5095","Chips, Cookies & Snacks","Cookies & Crackers","Cookies & Cakes","Nonni's","Nonni's Biscotti Dark Chocolate Almond","","Nonni's Biscotti Dark Chocolate Almond","4.36","0.0","Market Basket","6.88 oz","6.88 oz","15085.jpg","","6"
"34621","Breakfast & Dairy","Dairy & Eggs","Yogurt","Stonyfield","Stonyfield Organic Kids Blueberry 35% Less Sugar Yogurt Drink","","Stonyfield Organic Kids Blueberry 35% Less Sugar Yogurt Drink","1.25","0.0","Market Basket","3.5 oz","3.5 oz","X794.jpg","","1"
"30749","Meat & Seafood","Packaged Meat & Seafood","Bologna","Butterball","Butterball Turkey Bologna Thic Sliced ","","Butterball Turkey Bologna Thic Sliced ","2.49","0.0","Market Basket","16 oz","16 oz","X4501.jpg","","1"
"35137","Condiments & Dressings","Salad Dressings & Toppings","Salad Dressing & Toppings","Wish Bone","Wish Bone Graden Herb Vinaigrette Dressing","041321007132","Wish Bone Graden Herb Vinaigrette Dressing","2.5","0.0","Market Basket","15 fl oz","15 fl oz","X908.jpg","","2"
"4845","Chips, Cookies & Snacks","Chips & Fruit Snacks","Chips & Pretzels","Food Should Taste Good","Food Should Taste Good Blue Corn Tortilla Chips, Gluten Free","","Food Should Taste Good Blue Corn Tortilla Chips, Gluten Free","4.69","0.0","Market Basket","5.5 oz","5.5 oz","No Image.jpg","","0"
"13910","Breakfast & Dairy","Dairy & Eggs","Soy & Lactose-Free","So Delicious","So Delicious Creamer, Coconut Milk, French Vanilla","","So Delicious Creamer, Coconut Milk, French Vanilla","2.39","0.0","Market Basket","1 pint","1 pint","735.jpg","","1"
"550","Laundry & Paper Goods","Laundry","Laundry Detergent","Gain","Gain Fireworks in wash scent island fresh Laundry Detergent","","Gain Fireworks in wash scent island fresh Laundry Detergent","8.74","1.0","Market Basket","285 g","285 g","No Image.jpg","","15"
"15228","Personal Care","Personal Needs","Oral Hygiene","Market Basket","Market Basket Extra Comfort Floss","","Market Basket Extra Comfort Floss","2.86","1.0","Market Basket","43.7 yd","43.7 yd","Market Basket.jpg","","13"
"33893","Condiments & Dressings","Pickled Goods & Olives","Pickled Goods & Olives","Pastene","Pastene Imported Since 1874 Golden Greek  Peperoncini ","066086100973","Pastene Imported Since 1874 Golden Greek  Peperoncini ","3.74","0.0","Market Basket","32 fl oz","32 fl oz","X2353.jpg","","2"
"32619","Pasta & Sauces","Raw Pasta","Raw Pasta","Lucio","Lucio Pasta Spaghetti No. 25","085164110253","Lucio Pasta Spaghetti No. 25","1.11","0.0","Market Basket","16 oz","16 oz","X1696.jpg","","4"
"570","Laundry & Paper Goods","Laundry","Laundry Detergent","Downy","Ultra Downy april fresh 40 Loads Laundry Detergent","","Ultra Downy april fresh 40 Loads Laundry Detergent","4.99","1.0","Market Basket","1.02 L","1.02 L","No Image.jpg","","15"
"33255","Condiments & Dressings","Marinades, Ketchup & Sauces","Sauces","Mc Cocktail ","Mc Cocktail Extra Hot Sauce For Seafood Made With Real Horseradish ","","Mc Cocktail Extra Hot Sauce For Seafood Made With Real Horseradish ","2.5","0.0","Market Basket","12 oz","12 oz","X2129.jpg","","2"
"9351","Frozen Food","Frozen Dessert","Frozen Dessert","Mrs. Smith's","Mrs. Smith's Deep Dish Flaky Pie Crusts","","Mrs. Smith's Deep Dish Flaky Pie Crusts","3.69","0.0","Market Basket","16 oz","16 oz","2969.jpg","","19"
"30772","Cooking Needs","Oils & Vinegars","Oils & Vinegars","California Olive Ranch","California Olive Ranch Avocado Blend Avocado Oil & Extra Virgin Olive Oil ","850687100360","California Olive Ranch Avocado Blend Avocado Oil & Extra Virgin Olive Oil ","12.49","0.0","Market Basket","25.4 fl oz","25.4 fl oz","X2016.jpg","","2"
"10054","Frozen Food","Ice Cream & Ice","Ice Cream & Ice","Friendly's","Friendly's Sundae Peanut Butter Cup","","Friendly's Sundae Peanut Butter Cup","1.29","0.0","Market Basket","6 fl oz","6 fl oz","3048.jpg","","21"
"30101","Frozen Food","Frozen Dinners & Entrees","Frozen Appetizers & Sides","Angy's","Angy's Fancy Italian Garlic Bread","075662006028","Angy's Fancy Italian Garlic Bread","1.99","0.0","Market Basket","9 oz","9 oz","X4367.jpg","","18"
"34808","Frozen Food","Frozen Dinners & Entrees","Frozen Appetizers & Sides","TGI Fridays","TGI Fridays Spinach and Artichoke Cheese Dip","046704049402","TGI Fridays Spinach and Artichoke Cheese Dip","3.99","0.0","Market Basket","8 oz","8 oz","X4838.jpg","","19"
"6340","Beverages & Juices","Soft Drinks & Seltzers","Soft Drinks","Polar","Polar Diet Orange Dry Box of Cans","","Polar Diet Orange Dry Box of Cans","4.36","0.0","Market Basket","8 x 12 fl oz","8 x 12 fl oz","No Image.jpg","","17"
"6887","Cooking Needs","Baking & Cooking","Baking Ingredients","Market Basket","Market Basket Pure Cane Granulated Sugar","","Market Basket Pure Cane Granulated Sugar","2.19","0.0","Market Basket","32 oz","32 oz","Market Basket.jpg","","8"
"3539","Fresh Produce","Fresh Vegetables","Beet","Market Basket","Love Beets","","Love Beets","2.74","0.0","Market Basket","1 count","1 count","f153.jpg","","20"
"10156","Frozen Food","Ice Cream & Ice","Ice Cream & Ice","Market Basket","Market Basket Chocolate Ice Cream","","Market Basket Chocolate Ice Cream","3.09","0.0","Market Basket","1.75 quart","1.75 quart","Market Basket.jpg","","21"
"9156","Frozen Food","Frozen Dinners & Entrees","Frozen Appetizers & Sides","McCain","McCain Classic Fries Straight Cut Potatoes","","McCain Classic Fries Straight Cut Potatoes","3.09","0.0","Market Basket","32 oz","32 oz","2587.jpg","","19"
"4520","Meat & Seafood","Lunch Meat","Ham","Market Basket","Market Basket Smoked Ham","","Market Basket Smoked Ham","4.89","0.0","Market Basket","16 oz","16 oz","Market Basket.jpg","","22"
"7379","Cooking Needs","Spices & Seasonings","Spices & Seasonings","Spice Classics","Spice Classics Basil Leaves","","Spice Classics Basil Leaves","1.29","0.0","Market Basket","0.75 oz","0.75 oz","2264.jpg","","9"
"34093","Breakfast & Dairy","Cereal","Cereal","Post","Post Frosted Oats of Honey Bunches Cereal","884912333773","Post Frosted Oats of Honey Bunches Cereal","3.75","0.0","Market Basket","13.5 oz","13.5 oz","X3314.jpg","","5"
"32018","Beverages & Juices","Energy & Sports Drinks","Energy & Sports Drinks","Karma","Karma Wellness Water Orange Mango","854651003183","Karma Wellness Water Orange Mango","2.49","0.0","Market Basket","18 fl oz","18 fl oz","X2723.jpg","","10"
"4175","Meat & Seafood","Packaged Meat & Seafood","Beef","Market Basket","Market Basket 85% Lean Angus Ground Beef","","Market Basket 85% Lean Angus Ground Beef","5.29","0.0","Market Basket","1 pack","1 pack","4075.jpg","","22"
"10212","Frozen Food","Ice Cream & Ice","Ice Cream & Ice","Popsicle","Popsicle Original Fudge Pops No Sugar Added","","Popsicle Original Fudge Pops No Sugar Added","1.89","0.0","Market Basket","20 count","20 count","3137.jpg","","21"
"6403","Beverages & Juices","Water","Sparkling Water","Sparkling ICE","Sparkling ICE Pink Grapefruit","","Sparkling ICE Pink Grapefruit","1.11","0.0","Market Basket","17 fl oz","17 fl oz","16243.jpg","","11"
"6562","Beverages & Juices","Juices & Refrigerated Drinks","Refrigerated Drinks","Blue Diamond Almond Breeze Almondmilk","Blue Diamond Almond Breeze Almondmilk Blue Diamond Almonds Almond Breeze Almondmilk Vanilla Unsweetened","","Blue Diamond Almond Breeze Almondmilk Blue Diamond Almonds Almond Breeze Almondmilk Vanilla Unsweetened","4.89","0.0","Market Basket","96 fl oz","96 fl oz","16520.jpg","","1"
"7387","Cooking Needs","Spices & Seasonings","Spices & Seasonings","Spice Classics","Spice Classics Onion Salt","","Spice Classics Onion Salt","1.29","0.0","Market Basket","5.5 oz","5.5 oz","2265.jpg","","9"
"10279","Frozen Food","Ice Cream & Ice","Ice Cream & Ice","Yasso","Yasso Peanut Butter Chip Frozen Greek Yogurt Bars","","Yasso Peanut Butter Chip Frozen Greek Yogurt Bars","4.89","0.0","Market Basket","4 x 3 fl oz","4 x 3 fl oz","16085.jpg","","21"
"14806","Personal Care","Body Wash, Soap & Hair Care","Hair Care","TRESemme","TRESemme Hair Spray Extra Hold","","TRESemme Hair Spray Extra Hold","5.28","1.0","Market Basket","11 oz","11 oz","18168.jpg","","13"
"14648","Breakfast & Dairy","Tea & Coffee","Tea","Twinings","Twinings of London Loose Tea English Breakfast Tea","","Twinings of London Loose Tea English Breakfast Tea","6.09","0.0","Market Basket","3.53 oz","3.53 oz","3437.jpg","","8"
"34397","Pasta & Sauces","Raw Pasta","Raw Pasta","Riesa","Riesa Egg Pasta Wild Garlic","822160333657","Riesa Egg Pasta Wild Garlic","3.74","0.0","Market Basket","12.3 oz","12.3 oz","X1591.jpg","","4"
"13772","Breakfast & Dairy","Dairy & Eggs","Packaged Cheese","Market Basket","Market Basket Swiss Cheese Block","","Market Basket Swiss Cheese Block","2.49","0.0","Market Basket","8 oz","8 oz","Market Basket.jpg","","1"
"32853","Breakfast & Dairy","Breads & Rolls","Bread","Market Basket","Market Basket White Sandwich Bread","049705811047","Market Basket White Sandwich Bread","2.5","0.0","Market Basket","20 oz","20 oz","X2378.jpg","","18"
"31784","Breakfast & Dairy","Dairy & Eggs","Cottage Cheese","Hood","Hood Cottage Cheese With Chive  SMALL CURD 4% MILKFAT MIN","","Hood Cottage Cheese With Chive  SMALL CURD 4% MILKFAT MIN","4.11","0.0","Market Basket","24 OZ","24 OZ","X347.jpg","","1"
"34231","Breakfast & Dairy","Cereal","Cereal","Quaker","Quaker Oatmeal Squares Brown Sugar","030000064412","Quaker Oatmeal Squares Brown Sugar","4.61","0.0","Market Basket","14.5 oz","14.5 oz","X3413.jpg","","5"
"30401","Cooking Needs","Rice & Grains","Instant Food","Betty Crocker","Betty Crocker Tuna Helper Tuna Creamy Broccoli","016000263161","Betty Crocker Tuna Helper Tuna Creamy Broccoli","1.88","0.0","Market Basket","6.4 oz","6.4 oz","X1145.jpg","","4"
"15238","Personal Care","Personal Needs","Oral Hygiene","Orajel","Orajel Nickelodeon Paw Patrol Fruity Fun Training Toothpaste","","Orajel Nickelodeon Paw Patrol Fruity Fun Training Toothpaste","4.93","1.0","Market Basket","1.5 oz","1.5 oz","17783.jpg","","13"
"33348","Chips, Cookies & Snacks","Chips & Fruit Snacks","Fruit & Vegetable Snacks","Mott's ","Mott's Tropical Fruit ","016000364646","Mott's Tropical Fruit ","2.5","0.0","Market Basket","8 oz","8 oz","X5177.jpg","","19"
"6455","Chips, Cookies & Snacks","Jerkies","Jerky","Lorissa's Kitchen","Lorissa's Kitchen Ginger Teriyaki Tender Cuts of Chicken Breasts","","Lorissa's Kitchen Ginger Teriyaki Tender Cuts of Chicken Breasts","7.49","0.0","Market Basket","2.25 oz","2.25 oz","No Image.jpg","","6"
"4611","Meat & Seafood","Lunch Meat","Turkey","Thin 'n Trim","Thin 'n Trim Turkey Breast","","Thin 'n Trim Turkey Breast","3.69","0.0","Market Basket","6 oz","6 oz","No Image.jpg","","22"
"14987","Personal Care","First Aid & Healthcare","Muscles, Joints & Pain Relief","Aspercreme","Aspercreme Pain Relieving Creme Max Strength","","Aspercreme Pain Relieving Creme Max Strength","8.84","1.0","Market Basket","3 oz","3 oz","6640.jpg","","13"
"32388","Breakfast & Dairy","Breads & Rolls","Rolls","Koffee Kup Bakery","Koffee Kup Bakery Potato Hoagie Rolls","074016016768","Koffee Kup Bakery Potato Hoagie Rolls","4.86","0.0","Market Basket","15 oz","15 oz","X2589.jpg","","18"
"6865","Cooking Needs","Baking & Cooking","Baking Ingredients","Indian Head","Indian Head Stone Ground Yellow Corn Meal","","Indian Head Stone Ground Yellow Corn Meal","1.49","0.0","Market Basket","32 oz","32 oz","15742.jpg","","8"
"34222","Breakfast & Dairy","Bars & Pastries","Chewy Bars","Quaker","Quaker Chewy Dark Chocolate Chunk","030000311868","Quaker Chewy Dark Chocolate Chunk","3.13","0.0","Market Basket","8 x 0.84 oz","8 x 0.84 oz","X3870.jpg","","5"
"6832","Cooking Needs","Baking & Cooking","Baking Ingredients","Emeril's","Emeril's Creamery Butter Flavor Cooking Spray","","Emeril's Creamery Butter Flavor Cooking Spray","3.69","0.0","Market Basket","6 oz","6 oz","15747.jpg","","8"
"33600","Condiments & Dressings","Salad Dressings & Toppings","Salad Dressing & Toppings","Newmen's Own","Newmen's Own Parmesan & Roasted Garlic Dressing","020662002082","Newmen's Own Parmesan & Roasted Garlic Dressing","4.11","0.0","Market Basket","16 fl oz","16 fl oz","X649.jpg","","2"
"31076","Breakfast & Dairy","Dairy & Eggs","Smoothies","Danimals","Danimals Smoothies 6 Banana Flavors 6 Strawberry Flavors a Good Source Of Clacium & Vitamin D","","Danimals Smoothies 6 Banana Flavors 6 Strawberry Flavors a Good Source Of Clacium & Vitamin D","5.86","0.0","Market Basket","3.1 oz","3.1 oz","X179.jpg","","1"
"31618","Cooking Needs","Oils & Vinegars","Oils & Vinegars","GrapeOla","GrapeOla Grape Seed Oil Great For Frying,Baking & Salads Olive Oil Vs Grapeola Oil ","745042070160","GrapeOla Grape Seed Oil Great For Frying,Baking & Salads Olive Oil Vs Grapeola Oil ","8.74","0.0","Market Basket","5 fl oz","5 fl oz","X1964.jpg","","2"
"35272","Richardson's Farm Ice Cream","Ice Cream","Cotton Candy","Richarson's Farm","Richarson's Farm Cotton Candy Ice Cream 16% Butterfat","","Pink cotton candy ice cream with a blue candy swirl and cotton candy pieces","32.99","0.0","Richardson's Farm","3 Gal. Tub","3 Gal. Tub","RichardsonsFarm.jpg","",""
"34850","Breakfast & Dairy","Breads & Rolls","English Muffins","Thomas","Thomas English Muffins 25g of Whole Grain","048121184070","Thomas English Muffins 25g of Whole Grain","6.24","0.0","Market Basket","12 oz","12 oz","X2619.jpg","","18"
"6307","Beverages & Juices","Water","Sparkling Water","Poland Spring","Poland Spring Sparkling Water, Twist of Lemon","","Poland Spring Sparkling Water, Twist of Lemon","3.74","0.0","Market Basket","8 x 16.9 fl oz","8 x 16.9 fl oz","No Image.jpg","","11"
"8012","Cooking Needs","Canned Food","Soup, Broth & Bouillon","Herb-Ox","Herb Ox Chicken Flavor Bouillon Cubes","","Herb Ox Chicken Flavor Bouillon Cubes","2.09","0.0","Market Basket","3.33 oz","3.33 oz","17244.jpg","","2"
"7440","Cooking Needs","Canned Food","Canned & Jarred Vegetables","Goya","Goya Chipotle Peppers","","Goya Chipotle Peppers","2.39","0.0","Market Basket","7 oz","7 oz","5051.jpg","","9"
"4300","Meat & Seafood","Meat & Seafood Counter","Other Meat","Market Basket","Market Basket USDA Choice Leg Halves","","Market Basket USDA Choice Leg Halves","7.99","0.0","Market Basket","Approx: 1.00 lb at $7.99/lb","Approx: 1.00 lb at $7.99/lb","Market Basket.jpg","","22"
"104","Kitchen & Cleaning","Cleaning Products","Bleach","2000 Flushes","2000 Flushes Blue Plus Bleach","","2000 Flushes Blue Plus Bleach","3.69","1.0","Market Basket","3.5 oz","3.5 oz","16774.jpg","","15"
"4286","Meat & Seafood","Packaged Meat & Seafood","Turkey","Shady Brook Farms","Shady Brook Farms Fresh 99% Lean Ground Turkey","","Shady Brook Farms Fresh 99% Lean Ground Turkey","7.49","0.0","Market Basket","1.3 lb","1.3 lb","4115.jpg","","22"
"5123","Chips, Cookies & Snacks","Cookies & Crackers","Cookies & Cakes","Pepperidge Farm Milano","Pepperidge Farm Milano Dark Chocolate Cookies","","Pepperidge Farm Milano Dark Chocolate Cookies","4.69","0.0","Market Basket","6 oz","6 oz","1150.jpg","","6"
"33344","Beverages & Juices","Juices & Refrigerated Drinks","Juice & Nectars","Mott's","Mott's Light Apple Juice","014800321005","Mott's Light Apple Juice","2.5","0.0","Market Basket","64 fl oz","64 fl oz","X2887.jpg","","10"
"10019","Frozen Food","Ice Cream & Ice","Ice Cream & Ice","Edy's/dreyer's","Edy's/Dreyer's SLOW CHURNED No Sugar Added Vanilla Light Ice Cream","","Edy's/Dreyer's SLOW CHURNED No Sugar Added Vanilla Light Ice Cream","3.69","0.0","Market Basket","1.5 quart","1.5 quart","3011.jpg","","21"
"32570","Frozen Food","Frozen Dinners & Entrees","Frozen Meal","Life Cuisine ","Life Cuisine Uncured Turkey Bacon & Aged White Cheddar","0138000768513","Life Cuisine Uncured Turkey Bacon & Aged White Cheddar","4.36","0.0","Market Basket","4.5 oz","4.5 oz","X4254.jpg","","18"
"4799","Meat & Seafood","Frozen Meat & Seafood","Frozen Fish (All)","Market Basket","Market Basket Tuna Steaks","","Market Basket Tuna Steaks","8.59","0.0","Market Basket","12 oz","12 oz","Market Basket.jpg","","18"
"33476","Cooking Needs","Rice & Grains","Grains, Rice & Dried Goods","Nature's Earthly Choice","Nature's Earthly Choice Chia Superfood of the Aztecs ","897034002342","Nature's Earthly Choice Chia Superfood of the Aztecs ","4.99","0.0","Market Basket","12 oz","12 oz","X1089.jpg","","4"
"12958","Breakfast & Dairy","Breads & Rolls","Tortillas & Flat Bread","CHI-CHI'S","Chi Chi's Flour Fajita Style Tortillas","","Chi Chi's Flour Fajita Style Tortillas","2.49","0.0","Market Basket","10 x 17.5 oz","10 x 17.5 oz","4823.jpg","","7"
"33779","Frozen Food","Frozen Dinners & Entrees","Frozen Meal","P.F.Chang's","P.F.Chang's Spicy Sichuan style Chiclken","031000671167","P.F.Chang's Spicy Sichuan style Chiclken","4.99","0.0","Market Basket","10.25 oz","10.25 oz","X4102.jpg","","18"
"33192","Frozen Food","Frozen Pizza","Frozen Pizza","Market Basket ","Market Basket Bake & Rise Cheese Pizza ","049705708071","Market Basket Bake & Rise Cheese Pizza ","4.99","0.0","Market Basket","28.2 oz","28.2 oz","X4919.jpg","","19"
"5203","Chips, Cookies & Snacks","Cookies & Crackers","Crackers","Milton's","Milton's Organic Crackers Himalayan Salt","","Milton's Organic Crackers Himalayan Salt","3.91","0.0","Market Basket","6 oz","6 oz","No Image.jpg","","6"
"14280","Breakfast & Dairy","Dairy & Eggs","Yogurt","YoCrunch","YoCrunch Strawberry Lowfat Yogurt with M&M's","","YoCrunch Strawberry Lowfat Yogurt with M&M's","0.99","0.0","Market Basket","6 oz","6 oz","459.jpg","","1"
"4516","Meat & Seafood","Lunch Meat","Ham","Market Basket","Market Basket Boneless Ham Half","","Market Basket Boneless Ham Half","11.07","0.0","Market Basket","Approx: 3.00 lb at $3.69/lb","Approx: 3.00 lb at $3.69/lb","Market Basket.jpg","","22"
"5412","Breakfast & Dairy","Bars & Pastries","Breakfast Bars","Nature's Bakery","Nature's Bakery Fig Bar Strawberry","","Nature's Bakery Fig Bar Strawberry","9.36","0.0","Market Basket","12 packs","12 packs","No Image.jpg","","6"
"31769","Condiments & Dressings","Marinades, Ketchup & Sauces","Mustard Sauce","Honeycup ","Honey Cup Uniquely Sharp Mustard ","076132130021","Honey Cup Uniquely Sharp Mustard ","4.38","0.0","Market Basket","8 oz","8 oz","X2156.jpg","","2"
"32690","Cooking Needs","Canned Food","Baked Beans","Manwich ","Manwish Bourbon BBQ Sloppy Joy Sauce","","Manwish Bourbon BBQ Sloppy Joy Sauce","1.24","0.0","Market Basket","16 oz","16 oz","X1855.jpg","","2"
"7892","Cooking Needs","Canned Food","Canned Meat & Seafood","StarKist","Low Sodium Albacore Tuna In Water","","Low Sodium Albacore Tuna In Water","2.49","0.0","Market Basket","2.6 oz","2.6 oz","5203.jpg","","2"
"30958","Chips, Cookies & Snacks","Candy & Chocolates","Candy & Chocolate","Claeys","Horehound Old Fashioned Hard Candies Fat Free Gluten Free Made with Natural Horehound Herb tea","","Horehound Old Fashioned Hard Candies Fat Free Gluten Free Made with Natural Horehound Herb tea","1.24","0.0","Market Basket","6 oz","6 oz","X159.jpg","","3"
"7935","Cooking Needs","Canned Food","Soup, Broth & Bouillon","Campbell's","Campbell's Chunky Soup, Classic Chicken Noodle Soup","","Campbell's Chunky Soup, Classic Chicken Noodle Soup","2.49","0.0","Market Basket","18.6 oz","18.6 oz","5343.jpg","","2"
"32707","Condiments & Dressings","Salad Dressings & Toppings","Dressing","Maple Grove Farms","Maple Grove Farms of Vermont Asiago Garlic Dressing ","","Maple Grove Farms of Vermont Asiago Garlic Dressing ","3.11","0.0","Market Basket","15 fl oz","15 fl oz","X1711.jpg","","2"
"7143","Cooking Needs","Oils & Vinegars","Oils & Vinegars","Mazola","Mazola Canola Cooking Spray Original","","Mazola Canola Cooking Spray Original","2.49","0.0","Market Basket","5 oz","5 oz","15493.jpg","","2"
"7438","Cooking Needs","Canned Food","Canned & Jarred Vegetables","Goya","Goya Black Bean Soup","","Goya Black Bean Soup","1.49","0.0","Market Basket","15 oz","15 oz","5045.jpg","","7"
"3813","Fresh Produce","Fresh Organic Vegetables","Cauliflower","Pacific","Pure Pacific Organic Wrapped Cauliflower","","Pure Pacific Organic Wrapped Cauliflower","3.55","0.0","Market Basket","1 count","1 count","14325.jpg","","20"
"4537","Meat & Seafood","Lunch Meat","Other Meat","Columbus","Columbus Pinot Grigio Wine Salame, Lemon Peel","","Columbus Pinot Grigio Wine Salame, Lemon Peel","6.09","0.0","Market Basket","8 oz","8 oz","No Image.jpg","","22"
"34203","Personal Care","Vitamins & Proteins","Protien Powders","Pure Protein","Pure Protien Rich Chocolate ","749826443256","Pure Protien Rich Chocolate ","13.74","0.0","Market Basket","16 oz","16 oz","X5196.jpg","","3"
"32816","Breakfast & Dairy","Bars & Pastries","Granola Bars","Market Basket","Market Basket Chewy Granola Bars Chocolate Chunk","049705021071","Market Basket Chewy Granola Bars Chocolate Chunk","2.5","0.0","Market Basket","10 oz","10 oz","X3802.jpg","","5"
"35031","Frozen Food","Frozen Pizza","Frozen Pizza","Virtuoso","Virtuoso Four Cheese ","058336180071","Virtuoso Four Cheese ","3.74","0.0","Market Basket","12 oz","12 oz","X4886.jpg","","19"
"15075","Personal Care","Personal Needs","Eye & Ear Care","Q-Tips","Q-Tips Cotton Swabs Anti-bacterial","","Q-Tips Cotton Swabs Anti-bacterial","3.78","1.0","Market Basket","300 count","300 count","6471.jpg","","13"
"34998","Breakfast & Dairy","Breads & Rolls","Bread","Vermont Bread","Vermont Bread Organic Soft White Bread","025911000512","Vermont Bread Organic Soft White Bread","4.99","0.0","Market Basket","24 oz","24 oz","X2444.jpg","","18"
"4178","Meat & Seafood","Packaged Meat & Seafood","Beef","Verde","Verde 93% Lean | 7% Fat Organic Ground Beef","","Verde 93% Lean | 7% Fat Organic Ground Beef","9.79","0.0","Market Basket","16 oz","16 oz","16703.jpg","","22"
"6542","Chips, Cookies & Snacks","Nuts, Seeds & Dried Fruit","Nuts, Seeds & Dried Fruit","Market Basket","Market Basket Pitted Prunes","","Market Basket Pitted Prunes","5.24","0.0","Market Basket","16 oz","16 oz","Market Basket.jpg","","6"
"3663","Fresh Produce","Fresh Fruits","Kiwi","Aj","Aj Trucco Kiwi Basket","","Aj Trucco Kiwi Basket","4.93","0.0","Market Basket","32 oz","32 oz","FP6.jpg","","20"
"4760","Meat & Seafood","Frozen Meat & Seafood","Frozen Shrimp","Cox's","Cox's 70 90 Per Pound Key West Pink Shrimp","","Cox's 70 90 Per Pound Key West Pink Shrimp","8.59","0.0","Market Basket","12 oz","12 oz","No Image.jpg","","22"
"3452","Fresh Produce","Fresh Fruits","Grapes","Market Basket","White Grapes","","White Grapes","5.49","0.0","Market Basket","1 lb","1 lb","f30.jpg","","20"
"289","Kitchen & Cleaning","Food Storage & Kitchen Supplies","Cake Pans","Hefty","Hefty Ez Foil 8 in. x 8 in. x 1.62 in. Cake Pans","","Hefty Ez Foil 8 in. x 8 in. x 1.62 in. Cake Pans","2.49","1.0","Market Basket","3 count","3 count","4462.jpg","","12"
"13747","Breakfast & Dairy","Dairy & Eggs","Packaged Cheese","Market Basket","Market Basket Mozzarella String Cheese","","Market Basket Mozzarella String Cheese","3.09","0.0","Market Basket","10 oz","10 oz","Market Basket.jpg","","1"
"5917","Beverages & Juices","Tea, Coffee, Milk & Coconut Water","Single To-Go Coffee","StarBucks","Starbucks Iced Espresso Caffe Latte","","Starbucks Iced Espresso Caffe Latte","3.36","0.0","Market Basket","14 fl oz","14 fl oz","No Image.jpg","","17"
"32082","Breakfast & Dairy","Bars & Pastries","Breakfast Bars","Kellogg's ","Kellogg's NutriGrain Soft Baked Breakfast Bars Variety Bars","038000129025","Kellogg's NutriGrain Soft Baked Breakfast Bars Variety Bars","3.75","0.0","Market Basket","8 x 1.3 oz","8 x 1.3 oz","X3937.jpg","","5"
"5268","Chips, Cookies & Snacks","Chips & Fruit Snacks","Chips & Pretzels","Good Health","Good Health Veggie Chips Sea Salt","","Good Health Veggie Chips Sea Salt","4.69","0.0","Market Basket","6.25 oz","6.25 oz","No Image.jpg","","0"
"5834","Breakfast & Dairy","Bars & Pastries","Protien Bars","thinkThin","Think Thin High Protein Bars Brownie Crunch","","Think Thin High Protein Bars Brownie Crunch","1.56","0.0","Market Basket","2.1 oz","2.1 oz","15221.jpg","","3"
"8145","Cooking Needs","Canned Food","Soup, Broth & Bouillon","Wolfgang Puck","Wolfgang Puck Organic Free Range Chicken with White & Wild Rice Soup","","Wolfgang Puck Organic Free Range Chicken with White & Wild Rice Soup","3.49","0.0","Market Basket","14.5 oz","14.5 oz","17223.jpg","","2"
"6182","Beverages & Juices","Soft Drinks & Seltzers","Soft Drinks","Pepsi","Pepsi Zero Sugar Box of Cans","","Pepsi Zero Sugar Box of Cans","5.63","0.0","Market Basket","12 x 12 fl oz","12 x 12 fl oz","3931.jpg","","17"
"30312","Pasta & Sauces","Pasta Sauce","Pasta Sauce","Barilla","Barilla Pasta Sauce Roasted Garlic with Rich Pureed Garlic","706010112978","Barilla Pasta Sauce Roasted Garlic with Rich Pureed Garlic","2.5","0.0","Market Basket","24 oz","24 oz","X1486.jpg","","4"
"31334","Cooking Needs","Oils & Vinegars","Oils & Vinegars","Filippo Berio","Fillppo Berio Balsamic Vinegar Of Modena Aceto Balsamic ","","Fillppo Berio Balsamic Vinegar Of Modena Aceto Balsamic ","2.49","0.0","Market Basket","8.4 fl oz","8.4 fl oz","X1780.jpg","","2"
"31714","Beverages & Juices","Tea, Coffee, Milk & Coconut Water","Milk","Hershey's","Hershey's White Milk","034000308033","Hershey's White Milk","3.11","0.0","Market Basket","3 x 8 fl oz","3 x 8 fl oz","X3113.jpg","","10"
"6567","Beverages & Juices","Juices & Refrigerated Drinks","Refrigerated Drinks","Bolthouse Farms","Bolthouse Farms 100% Carrot","","Bolthouse Farms 100% Carrot","4.59","0.0","Market Basket","32 fl oz","32 fl oz","16532.jpg","","20"
"33622","Breakfast & Dairy","Dairy & Eggs","Yogurt","Noosa","Noosa Peach","","Noosa Peach","2.5","0.0","Market Basket","8 oz","8 oz","X670.jpg","","1"
"30426","Beverages & Juices","Juices & Refrigerated Drinks","Juice & Nectars","Biotta","Biotta Beet Juice 100% Juice","898559002114","Biotta Beet Juice 100% Juice","6.86","0.0","Market Basket","16.9 fl oz","16.9 fl oz","X2908.jpg","","10"
"8752","Condiments & Dressings","Preserved Dips & Spreads","Preserved Dips & Salsa","Market Basket","Market Basket Medium Salsa","","Market Basket Medium Salsa","2.49","0.0","Market Basket","24 oz","24 oz","Market Basket.jpg","","1"
"3795","Fresh Produce","Fresh Organic Herbs","Garlic","Market Basket","Whole Peeled Garlic","","Whole Peeled Garlic","5.49","0.0","Market Basket","1 lb","1 lb","No Image.jpg","","20"
"6342","Beverages & Juices","Soft Drinks & Seltzers","Soft Drinks","Polar","Polar Black Cherry Soda Cans","","Polar Black Cherry Soda Cans","4.99","0.0","Market Basket","12 x 12 fl oz","12 x 12 fl oz","No Image.jpg","","11"
"8309","Condiments & Dressings","Fresh Dips & Tapenades","Hommus","Joseph's","Joseph's Hommus Original","","Joseph's Hommus Original","2.49","0.0","Market Basket","8 oz","8 oz","5521.jpg","","1"
"14774","Personal Care","Body Wash, Soap & Hair Care","Hair Care","Pantene","Pantene Pro-V Shampoo","","Pantene Pro-V Shampoo","9.88","1.0","Market Basket","25.4 fl oz","25.4 fl oz","6575.jpg","","13"
"31510","Frozen Food","Frozen Pasta","Frozen Pasta","Giosanmi Rama ","Giosanmi Rama Basil Pesto Frozen Pasta","","Giosanmi Rama Basil Pesto Frozen Pasta","4.99","0.0","Market Basket","7 oz","7 oz","X4664.jpg","","1"
"6513","Chips, Cookies & Snacks","Nuts, Seeds & Dried Fruit","Nuts, Seeds & Dried Fruit","Emerald","Emerald Deluxe Mixed Nuts","","Emerald Deluxe Mixed Nuts","3.49","0.0","Market Basket","5 oz","5 oz","No Image.jpg","","6"
"31276","Breakfast & Dairy","Dairy & Eggs","Yogurt","Fage ","Fage Total 0% Milkfat All Natural Whole Milk 5% Milkfat Greek Strained Yogurt ","","Fage Total 0% Milkfat All Natural Whole Milk 5% Milkfat Greek Strained Yogurt ","3.74","0.0","Market Basket","17.6 oz","17.6 oz","X259.jpg","","1"
"30205","Breakfast & Dairy","Breads & Rolls","Sandwich Thins","Arnold","Arnold Sandwich Thins Honey Wheat","073410955789","Arnold Sandwich Thins Honey Wheat","5.36","0.0","Market Basket","12 oz","12 oz","X2489.jpg","","18"
"3474","Fresh Produce","Fresh Herbs","Basil","Market Basket","Fresh Bunch Basil","","Fresh Bunch Basil","3.84","0.0","Market Basket","1 bunch","1 bunch","f61.jpg","","20"
"15294","Personal Care","Vitamins & Proteins","Protien Drinks","Ensure","Ensure Plus Nutrition Shake Strawberry Ready-to-Drink Bottles","","Ensure Plus Nutrition Shake Strawberry Ready-to-Drink Bottles","12.64","1.0","Market Basket","6 x 8 fl oz","6 x 8 fl oz","6721.jpg","","13"
"32861","Breakfast & Dairy","Breads & Rolls","Bread","Market Basket","Market Basket Texas Toast Bread 0g Trans Fat","049705544273","Market Basket Texas Toast Bread 0g Trans Fat","2.11","0.0","Market Basket","20 oz","20 oz","X2386.jpg","","18"
"33347","Beverages & Juices","Juices & Refrigerated Drinks","Juice & Nectars","Mott's","Mott's Apple Mango 100% Juice No Sugar Added","014800004724","Mott's Apple Mango 100% Juice No Sugar Added","2.5","0.0","Market Basket","64 fl oz","64 fl oz","X2890.jpg","","10"
"32493","Frozen Food","Frozen Dinners & Entrees","Frozen Meal","Lean Cuisine ","Lean Cuisine Panko Chicken Romano","013800922977","Lean Cuisine Panko Chicken Romano","3.61","0.0","Market Basket","12 oz","12 oz","X4209.jpg","","18"
"30466","Breakfast & Dairy","Granola & Oats","Oats","Bob's Red Mill","Bob's Red Mill Organic Old Fashioned Rolled Oats","039978013873","Bob's Red Mill Organic Old Fashioned Rolled Oats","8.74","0.0","Market Basket","32 oz","32 oz","X3651.jpg","","5"
"30698","Meat & Seafood","Packaged Meat & Seafood","Ham","Buddig","Buddig Smoked,Choped, Pressed Ham ","","Buddig Smoked,Choped, Pressed Ham ","0.8","0.0","Market Basket","2 oz","2 oz","X4511.jpg","","1"
"31235","Pasta & Sauces","Pasta Sauce","Pasta Sauce","Emeril's","Emeril's Pasta Sauce Vodka Sauce","074683099477","Emeril's Pasta Sauce Vodka Sauce","3.75","0.0","Market Basket","24 oz","24 oz","X1521.jpg","","4"
"416","Kitchen & Cleaning","Trash Bags & Liners","Large Trash Bags","Glad","Glad Force Flex Large Trash Drawstring Bags Extra Strong","","Glad Force Flex Large Trash Drawstring Bags Extra Strong","15.89","1.0","Market Basket","50 count","50 count","4680.jpg","","12"
"15110","Personal Care","Personal Needs","Facial Care","Olay","Olay Active Hydrating Beauty Moisturizing Lotion","","Olay Active Hydrating Beauty Moisturizing Lotion","12.64","1.0","Market Basket","4 fl oz","4 fl oz","6258.jpg","","13"
"31239","Condiments & Dressings","Marinades, Ketchup & Sauces","Mustard Sauce","Emeril's","Emeril's Smooth Honey Mustard ","074683097008","Emeril's Smooth Honey Mustard ","1.11","0.0","Market Basket","12 oz","12 oz","X2195.jpg","","2"
"14623","Breakfast & Dairy","Tea & Coffee","Tea","Traditional Medicinals","Traditional Medicinals Organic Easy Now Caffeine Free Herbal Tea","","Traditional Medicinals Organic Easy Now Caffeine Free Herbal Tea","4.89","0.0","Market Basket","16 count","16 count","3503.jpg","","8"
"14449","Breakfast & Dairy","Tea & Coffee","Coffee","Newman's Own","Newman's Own Organics. Newman's Special Blend Medium Roast Coffee Extra Bold Coffee K Cup Pods","","Newman's Own Organics. Newman's Special Blend Medium Roast Coffee Extra Bold Coffee K Cup Pods","8.59","0.0","Market Basket","12 count","12 count","16280.jpg","","8"
"13957","Breakfast & Dairy","Dairy & Eggs","Specialty Cheeses","Market Basket","Market Basket Mexican Shredded Cheese","","Market Basket Mexican Shredded Cheese","2.48","0.0","Market Basket","8 oz","8 oz","Market Basket.jpg","","1"
"6670","Beverages & Juices","Juices & Refrigerated Drinks","Refrigerated Drinks","Tropicana ","Tropicana PURE PRIMIUM NO PULP LOW ACID 100% REDUCED ACID ORANGE JUICE WITH CALICIUM & VITAMINS A& C","","Tropicana PURE PRIMIUM NO PULP LOW ACID 100% REDUCED ACID ORANGE JUICE WITH CALICIUM & VITAMINS A& C","4.61","0.0","Market Basket","52 fl oz","52 fl oz","X854.jpg","","1"
"32095","Breakfast & Dairy","Bars & Pastries","Breakfast Bars","Kellogg's ","Kellogg's Special K Protien Snacks Bar Fruit & Salted Nuts","038000167515","Kellogg's Special K Protien Snacks Bar Fruit & Salted Nuts","3.75","0.0","Market Basket","6 x 1.23 oz","6 x 1.23 oz","X3950.jpg","","5"
"31460","Breakfast & Dairy","Cereal","Cereal","General Mills","General Mills Lucky Charms","016000123991","General Mills Lucky Charms","3.75","0.0","Market Basket","10.5 oz","10.5 oz","X3437.jpg","","5"
"32247","Condiments & Dressings","Salad Dressings & Toppings","Salad Dressing & Toppings","Ken's Steak House","Ken's Seak House Simply Vinaigette Olive Oil & Vinegar ","041335363804","Ken's Seak House Simply Vinaigette Olive Oil & Vinegar ","3.49","0.0","Market Basket","16 fl oz","16 fl oz","X415.jpg","","2"
"15248","Personal Care","Personal Needs","Oral Hygiene","Oral-B","Oral-B Pro-Health All-in-One Manual Toothbrush, Medium","","Oral-B Pro-Health All-in-One Manual Toothbrush, Medium","5.28","1.0","Market Basket","1 count","1 count","18146.jpg","","13"
"6200","Beverages & Juices","Soft Drinks & Seltzers","Soft Drinks","7 up","7 Up Lemon Lime Mini","","7 Up Lemon Lime Mini","5.63","0.0","Market Basket","8 x 12 fl oz","8 x 12 fl oz","No Image.jpg","","17"
"5848","Richardson's Farm Ice Cream","Ice Cream Toppings","Ice Cream Toppings","Hershey's","Hershey's Syrup Indulgent Caramel Flavor","","Hershey's Syrup Indulgent Caramel Flavor","2.79","0.0","Market Basket","22 oz","22 oz","1342.jpg","","8"
"31606","Frozen Food","Frozen Produce","Frozen Produce","Goya","Goya Viandas Para Sancocho Tropical Vegetable Mix","041331090537","Goya Viandas Para Sancocho Tropical Vegetable Mix","4.36","0.0","Market Basket","32 oz","32 oz","X4440.jpg","","18"
"424","Kitchen & Cleaning","Trash Bags & Liners","Regular Trash Bags","Febreze","Glad Kitchen Pro Febreze Freshness Kitchen Drawstring Bags","","Glad Kitchen Pro Febreze Freshness Kitchen Drawstring Bags","8.59","1.0","Market Basket","30 count","30 count","4673.jpg","","12"
"34752","Condiments & Dressings","Marinades, Ketchup & Sauces","Sauce","Sushi Chef ","Sushi Chef Mirin Sweetened Sake ","047834060091","Sushi Chef Mirin Sweetened Sake ","4.99","0.0","Market Basket","10 fl oz","10 fl oz","X5363.jpg","","3"
"7333","Cooking Needs","Spices & Seasonings","Spices & Seasonings","McCormick","McCormick Paprika","","McCormick Paprika","3.69","0.0","Market Basket","2.12 oz","2.12 oz","2148.jpg","","9"
"13733","Breakfast & Dairy","Dairy & Eggs","Packaged Cheese","Market Basket","Market Basket Extra Sharp New York Cheddar Block","","Market Basket Extra Sharp New York Cheddar Block","2.49","0.0","Market Basket","8 oz","8 oz","Market Basket.jpg","","1"
"5075","Chips, Cookies & Snacks","Cookies & Crackers","Cookies & Cakes","Market Basket","Market Basket Fudge Mint Cookie Squares","","Market Basket Fudge Mint Cookie Squares","2.34","0.0","Market Basket","9.4 oz","9.4 oz","Market Basket.jpg","","6"
"7991","Cooking Needs","Canned Food","Soup, Broth & Bouillon","College Inn","College Inn Fat Free & Lower Sodium Broth Chicken","","College Inn Fat Free & Lower Sodium Broth Chicken","3.69","0.0","Market Basket","48 oz","48 oz","5390.jpg","","2"
"30674","Condiments & Dressings","Salad Dressings & Toppings","Salad Dressing & Toppings","Briannas ","Briannas Home Style Dijon Honey Mustard Dressing ","","Briannas Home Style Dijon Honey Mustard Dressing ","4.36","0.0","Market Basket","12 fl oz","12 fl oz","X74.jpg","","2"
"31655","Frozen Food","Frozen Dinners & Entrees","Frozen Meal","Healthy Choice","Healthy Choice Mexican-Style Street Corn","072655220119","Healthy Choice Mexican-Style Street Corn","3.13","0.0","Market Basket","9.25 oz","9.25 oz","X4068.jpg","","18"
"31313","Breakfast & Dairy","Bars & Pastries","Protien Bars","Fiber One","Fiber One Protein Bars Chocolate Fudge","016000140868","Fiber One Protein Bars Chocolate Fudge","4.36","0.0","Market Basket","5 x 0.96 oz","5 x 0.96 oz","X3845.jpg","","5"
"6045","Beverages & Juices","Juices & Refrigerated Drinks","Juice & Nectars","Kool-Aid","Kool Aid Grape","","Kool Aid Grape","3.36","0.0","Market Basket","19 oz","19 oz","No Image.jpg","","17"
"342","Kitchen & Cleaning","Food Storage & Kitchen Supplies","Storage Bags","Ziploc","Ziploc Freezer Bags Quart","","Ziploc Freezer Bags Quart","4.89","1.0","Market Basket","19 count","19 count","4405.jpg","","12"
"32937","Cooking Needs","Canned Food","Canned Fruit & Applesauce","Market Basket","Market Basket Original Apple Sauce Made With Orchard Fresh Apples","","Market Basket Original Apple Sauce Made With Orchard Fresh Apples","2.5","0.0","Market Basket","12.7 oz","12.7 oz","X539.jpg","","3"
"4008","Fresh Produce","Fresh Vegetables","Sweet Onion","Market Basket","Sweet Onion","","Sweet Onion","0.99","0.0","Market Basket","1 ct","1 ct","14294.jpg","","20"
"35174","Condiments & Dressings","Marinades, Ketchup & Sauces","Marinades & Meat Preparation","World Harbors ","World Harbors Aulthentic Flavors Island Style Mango Sauce & Marinade ","715364100043","World Harbors Aulthentic Flavors Island Style Mango Sauce & Marinade ","3.13","0.0","Market Basket","16 fl oz","16 fl oz","X2047.jpg","","2"
"7528","Cooking Needs","Canned Food","Canned & Jarred Vegetables","Market Basket","Market Basket Small Early Peas","","Market Basket Small Early Peas","0.79","0.0","Market Basket","8 oz","8 oz","Market Basket.jpg","","9"
"7299","Cooking Needs","Spices & Seasonings","Spices & Seasonings","McCormick","McCormick GourmetÃ¢âÂ¢ Organic Smoked Paprika","","McCormick GourmetÃ¢âÂ¢ Organic Smoked Paprika","4.89","0.0","Market Basket","1.62 oz","1.62 oz","2201.jpg","","9"
"7246","Cooking Needs","Spices & Seasonings","Spices & Seasonings","Market Basket","Mixed Pack of Peppers","","Mixed Pack of Peppers","2.09","0.0","Market Basket","1 lb","1 lb","Market Basket.jpg","","9"
"35003","Breakfast & Dairy","Breads & Rolls","Bread","Vermont Bread","Vermont Bread Soft White Bread","025911300032","Vermont Bread Soft White Bread","3.74","0.0","Market Basket","24 oz","24 oz","X2449.jpg","","18"
"5926","Beverages & Juices","Tea, Coffee, Milk & Coconut Water","Single To-Go Coffee","KITU","KITU Super Coffee Hazelnut","","KITU Super Coffee Hazelnut","3.13","0.0","Market Basket","12 fl oz","12 fl oz","No Image.jpg","","17"
"3488","Fresh Produce","Fresh Organic Fruits","Clementine","Market Basket","Organic Clementines","","Organic Clementines","5.49","0.0","Market Basket","2 lb","2 lb","f80.jpg","","20"
"33794","Cooking Needs","Baking & Cooking","Pizza Sauce","Paesana","Paesana New York's Classic Pizza Sauce","076050170369","Paesana New York's Classic Pizza Sauce","3.74","0.0","Market Basket","8.5 oz","8.5 oz","X1321.jpg","","4"
"35067","Condiments & Dressings","Marinades, Ketchup & Sauces","Marinades & Meat Preparation","Walden Farms ","Walden Farms Original Barbecue Sauce Calorie Free","072457550117","Walden Farms Original Barbecue Sauce Calorie Free","1.88","0.0","Market Basket","18 oz","18 oz","X2094.jpg","","2"
"5073","Chips, Cookies & Snacks","Cookies & Crackers","Cookies & Cakes","Market Basket","Market Basket Duplex Creme Cookies","","Market Basket Duplex Creme Cookies","2.34","0.0","Market Basket","25 oz","25 oz","Market Basket.jpg","","6"
"331","Kitchen & Cleaning","Food Storage & Kitchen Supplies","Storage Bags","Market Basket","Market Basket Resealable Sandwich Bags","","Market Basket Resealable Sandwich Bags","4.89","1.0","Market Basket","200 bag(s)","200 bag(s)","Market Basket.jpg","","12"
"31704","Condiments & Dressings","Marinades, Ketchup & Sauces","Mayonnaise","Hellmann's ","Hellmann's Real Mayonnaise Made With Cage Free Eggs ","048001705920","Hellmann's Real Mayonnaise Made With Cage Free Eggs ","2.49","0.0","Market Basket","5.5 fl oz","5.5 fl oz","X1723.jpg","","2"
"13334","Breakfast & Dairy","Dairy & Eggs","Cream","Coffee-mate","Coffee mate Peppermint Mocha Liquid Coffee Creamer","","Coffee mate Peppermint Mocha Liquid Coffee Creamer","3.69","0.0","Market Basket","32 fl oz","32 fl oz","550.jpg","","1"
"5381","Chips, Cookies & Snacks","Cookies & Crackers","Crackers","Simple Mills","Simple Mills Almond Flour Crackers Rosemary & Sea Salt","","Simple Mills Almond Flour Crackers Rosemary & Sea Salt","6.23","0.0","Market Basket","4.25 oz","4.25 oz","No Image.jpg","","6"
"4340","Meat & Seafood","Meat & Seafood Counter","Salmon","Norwegian","Norwegian Salmon","","Norwegian Salmon","9.19","0.0","Market Basket","1 lb","1 lb","No Image.jpg","","22"
"6512","Chips, Cookies & Snacks","Nuts, Seeds & Dried Fruit","Nuts, Seeds & Dried Fruit","Emerald","Salt & Pepper Cashews","","Salt & Pepper Cashews","3.49","0.0","Market Basket","5 oz","5 oz","No Image.jpg","","6"
"10101","Frozen Food","Ice Cream & Ice","Ice Cream & Ice","Hood","Hood Ice Cream New England Creamery Down East Double Chocolate Brownie","","Hood Ice Cream New England Creamery Down East Double Chocolate Brownie","3.69","0.0","Market Basket","1.5 quart","1.5 quart","3106.jpg","","21"
"6231","Beverages & Juices","Water","Sparkling Water","Aha","Aha Sparkling Water Citrus + Green Tea","","Aha Sparkling Water Citrus + Green Tea","4.18","0.0","Market Basket","8 x 12 fl oz","8 x 12 fl oz","No Image.jpg","","11"
"32537","Meat & Seafood","Packaged Meat & Seafood","Kielbasa","Leidys ","Leidys Cejun Style Kielbasa","","Leidys Cejun Style Kielbasa","3.74","0.0","Market Basket","12 oz","12 oz","X4622.jpg","","1"
"31627","Condiments & Dressings","Marinades, Ketchup & Sauces","Mustard Sauce","Grey Poupon","Grey Poupon Mustard Country Dijon Made With Coarse Ground Mastard ","054400000245","Grey Poupon Mustard Country Dijon Made With Coarse Ground Mastard ","3.74","0.0","Market Basket","10 oz","10 oz","X2166.jpg","","2"
"33384","Frozen Food","Frozen Dinners & Entrees","Frozen Appetizers & Sides","Mrs.T's ","Mrs.T's Pierogies Minis Classic Cheddar","041164008457","Mrs.T's Pierogies Minis Classic Cheddar","3.13","0.0","Market Basket","12.84 oz","12.84 oz","X4302.jpg","","18"
"13332","Breakfast & Dairy","Dairy & Eggs","Cream","Coffee-mate","Coffee mate Hazelnut Liquid Coffee Creamer","","Coffee mate Hazelnut Liquid Coffee Creamer","4.29","0.0","Market Basket","32 fl oz","32 fl oz","555.jpg","","1"
"33270","Condiments & Dressings","Pickled Goods & Olives","Olives","Mezzetta ","Mezzetta Since 1935 Family Co Jalapeno Stuffed Olives Crunchy Jalapenos ","073214006168","Mezzetta Since 1935 Family Co Jalapeno Stuffed Olives Crunchy Jalapenos ","6.86","0.0","Market Basket","20 oz","20 oz","X2239.jpg","","2"
"319","Kitchen & Cleaning","Food Storage & Kitchen Supplies","Storage Bags","Ziploc","Ziploc One Press Seal Extra Small Square","","Ziploc One Press Seal Extra Small Square","3.09","1.0","Market Basket","8 count","8 count","4406.jpg","","12"
"32318","Breakfast & Dairy","Granola & Oats","Granola","Kind ","Kind Raspberry Granola with Chia Seeds ","602652171611","Kind Raspberry Granola with Chia Seeds ","6.24","0.0","Market Basket","11 oz","11 oz","X3765.jpg","","5"
"7562","Cooking Needs","Canned Food","Canned & Jarred Vegetables","Pastene","Pastene Artichoke Hearts Quartered & Marinated","","Pastene Artichoke Hearts Quartered & Marinated","7.99","0.0","Market Basket","12 oz","12 oz","4980.jpg","","9"
"31868","Cooking Needs","Canned Food","Canned Tomatoes","Hunts","Hunts Crushed Tomatoes","027000379097","Hunts Crushed Tomatoes","1.88","0.0","Market Basket","28 oz","28 oz","X1375.jpg","","4"
"363","Kitchen & Cleaning","Food Storage & Kitchen Supplies","Storage Containers","Ziploc","Ziploc Holiday Large Square Green Containers","","Ziploc Holiday Large Square Green Containers","4.89","1.0","Market Basket","2 count","2 count","4403.jpg","","12"
"9487","Frozen Food","Frozen Dinners & Entrees","Frozen Meal","Kid Cuisine","Kid Cuisine Pop Star Popcorn Chicken Meal","","Kid Cuisine Pop Star Popcorn Chicken Meal","2.49","0.0","Market Basket","8.65 oz","8.65 oz","15903.jpg","","18"
"34503","Condiments & Dressings","Salad Dressings & Toppings","Salad Dressing & Toppings","Skinny girl ","Skinny girl Fat Free Sugar Free Dressing Honey Dijon ","074683005935","Skinny girl Fat Free Sugar Free Dressing Honey Dijon ","2.49","0.0","Market Basket","8 fl oz","8 fl oz","X776.jpg","","2"
"33020","Pasta & Sauces","Raw Pasta","Raw Pasta","Market Basket","Market Basket Pasta Radiatore","049795310632","Market Basket Pasta Radiatore","1.25","0.0","Market Basket","16 oz","16 oz","X1675.jpg","","4"
"273","Kitchen & Cleaning","Dish Detergents","Dishwasher Detergent","Finish","Finish All in 1 Powerball Fresh Scent Automatic Dishwasher Detergent","","Finish All in 1 Powerball Fresh Scent Automatic Dishwasher Detergent","7.39","1.0","Market Basket","32 count","32 count","4344.jpg","","15"
"15071","Personal Care","Personal Needs","Eye & Ear Care","Opti-Free","Opti-Free Express Multi-Purpose Disinfecting Solution Everyday Comfort","","Opti-Free Express Multi-Purpose Disinfecting Solution Everyday Comfort","7.69","1.0","Market Basket","4 fl oz","4 fl oz","6476.jpg","","13"
"30142","Pasta & Sauces","Instant Pasta","Instant Pasta","Annie's ","Annies Homegrown Organic All Stars Pasta in Tomato & Cheese Sauce Non BPA","013562300662","Annies Homegrown Organic All Stars Pasta in Tomato & Cheese Sauce Non BPA","3.49","0.0","Market Basket","15 oz","15 oz","X1238.jpg","","4"
"30503","Personal Care","Vitamins & Proteins","Protien Powders","Bob's Red Mill","Bob's Red Mill Vanilla Protien Powder Nutritional Booster ","039978003461","Bob's Red Mill Vanilla Protien Powder Nutritional Booster ","18.74","0.0","Market Basket","16 oz","16 oz","X5192.jpg","","3"
"31420","Beverages & Juices","Energy & Sports Drinks","Energy & Sports Drinks","Gatorade","Gatorade Zero Sugar Thirst Quencher Glacier Cherry","052000042528","Gatorade Zero Sugar Thirst Quencher Glacier Cherry","1.25","0.0","Market Basket","32 fl oz","32 fl oz","X2667.jpg","","10"
"33968","Breakfast & Dairy","Breads & Rolls","Bread","Pepperidge Farm","Pepperidge Farm Farmhouse Sourdough Bread","014100074670","Pepperidge Farm Farmhouse Sourdough Bread","4.99","0.0","Market Basket","24 oz","24 oz","X2535.jpg","","18"
"10568","Cooking Needs","Rice & Grains","Instant Food","Wick Fowler's","Wick Fowler's Texas Style 2 Alarm Chili Kit","","Wick Fowler's Texas Style 2 Alarm Chili Kit","3.09","0.0","Market Basket","3.63 oz","3.63 oz","17425.jpg","","4"
"15103","Personal Care","Personal Needs","Facial Care","Dove","Dove Men+care Face Lotion Hydrate Plus","","Dove Men+care Face Lotion Hydrate Plus","9.88","1.0","Market Basket","1.69 oz","1.69 oz","17685.jpg","","13"
"32418","Pasta & Sauces","Instant Pasta","Instant Pasta","Kraft","Kraft Macaroni & Cheese Original flavor Big Bowl","021000077137","Kraft Macaroni & Cheese Original flavor Big Bowl","2.86","0.0","Market Basket","3.5 oz","3.5 oz","X1204.jpg","","4"
"32235","Condiments & Dressings","Salad Dressings & Toppings","Salad Dressing & Toppings","Ken's Steak House","Ken's Seak House Russian Dressing ","041335000525","Ken's Seak House Russian Dressing ","3.49","0.0","Market Basket","16 fl oz","16 fl oz","X403.jpg","","2"
"31077","Breakfast & Dairy","Dairy & Eggs","Smoothies","Danimals","Danimals Smoothie Strawberry Banana Flavors ","","Danimals Smoothie Strawberry Banana Flavors ","5.86","0.0","Market Basket","3.1 oz","3.1 oz","X180.jpg","","1"
"5385","Chips, Cookies & Snacks","Cookies & Crackers","Crackers","Real Food","Real Food Cauliflower Crackers Nacho Flavor","","Real Food Cauliflower Crackers Nacho Flavor","4.69","0.0","Market Basket","4 oz","4 oz","No Image.jpg","","6"
"7556","Cooking Needs","Canned Food","Canned & Jarred Vegetables","Nellie's","Aunt Nellie's Whole Holland Style Onions","","Aunt Nellie's Whole Holland Style Onions","1.59","0.0","Market Basket","15 oz","15 oz","17115.jpg","","9"
"33461","Breakfast & Dairy","Bars & Pastries","Granola Bars","Nature Valley ","Nature Valley Sweet & Salty nut Chewy Granola Bars Cashew","016000168930","Nature Valley Sweet & Salty nut Chewy Granola Bars Cashew","3.75","0.0","Market Basket","6 x 1.02 oz","6 x 1.02 oz","X3811.jpg","","5"
"6027","Beverages & Juices","Energy & Sports Drinks","Energy & Sports Drinks","Red Bull","Red Bull The Red Edition - Cranberry","","Red Bull The Red Edition - Cranberry","9.36","0.0","Market Basket","4 x 8.4 fl oz","4 x 8.4 fl oz","3740.jpg","","17"
"13317","Breakfast & Dairy","Dairy & Eggs","Cream","Baileys","Baileys Coffee Creamer Irish Cream","","Baileys Coffee Creamer Irish Cream","3.69","0.0","Market Basket","32 fl oz","32 fl oz","578.jpg","","1"
"32070","Condiments & Dressings","Marinades, Ketchup & Sauces","Marinades & Meat Preparation","KC Masterpiece","KC Masterpiece Classic SteakHouse Marinade ","074609054498","KC Masterpiece Classic SteakHouse Marinade ","3.13","0.0","Market Basket","28 oz","28 oz","X2064.jpg","","2"
"9792","Frozen Food","Frozen Produce","Frozen Produce","Birds Eye","Birds Eye Veggie Made Mashed Cauliflower Roasted Garlic","","Birds Eye Veggie Made Mashed Cauliflower Roasted Garlic","3.89","0.0","Market Basket","12 oz","12 oz","2416.jpg","","19"
"34500","Condiments & Dressings","Salad Dressings & Toppings","Salad Dressing & Toppings","Skinny girl ","Skinny girl Fat Free Sugar Free Dressing Balsamic Vinaigrette ","074683005911","Skinny girl Fat Free Sugar Free Dressing Balsamic Vinaigrette ","2.49","0.0","Market Basket","8 fl oz","8 fl oz","X773.jpg","","2"
"34678","Cooking Needs","Baking & Cooking","Stuffing Mix","Stove Top ","Stove Top Stuffing Mix SAVORY HERBS","","Stove Top Stuffing Mix SAVORY HERBS","5.0","0.0","Market Basket","6 oz","6 oz","X809.jpg","","1"
"13681","Breakfast & Dairy","Dairy & Eggs","Packaged Cheese","Galbani","Galbani Cheese Mozzarella Whole Milk","","Galbani Cheese Mozzarella Whole Milk","3.69","0.0","Market Basket","16 oz","16 oz","154.jpg","","1"
"31023","Breakfast & Dairy","Breads & Rolls","Bread","Country Kitchen","Country Kitchen 12 Grain Bread","073402115405","Country Kitchen 12 Grain Bread","3.74","0.0","Market Basket","24 oz","24 oz","X2459.jpg","","18"
"34353","Condiments & Dressings","Pickled Goods & Olives","Pickled Goods & Olives","Reese","Reese Non Pareil Capers Add Some Extra Flavors","070670000013","Reese Non Pareil Capers Add Some Extra Flavors","3.74","0.0","Market Basket","12 oz","12 oz","X2221.jpg","","2"
"34517","Frozen Food","Frozen Dinners & Entrees","Frozen Meal","Smart Ones","Smart Ones Three Cheese Ziti with Meatballs","025800052400","Smart Ones Three Cheese Ziti with Meatballs","2.5","0.0","Market Basket","9 oz","9 oz","X4200.jpg","","18"
"31650","Beverages & Juices","Juices & Refrigerated Drinks","Juice & Nectars","Hawaiian Punch","Hawaiian Punch Lemon Berry Squeeze","014800646665","Hawaiian Punch Lemon Berry Squeeze","2.5","0.0","Market Basket","1 gal","1 gal","X3155.jpg","","10"
"32972","Cooking Needs","Canned Food","Canned Tomatoes","Market Basket","Market Basket select Diced Tomatoes with Raosted Garlic and Onion","049705377003","Market Basket select Diced Tomatoes with Raosted Garlic and Onion","1.66","0.0","Market Basket","14.5 oz","14.5 oz","X1362.jpg","","4"
"30522","Breakfast & Dairy","Granola & Oats","Oats","Bob's Red Mill","Bob's Red Mill Old Fashion Rolled Oats Whole Grain ","039978033758","Bob's Red Mill Old Fashion Rolled Oats Whole Grain ","7.49","0.0","Market Basket","32 oz","32 oz","X5230.jpg","","3"
"35249","Richardson's Farm Ice Cream","Ice Cream","Mint","Richarson's Farm","Richarson's Farm Mint Chocolate Chip Ice Cream 16% Butterfat","","Cool mint ice cream with chocolate chips and mint patties","32.99","0.0","Richardson's Farm","3 Gal. Tub","3 Gal. Tub","RichardsonsFarm.jpg","",""
"32387","Breakfast & Dairy","Breads & Rolls","Rolls","Koffee Kup Bakery","Koffee Kup Bakery Wheat Hoagie Rolls","074016015914","Koffee Kup Bakery Wheat Hoagie Rolls","4.86","0.0","Market Basket","15.7 oz","15.7 oz","X2588.jpg","","18"
"32370","Cooking Needs","Rice & Grains","Rice/Pasta Sides","Knorr","Knorr Italian Sides Garlic and Olive Oil","041000540554","Knorr Italian Sides Garlic and Olive Oil","1.25","0.0","Market Basket","4 oz","4 oz","X1178.jpg","","4"
"14521","Breakfast & Dairy","Tea & Coffee","Tea","Bigelow ","Bigelow Classic Green Tea","","Bigelow Classic Green Tea","4.89","0.0","Market Basket","40 count","40 count","3426.jpg","","8"
"30433","Frozen Food","Frozen Dessert","Frozen Dessert","Blake's","Blake's Gluten- Free Chicken Pot Pie","017873705147","Blake's Gluten- Free Chicken Pot Pie","3.74","0.0","Market Basket","8 oz","8 oz","X4107.jpg","","18"
"32880","Breakfast & Dairy","Breads & Rolls","Rolls","Market Basket","Market Basket 8 Sliced Coney Island Enriched Rolls","049705811177","Market Basket 8 Sliced Coney Island Enriched Rolls","1.61","0.0","Market Basket","11.5 oz","11.5 oz","X2365.jpg","","18"
"13984","Breakfast & Dairy","Dairy & Eggs","Specialty Cheeses","Tropical","Tropical White Cheese Queso Blanco","","Tropical White Cheese Queso Blanco","6.69","0.0","Market Basket","16 oz","16 oz","17301.jpg","","1"
"34071","Breakfast & Dairy","Bars & Pastries","Pastries","Pop Tarts","Pop Tarts Frosted S'mores","038000222795","Pop Tarts Frosted S'mores","2.5","0.0","Market Basket","13.5 oz","13.5 oz","X3503.jpg","","5"
"6402","Beverages & Juices","Water","Sparkling Water","Sparkling ICE","Sparkling ICE Classic Lemonade","","Sparkling ICE Classic Lemonade","1.11","0.0","Market Basket","17 fl oz","17 fl oz","16227.jpg","","11"
"14833","Personal Care","Body Wash, Soap & Hair Care","Soap","Dial","Dial White Deodorant Soap","","Dial White Deodorant Soap","2.86","1.0","Market Basket","3 x 4 oz","3 x 4 oz","6339.jpg","","13"
"7205","Cooking Needs","Spices & Seasonings","Spices & Seasonings","Cavender's","Cavender's Seasoning, Greek, All Purpose","","Cavender's Seasoning, Greek, All Purpose","3.69","0.0","Market Basket","8 oz","8 oz","15656.jpg","","9"
"6557","Chips, Cookies & Snacks","Nuts, Seeds & Dried Fruit","Nuts, Seeds & Dried Fruit","Sunsweet","Sunsweet Mediterranean Apricots","","Sunsweet Mediterranean Apricots","6.86","0.0","Market Basket","16 oz","16 oz","No Image.jpg","","6"
"30011","Breakfast & Dairy","Dairy & Eggs","Yogurt","Activia ","Activia 60 Calories Vanilla Nonfat Yogurt 1.5% Milkfat Vitamin D ","","Activia 60 Calories Vanilla Nonfat Yogurt 1.5% Milkfat Vitamin D ","3.13","0.0","Market Basket","4 x 4 oz","4 x 4 oz","X8.jpg","","1"
"34832","Breakfast & Dairy","Breads & Rolls","Bagels","Thomas","Thomas Bagel Thins Everything","048121135478","Thomas Bagel Thins Everything","5.61","0.0","Market Basket","13 oz","13 oz","X2602.jpg","","18"
"31532","Beverages & Juices","Tea, Coffee, Milk & Coconut Water","Tea","Gold Peak Tea","Gold Peak Tea Raspberry","049000064230","Gold Peak Tea Raspberry","6.24","0.0","Market Basket","6 x 16.9 fl oz","6 x 16.9 fl oz","X2939.jpg","","10"
"5106","Chips, Cookies & Snacks","Cookies & Crackers","Cookies & Cakes","Royal Dansk","Royal Dansk Danish Butter Cookies","","Royal Dansk Danish Butter Cookies","4.69","0.0","Market Basket","12 oz","12 oz","No Image.jpg","","6"
"30451","Breakfast & Dairy","Granola & Oats","Cup Oatmeal","Bob's Red Mill","Bob's Red Mill Gluten Free Oatmeal","039978031848","Bob's Red Mill Gluten Free Oatmeal","2.5","0.0","Market Basket","2.15 oz","2.15 oz","X3619.jpg","","5"
"10226","Frozen Food","Ice Cream & Ice","Ice Cream & Ice","So Delicious","So Delicious Dairy Free Vanilla Bean Coconutmilk Non Dairy Frozen Dessert","","So Delicious Dairy Free Vanilla Bean Coconutmilk Non Dairy Frozen Dessert","5.79","0.0","Market Basket","1 pint","1 pint","16115.jpg","","21"
"6126","Beverages & Juices","Soft Drinks & Seltzers","Soft Drinks","Fanta","Fanta Pineapple Soda","","Fanta Pineapple Soda","1.24","0.0","Market Basket","2 L","2 L","No Image.jpg","","17"
"8035","Cooking Needs","Canned Food","Soup, Broth & Bouillon","Lipton","Lipton Soup And Dip Mix Onion","","Lipton Soup And Dip Mix Onion","2.49","0.0","Market Basket","2 x 1 oz","2 x 1 oz","17195.jpg","","9"
"32515","Frozen Food","Frozen Dinners & Entrees","Frozen Meal","Lean Cuisine ","Lean Cuisine Korean Style Rice & Vegetables","013800524102","Lean Cuisine Korean Style Rice & Vegetables","3.61","0.0","Market Basket","12 oz","12 oz","X4234.jpg","","18"
"9670","Frozen Food","Frozen Dinners & Entrees","Frozen Meal","Yankee Trader Seafood","Yankee Trader Seafood Bacon Wrapped Scallops","","Yankee Trader Seafood Bacon Wrapped Scallops","8.59","0.0","Market Basket","10 count","10 count","15958.jpg","","18"
"6950","Cooking Needs","Baking & Cooking","Doughs, Gelatins & Bake Mixes","Duncan Hines","Duncan Hines Classic Butter Golden Deliciously Moist Cake Mix","","Duncan Hines Classic Butter Golden Deliciously Moist Cake Mix","1.89","0.0","Market Basket","16.5 oz","16.5 oz","2096.jpg","","8"
"32105","Breakfast & Dairy","Cereal","Cereal","Kellogg's ","Kellogg's Special K Chocolate and Almond ","038000200342","Kellogg's Special K Chocolate and Almond ","3.75","0.0","Market Basket","13.3 oz","13.3 oz","X3345.jpg","","5"
"30773","Cooking Needs","Oils & Vinegars","Oils & Vinegars","California Olive Ranch","California Olive Ranch Extra Virgin Olive Oil Everyday Blend Cold Pressed","850687104009","California Olive Ranch Extra Virgin Olive Oil Everyday Blend Cold Pressed","8.74","0.0","Market Basket","25.4 fl oz","25.4 fl oz","X2017.jpg","","2"
"14842","Personal Care","Body Wash, Soap & Hair Care","Soap","Dove","Dove Beauty Bar White","","Dove Beauty Bar White","4.82","1.0","Market Basket","2 x 3.75 oz","2 x 3.75 oz","18142.jpg","","13"
"12931","Breakfast & Dairy","Breads & Rolls","Muffin","Muffin Town","Muffintown 12Pk Mini Muffin Chocolate Chip","","Muffintown 12Pk Mini Muffin Chocolate Chip","3.49","0.0","Market Basket","12 oz","12 oz","No Image.jpg","","18"
"32775","Beverages & Juices","Juices & Refrigerated Drinks","Juice & Nectars","Market Basket","Market Basket Cranberry Apple Juice Cocktail from Concentrate","049705993910","Market Basket Cranberry Apple Juice Cocktail from Concentrate","2.5","0.0","Market Basket","64 fl oz","64 fl oz","X2813.jpg","","10"
"14593","Breakfast & Dairy","Tea & Coffee","Tea","Red Rose","Red Rose Specially Blended Irish Breakfast Black Tea Bags","","Red Rose Specially Blended Irish Breakfast Black Tea Bags","3.69","0.0","Market Basket","3.88 oz","3.88 oz","3533.jpg","","8"
"30449","Breakfast & Dairy","Cereal","Cereal","Bob's Red Mill","Bob's Red Mill Creamy Brown Rice Cereal ","039978116093","Bob's Red Mill Creamy Brown Rice Cereal ","5.99","0.0","Market Basket","26 oz","26 oz","X3660.jpg","","5"
"4136","Meat & Seafood","Meat & Seafood Counter","Chicken Wings","Market Basket","Hot-N-Ready Buffalo Chicken Wings","","Hot-N-Ready Buffalo Chicken Wings","7.39","0.0","Market Basket","1 lb","1 lb","Market Basket.jpg","","22"
"33522","Breakfast & Dairy","Cereal","Cereal","Nature's Path","Nature's Path Orignal Flax Plus Maple Pecan Crunch","058449771432","Nature's Path Orignal Flax Plus Maple Pecan Crunch","4.99","0.0","Market Basket","11.5 oz","11.5 oz","X3694.jpg","","5"
"33976","Breakfast & Dairy","Breads & Rolls","Bread","Pepperidge Farm","Pepperidge Farm White Original Bread","014100071044","Pepperidge Farm White Original Bread","4.74","0.0","Market Basket","16 oz","16 oz","X2543.jpg","","18"
"14516","Breakfast & Dairy","Tea & Coffee","Tea","Bigelow ","Bigelow Black Tea Spiced Chai","","Bigelow Black Tea Spiced Chai","2.49","0.0","Market Basket","20 x 1.73 oz","20 x 1.73 oz","3416.jpg","","8"
"8098","Cooking Needs","Canned Food","Soup, Broth & Bouillon","Progresso","Progresso Chicken Unsalted Broth","","Progresso Chicken Unsalted Broth","2.79","0.0","Market Basket","32 oz","32 oz","5293.jpg","","2"
"6947","Cooking Needs","Baking & Cooking","Doughs, Gelatins & Bake Mixes","Bob's Red Mill","Bob's Red Mill Organic Coconut Sugar","","Bob's Red Mill Organic Coconut Sugar","5.49","0.0","Market Basket","16 oz","16 oz","15615.jpg","","8"
"14394","Breakfast & Dairy","Tea & Coffee","Coffee","Green Mountain","Green Mountain Coffee K Cup Pods Colombia Select","","Green Mountain Coffee K Cup Pods Colombia Select","8.59","0.0","Market Basket","12 count","12 count","3350.jpg","","8"
"30478","Breakfast & Dairy","Granola & Oats","Oats","Bob's Red Mill","Bob's Red Mill High Fiber Oat Bran Hot Cereal","039978041432","Bob's Red Mill High Fiber Oat Bran Hot Cereal","4.11","0.0","Market Basket","18 oz","18 oz","X3673.jpg","","5"
"31806","Meat & Seafood","Canned Meat & Seafood","Chicken","Hormel ","Hormel Chicken Breast In Water With Rib Meat ","","Hormel Chicken Breast In Water With Rib Meat ","3.13","0.0","Market Basket","10 oz","10 oz","X1870.jpg","","2"
"6370","Beverages & Juices","Water","Tonic Water","Polar","Polar Tonic Water Diet Lime","","Polar Tonic Water Diet Lime","1.49","0.0","Market Basket","1 L","1 L","3204.jpg","","11"
"5600","Chips, Cookies & Snacks","Candy & Chocolates","Candy & Chocolate","Twizzlers","Twizzlers Licorice Twists","","Twizzlers Licorice Twists","2.49","0.0","Market Basket","16 oz","16 oz","14955.jpg","","3"
"35290","Richardson's Farm Ice Cream","Ice Cream","Mint","Richarson's Farm","Richarson's Farm Green Mosnter Ice Cream 16% Butterfat","","Mint ice cream with Oreos and a fudge swirl","32.99","0.0","Richardson's Farm","3 Gal. Tub","3 Gal. Tub","RichardsonsFarm.jpg","",""
"8737","Condiments & Dressings","Preserved Dips & Spreads","Preserved Dips & Salsa","Green Mountain","Green Mountain Salsa Hot","","Green Mountain Salsa Hot","3.69","0.0","Market Basket","16 oz","16 oz","2015.jpg","","1"
"6142","Beverages & Juices","Soft Drinks & Seltzers","Soft Drinks","Market Basket","Market Basket Diet Soda","","Market Basket Diet Soda","0.63","0.0","Market Basket","20 fl oz","20 fl oz","Market Basket.jpg","","17"
"6775","Cooking Needs","Baking & Cooking","Baking Ingredients","Armour","Armour Lard","","Armour Lard","2.09","0.0","Market Basket","16 oz","16 oz","15730.jpg","","8"
"34981","Beverages & Juices","Juices & Refrigerated Drinks","Juice & Nectars","V8","V8 Energy Pineapple Passion fruit","051000228949","V8 Energy Pineapple Passion fruit","3.74","0.0","Market Basket","14 fl oz","14 fl oz","X3137.jpg","","10"
"3933","Fresh Produce","Fresh Vegetables","Pepper","Market Basket","Scotch Bonnet Peppers","","Scotch Bonnet Peppers","6.99","0.0","Market Basket","0.5 lb","0.5 lb","FP84.jpg","","20"
"6048","Beverages & Juices","Juices & Refrigerated Drinks","Juice & Nectars","Kool-Aid","Kool Aid Tropical Punch","","Kool Aid Tropical Punch","3.36","0.0","Market Basket","19 oz","19 oz","No Image.jpg","","17"
"13440","Breakfast & Dairy","Dairy & Eggs","Eggs","Nellie's","Nellie's Free Range Extra Large Grade A Eggs","","Nellie's Free Range Extra Large Grade A Eggs","4.89","0.0","Market Basket","12 count","12 count","614.jpg","","1"
"32074","Richardson's Farm Ice Cream","Cups, Cones & Bowls","Cones","Keebler","Keebler Fudge-Dipped Cones ","030100120964","Keebler Fudge-Dipped Cones ","3.13","0.0","Market Basket","3.25 oz","3.25 oz","X5110.jpg","","20"
"6450","Chips, Cookies & Snacks","Jerkies","Jerky","Bridgford","Bridgford Original Beef Jerky","","Bridgford Original Beef Jerky","6.24","0.0","Market Basket","3.25 oz","3.25 oz","No Image.jpg","","6"
"13343","Breakfast & Dairy","Dairy & Eggs","Cream","Reddi Wip","Reddi Wip Extra Creamy Whipped Topping","","Reddi Wip Extra Creamy Whipped Topping","2.49","0.0","Market Basket","6.5 oz","6.5 oz","14751.jpg","","1"
"6467","Chips, Cookies & Snacks","Nuts, Seeds & Dried Fruit","Nuts, Seeds & Dried Fruit","P3 - Portable Protein Pack","P3 Chipotle Peanuts, Sunflower Kernels, Original Beef Jerky","","P3 Chipotle Peanuts, Sunflower Kernels, Original Beef Jerky","6.24","0.0","Market Basket","5.4 oz","5.4 oz","No Image.jpg","","6"
"31212","Meat & Seafood","Packaged Meat & Seafood","Kielbasa","Eckrich","Eckrich Polska Kielbasa ","","Eckrich Polska Kielbasa ","3.74","0.0","Market Basket","13 oz","13 oz","X4606.jpg","","1"
"33324","Condiments & Dressings","Marinades, Ketchup & Sauces","Mayonnaise","Miracle Whip ","Miracle Whip Estd 1933 Gold Standard ","","Miracle Whip Estd 1933 Gold Standard ","4.99","0.0","Market Basket","30 fl oz","30 fl oz","X1739.jpg","","2"
"32354","Cooking Needs","Rice & Grains","Rice/Pasta Sides","Knorr","Knorr Rice Sides Rice Pilaf","041000022647","Knorr Rice Sides Rice Pilaf","1.25","0.0","Market Basket","5.3 oz","5.3 oz","X1162.jpg","","4"
"3441","Fresh Produce","Fresh Fruits","Blackberries","Market Basket","Tasty Sweet Balckberries","","Tasty Sweet Balckberries","5.49","0.0","Market Basket","2 box","2 box","f18.jpg","","20"
"4665","Meat & Seafood","Canned Meat & Seafood","Canned Sausage","Goya","Goya Sausage Vienna","","Goya Sausage Vienna","1.09","0.0","Market Basket","4.6 oz","4.6 oz","5227.jpg","","2"
"7227","Cooking Needs","Spices & Seasonings","Spices & Seasonings","Goya","Goya Sazon Con Azafran Seasoning","","Goya Sazon Con Azafran Seasoning","3.09","0.0","Market Basket","3.52 oz","3.52 oz","2244.jpg","","9"
"4993","Chips, Cookies & Snacks","Chips & Fruit Snacks","Chips & Pretzels","Utz","Utz Potato Chips Original Big Bag","","Utz Potato Chips Original Big Bag","4.69","0.0","Market Basket","14.5 oz","14.5 oz","855.jpg","","0"
"8335","Condiments & Dressings","Fresh Dips & Tapenades","Fresh Dips & Tapenades","Sabra","Sabra Hummus Classic","","Sabra Hummus Classic","3.69","0.0","Market Basket","10 oz","10 oz","5544.jpg","","1"
"6294","Beverages & Juices","Water","Water","Poland Spring","Poland Spring Brand 100% Natural Spring Water","","Poland Spring Brand 100% Natural Spring Water","4.99","0.0","Market Basket","24 x 500 ml","24 x 500 ml","No Image.jpg","","11"
"31249","Breakfast & Dairy","Bars & Pastries","Chewy Bars","Enjoy Life","Enjoy Life Soft Baked Chewy Bars Caramel Apple","853522000405","Enjoy Life Soft Baked Chewy Bars Caramel Apple","4.99","0.0","Market Basket","5 x 1.15 oz","5 x 1.15 oz","X3917.jpg","","5"
"482","Laundry & Paper Goods","Laundry","Laundry Detergent","Purex Liquid Detergents","Purex Detergent Odor Release 85 Loads","","Purex Detergent Odor Release 85 Loads","9.99","1.0","Market Basket","128 fl oz","128 fl oz","No Image.jpg","","15"
"5456","Chips, Cookies & Snacks","Candy & Chocolates","Candy & Chocolate","Hershey's","Hershey's Kisses Milk Chocolate","","Hershey's Kisses Milk Chocolate","13.49","0.0","Market Basket","36 oz","36 oz","1000.jpg","","3"
"31265","Breakfast & Dairy","Dairy & Eggs","Yogurt","Fage","Fage Total All Natural Nonfat Greek Strained Yogurt 0% MilkFat ","","Fage Total All Natural Nonfat Greek Strained Yogurt 0% MilkFat ","1.25","0.0","Market Basket","6 oz","6 oz","X248.jpg","","1"
"34612","Condiments & Dressings","Preserved Dips & Spreads","Spreads","St. Dalfour ","St. Dalfour France Wild BlueBerry Fruit Spread","","St. Dalfour France Wild BlueBerry Fruit Spread","4.99","0.0","Market Basket","10 oz","10 oz","X788.jpg","","3"
"14744","Personal Care","Body Wash, Soap & Hair Care","Hair Care","Head & Shoulders","Head & Shoulders Refresh Head and Shoulders Men Refresh 2-in-1 Anti-Dandruff Shampoo + Conditioner For Men 13.5 Oz","","Head & Shoulders Refresh Head and Shoulders Men Refresh 2-in-1 Anti-Dandruff Shampoo + Conditioner For Men 13.5 Oz","6.31","1.0","Market Basket","13.5 fl oz","13.5 fl oz","6583.jpg","","13"
"7437","Cooking Needs","Canned Food","Canned & Jarred Vegetables","Goya","Goya Artichoke Hearts Quartered & Marinated","","Goya Artichoke Hearts Quartered & Marinated","2.09","0.0","Market Basket","6 oz","6 oz","5056.jpg","","9"
"33318","Beverages & Juices","Juices & Refrigerated Drinks","Juice & Nectars","Minute Maid","Minute Maid Lemonade ","025000101526","Minute Maid Lemonade ","3.49","0.0","Market Basket","8 x 6 fl oz","8 x 6 fl oz","X3067.jpg","","10"
"6596","Beverages & Juices","Juices & Refrigerated Drinks","Refrigerated Drinks","GT's","GT's Enlightened Organic Raw Kombucha, Multi Green","","GT's Enlightened Organic Raw Kombucha, Multi Green","4.29","0.0","Market Basket","16 fl oz","16 fl oz","16547.jpg","","20"
"5429","Chips, Cookies & Snacks","Candy & Chocolates","Candy & Chocolate","Cadbury","Cadbury Dairy Milk Chocolate Bar","","Cadbury Dairy Milk Chocolate Bar","1.89","0.0","Market Basket","3.5 oz","3.5 oz","1051.jpg","","3"
"13594","Breakfast & Dairy","Dairy & Eggs","Other Creams & Cheeses","Market Basket","Market Basket Part Skim Ricotta","","Market Basket Part Skim Ricotta","2.39","0.0","Market Basket","15 oz","15 oz","Market Basket.jpg","","1"
"177","Kitchen & Cleaning","Cleaning Products","Other Cleaning Products","Scotch-Gard","Scotch-Gard Fabric & Upholstery Protector","","Scotch-Gard Fabric & Upholstery Protector","8.59","1.0","Market Basket","10 fl oz","10 fl oz","16759.jpg","","15"
"34857","Frozen Food","Frozen Pizza","Frozen Pizza","Three Bakers","Three Bakers Uncured Mild Pepperoni ","817350010173","Three Bakers Uncured Mild Pepperoni ","6.24","0.0","Market Basket","9 oz","9 oz","X4873.jpg","","19"
"15229","Personal Care","Personal Needs","Oral Hygiene","Market Basket","Market Basket Hi Tech Floss Mint Waxed","","Market Basket Hi Tech Floss Mint Waxed","2.17","1.0","Market Basket","50 meters","50 meters","Market Basket.jpg","","13"
"33309","Cooking Needs","Rice & Grains","Instant Rice","Minute Rice","Minute Organic Brown Rice Fragrant & Fluffy","017400140694","Minute Organic Brown Rice Fragrant & Fluffy","2.5","0.0","Market Basket","8.8 oz","8.8 oz","X1004.jpg","","4"
"30458","Breakfast & Dairy","Granola & Oats","Granola","Bob's Red Mill","Bob's Red Mill Classic Granola","039978026620","Bob's Red Mill Classic Granola","4.36","0.0","Market Basket","12 oz","12 oz","X3736.jpg","","5"
"31300","Frozen Food","Frozen Dinners & Entrees","Frozen Appetizers & Sides","Feel Good Foods","Feel Good Foods Vegetable Potstickers","899039002013","Feel Good Foods Vegetable Potstickers","5.49","0.0","Market Basket","10 oz","10 oz","X4807.jpg","","19"
"13502","Breakfast & Dairy","Dairy & Eggs","Milk","Market Basket","Market Basket Organic Lowfat Milk","","Market Basket Organic Lowfat Milk","4.29","0.0","Market Basket","64 fl oz","64 fl oz","Market Basket.jpg","","1"
"14433","Breakfast & Dairy","Tea & Coffee","Coffee","Nescafe","Nescafe Taster's Choice Decaf House Blend Instant Coffee","","Nescafe Taster's Choice Decaf House Blend Instant Coffee","3.69","0.0","Market Basket","20 x 0.07 oz","20 x 0.07 oz","3402.jpg","","8"
"7696","Cooking Needs","Canned Food","Canned Meals & Beans","Bush's Best","Bush's Best Black Beans","","Bush's Best Black Beans","1.29","0.0","Market Basket","15 oz","15 oz","5132.jpg","","9"
"6379","Beverages & Juices","Water","Sparkling Water","Polar","Polar Vanilla Sparkling Water","","Polar Vanilla Sparkling Water","1.24","0.0","Market Basket","1 L","1 L","No Image.jpg","","11"
"6322","Beverages & Juices","Soft Drinks & Seltzers","Seltzer","Polar","Polar Seltzer Yeti Mischief","","Polar Seltzer Yeti Mischief","3.74","0.0","Market Basket","6 x 8 fl oz","6 x 8 fl oz","No Image.jpg","","11"
"6481","Chips, Cookies & Snacks","Nuts, Seeds & Dried Fruit","Nuts, Seeds & Dried Fruit","River Queen","River Queen Unsalted Peanuts","","River Queen Unsalted Peanuts","2.5","0.0","Market Basket","13 oz","13 oz","No Image.jpg","","6"
"9158","Frozen Food","Frozen Dinners & Entrees","Frozen Appetizers & Sides","McCain","McCain Mini Potato Hash Browns","","McCain Mini Potato Hash Browns","3.09","0.0","Market Basket","20 oz","20 oz","2579.jpg","","19"
"32178","Frozen Food","Frozen Breakfast","Frozen Waffles","Kellogg's ","Kellogg's Eggo Homestyle ","038000711978","Kellogg's Eggo Homestyle ","9.61","0.0","Market Basket","49.3 oz","49.3 oz","X5045.jpg","","19"
"31862","Cooking Needs","Canned Food","Canned Tomatoes","Hunts","Hunts Tomato Puree","027000389690","Hunts Tomato Puree","1.88","0.0","Market Basket","29 oz","29 oz","X1369.jpg","","4"
"34365","Chips, Cookies & Snacks","Candy & Chocolates","Candy & Chocolate","Reese's","Reese's Peanut Butter Cups Milk Chocolate 8 Snack Size ","","Reese's Peanut Butter Cups Milk Chocolate 8 Snack Size ","1.88","0.0","Market Basket","8.55 oz","8.55 oz","X743.jpg","","3"
"7844","Cooking Needs","Canned Food","Canned Meat & Seafood","Genova","Genova Yellowfin Tuna in Extra Virgin Olive Oil with Sea Salt","","Genova Yellowfin Tuna in Extra Virgin Olive Oil with Sea Salt","2.49","0.0","Market Basket","5 oz","5 oz","5240.jpg","","2"
"4969","Chips, Cookies & Snacks","Chips & Fruit Snacks","Chips & Pretzels","Tostitos","Tostitos Cantina Thin & Crispy Tortilla Chips","","Tostitos Cantina Thin & Crispy Tortilla Chips","5.14","0.0","Market Basket","9 oz","9 oz","971.jpg","","0"
"8315","Condiments & Dressings","Fresh Dips & Tapenades","Fresh Dips & Tapenades","Joseph's","Joseph's Tzatziki Yogurt Dip Cucumber & Garlic","","Joseph's Tzatziki Yogurt Dip Cucumber & Garlic","3.69","0.0","Market Basket","12 oz","12 oz","5524.jpg","","1"
"504","Laundry & Paper Goods","Laundry","Laundry Detergent","Tide","Tide Plus Downy Pods Laundry Detergent","","Tide Plus Downy Pods Laundry Detergent","16.24","1.0","Market Basket","32 x 30 oz","32 x 30 oz","No Image.jpg","","15"
"5404","Chips, Cookies & Snacks","Cookies & Crackers","Crackers","Back to Nature","Back to Nature Organic Rosemary & Olive Oil Stoneground Wheat Cracker","","Back to Nature Organic Rosemary & Olive Oil Stoneground Wheat Cracker","6.23","0.0","Market Basket","6 oz","6 oz","No Image.jpg","","6"
"31144","Frozen Food","Frozen Pizza","Frozen Pizza","DeIORIO'S","DeIORIO'S 9 Slice Pizza ","074542075093","DeIORIO'S 9 Slice Pizza ","4.86","0.0","Market Basket","24 oz","24 oz","X4849.jpg","","19"
"14957","Personal Care","First Aid & Healthcare","First Aid","Cortizone-10","Cortizone-10 Intensive Healing Formula Maximum Strength Anti-Itch Creme","","Cortizone-10 Intensive Healing Formula Maximum Strength Anti-Itch Creme","8.15","1.0","Market Basket","1 oz","1 oz","6533.jpg","","13"
"34317","Cooking Needs","Baking & Cooking","Pizza Sauce","Rao's","Rao's Pizza","747479061001","Rao's Pizza","6.24","0.0","Market Basket","13 oz","13 oz","X1328.jpg","","4"
"35093","Condiments & Dressings","Preserved Dips & Spreads","Spreads","Welch's","Welch's Explore Your Wild Side Welch's FAMILY FARMER OWNED Mountain Berry Beverage","","Welch's Explore Your Wild Side Welch's FAMILY FARMER OWNED Mountain Berry Beverage","2.5","0.0","Market Basket","59 fl oz","59 fl oz","X895.jpg","","3"
"5696","Breakfast & Dairy","Bars & Pastries","Protien Bars","Amrita","Amrita Dark Chocolate Crunch Protein Bars","","Amrita Dark Chocolate Crunch Protein Bars","1.89","0.0","Market Basket","2.12 oz","2.12 oz","No Image.jpg","","3"
"10057","Frozen Food","Ice Cream & Ice","Ice Cream & Ice","Funpops","Funpops Assorted Freeze Pops","","Funpops Assorted Freeze Pops","3.09","0.0","Market Basket","2.5 fl oz","2.5 fl oz","16142.jpg","","17"
"32796","Chips, Cookies & Snacks","Candy & Chocolates","Candy & Chocolate","Market Basket","Market Basket Red Fish","","Market Basket Red Fish","1.24","0.0","Market Basket","5 oz","5 oz","X512.jpg","","3"
"14690","Personal Care","Body Wash, Soap & Hair Care","Body Wash","Dove","Dove Men+care Body Wash Extra Fresh","","Dove Men+care Body Wash Extra Fresh","7.0","1.0","Market Basket","13.5 oz","13.5 oz","17736.jpg","","13"
"5089","Chips, Cookies & Snacks","Cookies & Crackers","Cookies & Cakes","Mi-Del","Mi Del Lemon Snaps","","Mi Del Lemon Snaps","5.47","0.0","Market Basket","10 oz","10 oz","No Image.jpg","","6"
"3487","Fresh Produce","Fresh Organic Fruits","Blueberries","Market Basket","Organic Blueberries","","Organic Blueberries","5.49","0.0","Market Basket","6 oz","6 oz","f79.jpg","","20"
"32038","Breakfast & Dairy","Cereal","Cereal","Kashi","Kashi Go Play Honey Almond Flax Crunch","018627703396","Kashi Go Play Honey Almond Flax Crunch","3.75","0.0","Market Basket","14 oz","14 oz","X3712.jpg","","5"
"4964","Chips, Cookies & Snacks","Chips & Fruit Snacks","Chips & Pretzels","Terra Chips","Terra Real Vegetable Chips Original Sea Salt","","Terra Real Vegetable Chips Original Sea Salt","9.36","0.0","Market Basket","6.8 oz","6.8 oz","14869.jpg","","0"
"4247","Meat & Seafood","Packaged Meat & Seafood","Lobsters","Market Basket","Steamed Lobsters","","Steamed Lobsters","8.59","0.0","Market Basket","1 lb","1 lb","Market Basket.jpg","","22"
"13607","Breakfast & Dairy","Dairy & Eggs","Other Creams & Cheeses","Sargento","Sargento Balanced Breaks, Natural Sharp White Cheddar Cheese, Sea Salted Cashews and Golden Raisin Medley","","Sargento Balanced Breaks, Natural Sharp White Cheddar Cheese, Sea Salted Cashews and Golden Raisin Medley","4.29","0.0","Market Basket","1.5 oz","1.5 oz","705.jpg","","1"
"31756","Frozen Food","Frozen Pizza","Frozen Pizza","Home Run Inn","Home Run Inn Uncured Sausage Supreme ","031205055007","Home Run Inn Uncured Sausage Supreme ","7.49","0.0","Market Basket","33 oz","33 oz","X4929.jpg","","19"
"14926","Personal Care","First Aid & Healthcare","Cold, Flu & Allergy","Equate","Equate Daytime Cold & Flu","","Equate Daytime Cold & Flu","3.55","1.0","Market Basket","1 pack","1 pack","No Image.jpg","","13"
"31161","Cooking Needs","Oils & Vinegars","Oils & Vinegars","Destination ","Destination Series California Olive Ranch Extra Virgin Olive Oil Mild Blend Cold Pressed","850687100223","Destination Series California Olive Ranch Extra Virgin Olive Oil Mild Blend Cold Pressed","6.24","0.0","Market Basket","16.9 fl oz","16.9 fl oz","X2013.jpg","","2"
"34361","Meat & Seafood","Canned Meat & Seafood","Oyster","Reese","Reese Medium Smoken Oysters ","","Reese Medium Smoken Oysters ","2.36","0.0","Market Basket","3.7 oz","3.7 oz","X1910.jpg","","2"
"10012","Frozen Food","Ice Cream & Ice","Ice Cream & Ice","Edy's/dreyer's","Edy's/Dreyer's Ice Cream Chocolate","","Edy's/Dreyer's Ice Cream Chocolate","3.69","0.0","Market Basket","1.5 quart","1.5 quart","3014.jpg","","21"
"6346","Beverages & Juices","Soft Drinks & Seltzers","Soft Drinks","Polar","Polar Diet Pomegranate Dry Soda","","Polar Diet Pomegranate Dry Soda","1.74","0.0","Market Basket","2 L","2 L","No Image.jpg","","11"
"30800","Frozen Food","Frozen Pizza","Frozen Pizza","Cape Code Cafe ","Cape Code Cafe Pizza","0677636000003","Cape Code Cafe Pizza","7.49","0.0","Market Basket","16 oz","16 oz","X4894.jpg","","19"
"6898","Cooking Needs","Baking & Cooking","Baking Ingredients","Oreo","Nabisco Oreo Pie Crust","","Nabisco Oreo Pie Crust","2.49","0.0","Market Basket","6 oz","6 oz","15709.jpg","","8"
"14422","Breakfast & Dairy","Tea & Coffee","Coffee","Maxwell House","Maxwell House Original Roast Ground Coffee","","Maxwell House Original Roast Ground Coffee","3.69","0.0","Market Basket","11.5 oz","11.5 oz","3386.jpg","","8"
"14808","Personal Care","Body Wash, Soap & Hair Care","Hair Care","TRESemme","TRESemme Shampoo Keratin Smooth","","TRESemme Shampoo Keratin Smooth","8.5","1.0","Market Basket","22 oz","22 oz","18163.jpg","","13"
"392","Laundry & Paper Goods","Laundry","Laundry Detergent","Gain","Gain Aroma Boost Liquid Laundry Detergent, Original","","Gain Aroma Boost Liquid Laundry Detergent, Original","7.49","1.0","Market Basket","50 fl oz","50 fl oz","4586.jpg","","15"
"4961","Chips, Cookies & Snacks","Chips & Fruit Snacks","Chips & Pretzels","Sun Chips","Sun Chips 100% Whole Grain Original","","Sun Chips 100% Whole Grain Original","5.14","0.0","Market Basket","7 oz","7 oz","No Image.jpg","","0"
"10157","Frozen Food","Ice Cream & Ice","Ice Cream & Ice","Market Basket","Market Basket Chocolate Ice Cream","","Market Basket Chocolate Ice Cream","3.49","0.0","Market Basket","1.5 quart","1.5 quart","Market Basket.jpg","","21"
"35334","Richardson's Farm Ice Cream","Frozen Yogurt","Chocolate","Richarson's Farm","Richarson's Farm Chocolate Almond Frozen Yogurt 95% Fat Free","","Chocolate yogurt with almonds","29.99","0.0","Richardson's Farm","3 Gal. Tub","3 Gal. Tub","RichardsonsFarm.jpg","",""
"7464","Cooking Needs","Canned Food","Canned & Jarred Vegetables","Green Giant","Green Giant Vacuum Packed Crisp Niblets","","Green Giant Vacuum Packed Crisp Niblets","0.99","0.0","Market Basket","7 oz","7 oz","5085.jpg","","9"
"14719","Personal Care","Body Wash, Soap & Hair Care","Hair Care","Alberto","Alberto VO5 Normal with Biotin Daily Shampoo","","Alberto VO5 Normal with Biotin Daily Shampoo","1.48","1.0","Market Basket","12.5 fl oz","12.5 fl oz","17822.jpg","","13"
"7345","Cooking Needs","Spices & Seasonings","Spices & Seasonings","McCormick","McCormick Pure Orange Extract","","McCormick Pure Orange Extract","3.69","0.0","Market Basket","1 fl oz","1 fl oz","2170.jpg","","9"
"30310","Pasta & Sauces","Pasta Sauce","Pasta Sauce","Barilla","Barilla Pasta Sauce Tomato and Basil with Fragrant Chopped Basil","706010112961","Barilla Pasta Sauce Tomato and Basil with Fragrant Chopped Basil","2.5","0.0","Market Basket","24 oz","24 oz","X1484.jpg","","4"
"31998","Beverages & Juices","Juices & Refrigerated Drinks","Juice & Nectars","Juicy Juice","Juicy Juice Apple","88949784433","Juicy Juice Apple","2.5","0.0","Market Basket","8 x 4.23 fl oz","8 x 4.23 fl oz","X3084.jpg","","10"
"34097","Breakfast & Dairy","Cereal","Cereal","Post","Post Cocoa Pebbles Large Size ","884912129659","Post Cocoa Pebbles Large Size ","3.75","0.0","Market Basket","15 oz","15 oz","X3322.jpg","","5"
"3809","Fresh Produce","Fresh Organic Vegetables","Bell Pepper","Market Basket","Organic Yellow Bell Pepper","","Organic Yellow Bell Pepper","3.51","0.0","Market Basket","1 count","1 count","14345.jpg","","20"
"34952","Chips, Cookies & Snacks","Candy & Chocolates","Candy & Chocolate","Unreal","Unreal Dark Chocolate Peanut Butter cups","","Unreal Dark Chocolate Peanut Butter cups","4.99","0.0","Market Basket","4.2 oz","4.2 oz","X881.jpg","","3"
"34953","Chips, Cookies & Snacks","Candy & Chocolates","Candy & Chocolate","Unreal","Unreal Dark Chocolate Covered peanuts ","","Unreal Dark Chocolate Covered peanuts ","4.99","0.0","Market Basket","5 oz","5 oz","X882.jpg","","3"
"5326","Chips, Cookies & Snacks","Cookies & Crackers","Crackers","Nabisco","Nabisco Teddy Grahams Chocolate Graham Snacks","","Nabisco Teddy Grahams Chocolate Graham Snacks","4.69","0.0","Market Basket","10 oz","10 oz","No Image.jpg","","6"
"35320","Richardson's Farm Ice Cream","Ice Cream","Coffee","Richarson's Farm","Richarson's Farm Coffee Ice Cream Low Fat No Sugar Added 95% Fat Free","","95% Fat Free Made with Coffee","33.99","0.0","Richardson's Farm","3 Gal. Tub","3 Gal. Tub","RichardsonsFarm.jpg","",""
"5066","Chips, Cookies & Snacks","Cookies & Crackers","Cookies & Cakes","Lu","Lu Milk Chocolate Biscuits","","Lu Milk Chocolate Biscuits","4.69","0.0","Market Basket","5.29 oz","5.29 oz","15003.jpg","","6"
"14793","Personal Care","Body Wash, Soap & Hair Care","Hair Care","Suave","Suave Shampoo Daily Clarifying","","Suave Shampoo Daily Clarifying","2.86","1.0","Market Basket","30 oz","30 oz","18167.jpg","","13"
"35083","Beverages & Juices","Juices & Refrigerated Drinks","Juice & Nectars","Welch's","Welch's Apple Juice","041800236008","Welch's Apple Juice","1.74","0.0","Market Basket","16 fl oz","16 fl oz","X3146.jpg","","10"
"292","Kitchen & Cleaning","Food Storage & Kitchen Supplies","Cake Pans","Reynolds","Reynolds Bakeware 12 3/4 x 9 x 1 27/32"" EZ Occasions with Covers Cake Pans","","Reynolds Bakeware 12 3/4 x 9 x 1 27/32"" EZ Occasions with Covers Cake Pans","4.89","1.0","Market Basket","2 count","2 count","4482.jpg","","12"
"14703","Personal Care","Body Wash, Soap & Hair Care","Body Wash","Market Basket","Market Basket Sweet Pea Body Wash Enriched With Papaya & Aloe","","Market Basket Sweet Pea Body Wash Enriched With Papaya & Aloe","3.21","1.0","Market Basket","20 fl oz","20 fl oz","Market Basket.jpg","","13"
"8112","Cooking Needs","Canned Food","Soup, Broth & Bouillon","Progresso","Progresso Soup, Traditional, Beef Barley Soup","","Progresso Soup, Traditional, Beef Barley Soup","2.79","0.0","Market Basket","19 oz","19 oz","5259.jpg","","9"
"33261","Condiments & Dressings","Marinades, Ketchup & Sauces","Mayonnaise","McCormick","McCormick Tartar Fat Free Sauce ","","McCormick Tartar Fat Free Sauce ","3.11","0.0","Market Basket","8 fl oz","8 fl oz","X1725.jpg","","2"
"8992","Condiments & Dressings","Preserved Dips & Spreads","Spreads","Jif","Jif To Go Creamy Peanut Butter","","Jif To Go Creamy Peanut Butter","2.49","0.0","Market Basket","8 x 1.5 oz","8 x 1.5 oz","1646.jpg","","3"
"7846","Cooking Needs","Canned Food","Canned Meat & Seafood","Goya","Goya Chicken Vienna Sausages In Chicken Broth","","Goya Chicken Vienna Sausages In Chicken Broth","1.09","0.0","Market Basket","4.6 oz","4.6 oz","5222.jpg","","2"
"31716","Beverages & Juices","Tea, Coffee, Milk & Coconut Water","Milk","Hershey's","Hershey's Chocolate Milk","754686001836","Hershey's Chocolate Milk","10.61","0.0","Market Basket","8 fl oz","8 fl oz","X3117.jpg","","10"
"3481","Fresh Produce","Fresh Herbs","Parsley","Market Basket","Italian Parsley","","Italian Parsley","1.64","0.0","Market Basket","1 count","1 count","f70.jpg","","20"
"6076","Beverages & Juices","Soft Drinks & Seltzers","Soft Drinks","Green Cola","Green Cola No Sugar","","Green Cola No Sugar","2.5","0.0","Market Basket","67.6 fl oz","67.6 fl oz","No Image.jpg","","17"
"35202","Breakfast & Dairy","Dairy & Eggs","Yogurt","Yoplait","Yoplait Original Gushes With Green Apple ","","Yoplait Original Gushes With Green Apple ","0.81","0.0","Market Basket","6 oz","6 oz","X936.jpg","","1"
"31920","Meat & Seafood","Packaged Meat & Seafood","Bacon","Jenni-O","Jenni-O Turkey Bacon Cured Terkey Chopped & Formed ","","Jenni-O Turkey Bacon Cured Terkey Chopped & Formed ","3.36","0.0","Market Basket","12 oz","12 oz","X4459.jpg","","1"
"30213","Condiments & Dressings","Marinades, Ketchup & Sauces","Sauce","Assi","Assi Dumpling Dipping Sauce","081652041313","Assi Dumpling Dipping Sauce","3.36","0.0","Market Basket","1 count","1 count","X3220.jpg","","2"
"34666","Frozen Food","Frozen Dinners & Entrees","Frozen Meal","Stouffer's ","Stouffer's Macaroni & Cheese","013800103406","Stouffer's Macaroni & Cheese","2.99","0.0","Market Basket","12 oz","12 oz","X4280.jpg","","18"
"3709","Fresh Produce","Fresh Fruits","Pineapple","Market Basket","Freshen Ready Cored Pineapple","","Freshen Ready Cored Pineapple","5.62","0.0","Market Basket","20 oz","20 oz","FP18.jpg","","20"
"35228","Cooking Needs","Rice & Grains","Instant Rice","Zatarains","Zatarains Yellow Rice Long grain rice with vegetables & Spices","071429012301","Zatarains Yellow Rice Long grain rice with vegetables & Spices","1.49","0.0","Market Basket","6.9 oz","6.9 oz","X1013.jpg","","4"
"6071","Beverages & Juices","Ginger Ale & Ginger Beer","Ginger Ale","Canada Dry","Canada Dry Ginger Ale Box of Cans","","Canada Dry Ginger Ale Box of Cans","9.99","0.0","Market Basket","24 x 12 fl oz","24 x 12 fl oz","16604.jpg","","17"
"5417","Chips, Cookies & Snacks","Cookies & Crackers","Crackers","Nabisco","Golden Oreo Mini","","Golden Oreo Mini","1.56","0.0","Market Basket","3.5 oz","3.5 oz","No Image.jpg","","6"
"32781","Beverages & Juices","Juices & Refrigerated Drinks","Juice & Nectars","Market Basket","Market Basket Prune Juice 100% Juice from Concentrate","049705060889","Market Basket Prune Juice 100% Juice from Concentrate","5.24","0.0","Market Basket","64 fl oz","64 fl oz","X2883.jpg","","10"
"5846","Richardson's Farm Ice Cream","Ice Cream Toppings","Ice Cream Toppings","Cake Mate","Cake Mate Sugar Red","","Cake Mate Sugar Red","1.89","0.0","Market Basket","8 oz","8 oz","1347.jpg","","20"
"15089","Personal Care","Personal Needs","Eye & Ear Care","Visine","Visine Original Redness Reliever Eye Drops","","Visine Original Redness Reliever Eye Drops","7.0","1.0","Market Basket","0.5 fl oz","0.5 fl oz","6474.jpg","","13"
"32424","Pasta & Sauces","Instant Pasta","Instant Pasta","Kraft","Kraft Macaroni & Cheese Deluxe Original Cheddar","021000070022","Kraft Macaroni & Cheese Deluxe Original Cheddar","9.99","0.0","Market Basket","8 x 2.39 oz","8 x 2.39 oz","X1212.jpg","","4"
"531","Laundry & Paper Goods","Laundry","Scent Booster","Arm & Hammer","Arm & Hammer Clean Scentsations Scent booster Purifying Waters","","Arm & Hammer Clean Scentsations Scent booster Purifying Waters","4.99","1.0","Market Basket","24 oz","24 oz","No Image.jpg","","15"
"7840","Cooking Needs","Canned Food","Canned Meat & Seafood","Chicken of the Sea","Chicken of the Sea Whole Oysters","","Chicken of the Sea Whole Oysters","3.09","0.0","Market Basket","8 oz","8 oz","5217.jpg","","2"
"30992","Frozen Food","Frozen Dinners & Entrees","Frozen Appetizers & Sides","Cole's","Cole's Five Cheese Texas Toast","071052000577","Cole's Five Cheese Texas Toast","3.36","0.0","Market Basket","13.5 oz","13.5 oz","X4356.jpg","","18"
"34520","Frozen Food","Frozen Dinners & Entrees","Frozen Meal","Smart Ones","Smart Ones Chicken Fettuccine","025800020133","Smart Ones Chicken Fettuccine","2.5","0.0","Market Basket","9.25 oz","9.25 oz","X4203.jpg","","18"
"7589","Cooking Needs","Canned Food","Canned & Jarred Vegetables","Pennsylvania Dutchman","Stems and Pieces Mushrooms","","Stems and Pieces Mushrooms","1.59","0.0","Market Basket","4 oz","4 oz","17083.jpg","","9"
"35057","Condiments & Dressings","Pickled Goods & Olives","Pickles","Vlasic ","Vlasic Kosher Dill Spears Purely Pickles ","054100000637","Vlasic Kosher Dill Spears Purely Pickles ","2.5","0.0","Market Basket","24 fl oz","24 fl oz","X3283.jpg","","2"
"6884","Cooking Needs","Baking & Cooking","Baking Ingredients","Market Basket","Market Basket Milk Chocolate Chips","","Market Basket Milk Chocolate Chips","2.79","0.0","Market Basket","12 oz","12 oz","2292.jpg","","8"
"4162","Meat & Seafood","Meat & Seafood Counter","Lamb","Market Basket","Market Basket Australian Lamb Loin Chops","","Market Basket Australian Lamb Loin Chops","14.69","0.0","Market Basket","Approx: 1.01 lb at $14.6/lb","Approx: 1.01 lb at $14.6/lb","Market Basket.jpg","","22"
"15284","Personal Care","Vitamins & Proteins","Protien Drinks","Boost","Boost Original Complete Nutritional Drink, Rich Chocolate","","Boost Original Complete Nutritional Drink, Rich Chocolate","11.26","1.0","Market Basket","6 x 8 fl oz","6 x 8 fl oz","6740.jpg","","13"
"31609","Frozen Food","Frozen Produce","Frozen Produce","Goya","Goya Grandules Pigeon Peas","041331090506","Goya Grandules Pigeon Peas","2.74","0.0","Market Basket","14 oz","14 oz","X4443.jpg","","18"
"7886","Cooking Needs","Canned Food","Canned Meat & Seafood","StarKist","Albacore Tuna In Water","","Albacore Tuna In Water","3.69","0.0","Market Basket","6.4 oz","6.4 oz","5205.jpg","","2"
"32057","Frozen Food","Frozen Breakfast","Frozen Breakfast","Katz","Katz Powedered Donut","893536100262","Katz Powedered Donut","6.24","0.0","Market Basket","10.5 oz","10.5 oz","X5083.jpg","","19"
"6687","Beverages & Juices","Juices & Refrigerated Drinks","Refrigerated Drinks","Welch's","Welch's Berry Pineapple Passion Fruit Juice Cocktail","","Welch's Berry Pineapple Passion Fruit Juice Cocktail","2.99","0.0","Market Basket","59 fl oz","59 fl oz","3861.jpg","","1"
"4733","Meat & Seafood","Frozen Meat & Seafood","Chicken Products","On Cor","On Cor Clear Bags Chicken Patties","","On Cor Clear Bags Chicken Patties","5.89","0.0","Market Basket","35 oz","35 oz","16043.jpg","","1"
"14867","Personal Care","Body Wash, Soap & Hair Care","Soap","Yardley","Yardley Bath Bar, Naturally Moisturizing, Oatmeal & Almond","","Yardley Bath Bar, Naturally Moisturizing, Oatmeal & Almond","2.86","1.0","Market Basket","1 count","1 count","17732.jpg","","13"
"14577","Breakfast & Dairy","Tea & Coffee","Tea","Market Basket","Market Basket Iced Tea Mix","","Market Basket Iced Tea Mix","6.09","0.0","Market Basket","20 count","20 count","Market Basket.jpg","","8"
"7949","Cooking Needs","Canned Food","Soup, Broth & Bouillon","Campbell's","Campbell's Condensed Campbell's Condensed Cream of Onion Soup","","Campbell's Condensed Campbell's Condensed Cream of Onion Soup","2.09","0.0","Market Basket","10.5 oz","10.5 oz","5319.jpg","","2"
"33478","Cooking Needs","Rice & Grains","Grains, Rice & Dried Goods","Nature's Earthly Choice","Nature's Earthly Choice Organic  Premium Quinoa ","897034002045","Nature's Earthly Choice Organic  Premium Quinoa ","4.99","0.0","Market Basket","12 oz","12 oz","X1091.jpg","","4"
"113","Kitchen & Cleaning","Cleaning Products","Cleaning Brush","Butler Gum","Butler Gum Brush, Iron Handle","","Butler Gum Brush, Iron Handle","3.49","1.0","Market Basket","1 count","1 count","4268.jpg","","15"
"5798","Breakfast & Dairy","Bars & Pastries","Protien Bars","Odwalla","Odwalla Blueberry Swirl Superfood Bar","","Odwalla Blueberry Swirl Superfood Bar","2.49","0.0","Market Basket","2 oz","2 oz","15265.jpg","","3"
"6075","Beverages & Juices","Ginger Ale & Ginger Beer","Ginger Ale","Canada Dry","Canada Dry Ginger Ale Can","","Canada Dry Ginger Ale Can","4.16","0.0","Market Basket","6 x 7.5 fl oz","6 x 7.5 fl oz","No Image.jpg","","17"
"31536","Beverages & Juices","Tea, Coffee, Milk & Coconut Water","Tea","Gold Peak Tea","Gold Peak Tea Green Tea with real Sugar","049000065596","Gold Peak Tea Green Tea with real Sugar","2.5","0.0","Market Basket","64 fl oz","64 fl oz","X3043.jpg","","10"
"34826","Breakfast & Dairy","Granola & Oats","Cup Oatmeal","Think!","Think! Madagascar Vanilla, Almonds & Pecan","753656711874","Think! Madagascar Vanilla, Almonds & Pecan","1.88","0.0","Market Basket","1.76 oz","1.76 oz","X3629.jpg","","5"
"10001","Frozen Food","Ice Cream & Ice","Ice Cream & Ice","Edy's/dreyer's","Edy's/dreyer's Caramel Delight Ice Cream","","Edy's/dreyer's Caramel Delight Ice Cream","3.69","0.0","Market Basket","1.5 quart","1.5 quart","3037.jpg","","21"
"361","Kitchen & Cleaning","Food Storage & Kitchen Supplies","Storage Containers","Store Brand","Large Rectangle Container","","Large Rectangle Container","3.49","1.0","Market Basket","1 count","1 count","Market Basket.jpg","","12"
"31200","Condiments & Dressings","Marinades, Ketchup & Sauces","Sauce","Dragonfly","Dragonfly Spicy Crab Paste Bun Rieu Cua","721557214299","Dragonfly Spicy Crab Paste Bun Rieu Cua","2.86","0.0","Market Basket","7 oz","7 oz","X3239.jpg","","2"
"33880","Condiments & Dressings","Pickled Goods & Olives","Pickled Goods & Olives","Pastene","Pastene Pesto Basil Sauce","066086063124","Pastene Pesto Basil Sauce","3.13","0.0","Market Basket","4.76 fl oz","4.76 fl oz","X2317.jpg","","2"
"4999","Chips, Cookies & Snacks","Chips & Fruit Snacks","Chips & Pretzels","Utz","Utz Ripples Sour Cream & Onion Potato Chips Family Size","","Utz Ripples Sour Cream & Onion Potato Chips Family Size","4.69","0.0","Market Basket","9 oz","9 oz","841.jpg","","0"
"13660","Breakfast & Dairy","Dairy & Eggs","Packaged Cheese","Cracker Barrel","Cracker Barrel Extra Sharp White Cheddar Cheese Sticks","","Cracker Barrel Extra Sharp White Cheddar Cheese Sticks","4.29","0.0","Market Basket","10 x 7.5 oz","10 x 7.5 oz","184.jpg","","1"
"34799","Beverages & Juices","Tea, Coffee, Milk & Coconut Water","Tea","Teas Tea Organic ","Teas Tea Organic Unsweetened Elegant Jasmine Green Tea","835143000026","Teas Tea Organic Unsweetened Elegant Jasmine Green Tea","2.49","0.0","Market Basket","16.9 fl oz","16.9 fl oz","X2944.jpg","","10"
"30548","Cooking Needs","Baking & Cooking","Baking Mix","Bob's Red Mill","Bob's Red Mill Patato  Starch Unmodified ","039978025258","Bob's Red Mill Patato  Starch Unmodified ","4.99","0.0","Market Basket","22 oz","22 oz","X5256.jpg","","3"
"4647","Meat & Seafood","Canned Meat & Seafood","Canned Tuna","Chicken of the Sea","Chicken of the Sea Chunk Light Tuna in Water","","Chicken of the Sea Chunk Light Tuna in Water","1.29","0.0","Market Basket","5 oz","5 oz","17154.jpg","","2"
"7971","Cooking Needs","Canned Food","Soup, Broth & Bouillon","Campbell's","Campbell's Condensed Family Size Cream of Mushroom Soup","","Campbell's Condensed Family Size Cream of Mushroom Soup","2.79","0.0","Market Basket","23 oz","23 oz","17212.jpg","","2"
"32689","Cooking Needs","Canned Food","Baked Beans","Manwich ","Manwich Thick & Chunky Sloppy Joy Sauce","","Manwich Thick & Chunky Sloppy Joy Sauce","1.24","0.0","Market Basket","15.5 oz","15.5 oz","X1854.jpg","","2"
"30414","Breakfast & Dairy","Pancake & Waffle Mix","Pancake & Waffle Mix","Betty Crocker","Betty Cracker Original Bisquick Pancake & Baking Mix ","016000420809","Betty Cracker Original Bisquick Pancake & Baking Mix ","4.99","0.0","Market Basket","60 oz","60 oz","X5301.jpg","","3"
"31807","Meat & Seafood","Canned Meat & Seafood","Turkey","Hormel ","Hormel White & Dark Turkey in Water ","","Hormel White & Dark Turkey in Water ","1.61","0.0","Market Basket","5 oz","5 oz","X1865.jpg","","2"
"14905","Personal Care","Feminine Care","Tampon","O.B.","O.B. Pro Comfort Super Tampons","","O.B. Pro Comfort Super Tampons","5.62","1.0","Market Basket","18 count","18 count","No Image.jpg","","13"
"33850","Pasta & Sauces","Raw Pasta","Raw Pasta","Pastene","Pastene Linguine 6","066086070771","Pastene Linguine 6","1.25","0.0","Market Basket","16 oz","16 oz","X1602.jpg","","4"
"33509","Breakfast & Dairy","Bars & Pastries","Pastries","Nature's Path","Nature's Path Frosted Cherry Pomogranate","058449410157","Nature's Path Frosted Cherry Pomogranate","4.36","0.0","Market Basket","11 oz","11 oz","X3517.jpg","","5"
"6844","Cooking Needs","Baking & Cooking","Baking Ingredients","Ghirardelli Chocolate","Ghirardelli Chocolate Chocolate Premium Baking Bar 100% Cacao Unsweetened Chocolate","","Ghirardelli Chocolate Chocolate Premium Baking Bar 100% Cacao Unsweetened Chocolate","2.79","0.0","Market Basket","4 oz","4 oz","2345.jpg","","3"
"30080","Frozen Food","Frozen Dinners & Entrees","Frozen Meal","Amy's ","Amy's Thai Red Curry","042272009220","Amy's Thai Red Curry","5.49","0.0","Market Basket","10 oz","10 oz","X4159.jpg","","18"
"31789","Breakfast & Dairy","Dairy & Eggs","Eggnog","Hood","Hood LIMITED EDITION VANILLA EGGNOG ULTRA - PASTEURIZED","","Hood LIMITED EDITION VANILLA EGGNOG ULTRA - PASTEURIZED","3.74","0.0","Market Basket","32 fl oz","32 fl oz","X356.jpg","","1"
"6607","Beverages & Juices","Juices & Refrigerated Drinks","Refrigerated Drinks","Minute Maid","Minute Maid Fruit Drink, Berry Punch Flavored","","Minute Maid Fruit Drink, Berry Punch Flavored","3.69","0.0","Market Basket","128 fl oz","128 fl oz","3868.jpg","","1"
"282","Kitchen & Cleaning","Dish Detergents","Dishwasher Rinse and Dry Agent","Finish","Finish Jet-Dry Rinse Aid","","Finish Jet-Dry Rinse Aid","8.59","1.0","Market Basket","16 fl oz","16 fl oz","4352.jpg","","15"
"7063","Cooking Needs","Oils & Vinegars","Oils & Vinegars","Calfornia Olive Ranch","California Olive Ranch Olive Oil, Extra Virgin, Bottle","","California Olive Ranch Olive Oil, Extra Virgin, Bottle","12.19","0.0","Market Basket","32.9 oz","32.9 oz","15489.jpg","","2"
"7893","Cooking Needs","Canned Food","Canned Meat & Seafood","StarKist","Solid White Albacore Tuna In Water","","Solid White Albacore Tuna In Water","1.59","0.0","Market Basket","5 oz","5 oz","5200.jpg","","2"
"8307","Condiments & Dressings","Fresh Dips & Tapenades","Hommus","Joseph's","Joseph's Hommus Garlic","","Joseph's Hommus Garlic","2.49","0.0","Market Basket","8 oz","8 oz","5522.jpg","","1"
"4674","Meat & Seafood","Canned Meat & Seafood","Canned Sardines","King Oscar","King Oscar Wild Caught with Hot Jalapeno Peppers in Extra Virgin Olive Oil Sardines","","King Oscar Wild Caught with Hot Jalapeno Peppers in Extra Virgin Olive Oil Sardines","3.09","0.0","Market Basket","3.75 oz","3.75 oz","5234.jpg","","2"
"34461","Breakfast & Dairy","Breads & Rolls","Bread","Sara Lee","Sara Lee Artesano Golden Wheat Bakery Bread","072945612501","Sara Lee Artesano Golden Wheat Bakery Bread","3.74","0.0","Market Basket","20 oz","20 oz","X2478.jpg","","18"
"15042","Personal Care","Personal Needs","Deodorants","Right Guard","Right Guard Sport Antiperspirant Active","","Right Guard Sport Antiperspirant Active","4.24","1.0","Market Basket","2.6 oz","2.6 oz","6326.jpg","","13"
"6519","Chips, Cookies & Snacks","Nuts, Seeds & Dried Fruit","Nuts, Seeds & Dried Fruit","Second Nature","Second Nature California Medley","","Second Nature California Medley","6.24","0.0","Market Basket","12 oz","12 oz","No Image.jpg","","6"
"30463","Breakfast & Dairy","Cereal","Muesli Cereal","Bob's Red Mill","Bob's Red Mill Paled Style Muesli Cold Creal","039978003508","Bob's Red Mill Paled Style Muesli Cold Creal","11.24","0.0","Market Basket","14 oz","14 oz","X3658.jpg","","5"
"10448","Cooking Needs","Rice & Grains","Grains, Rice & Dried Goods","Suzie's Quinoa","Suzie's Quinoa, Tex Mex","","Suzie's Quinoa, Tex Mex","3.69","0.0","Market Basket","8 oz","8 oz","17443.jpg","","N/A"
"32286","Condiments & Dressings","Salad Dressings & Toppings","Salad Dressing & Toppings","Ken's Steak House","Ken's Seak House Creamy Caesar With Roasted Gralic ","014335000792","Ken's Seak House Creamy Caesar With Roasted Gralic ","1.25","0.0","Market Basket","16 fl oz","16 fl oz","X454.jpg","","2"
"4556","Meat & Seafood","Lunch Meat","Other Meat","San Daniele","San Daniele Italian Gourmet Pack Hot Calabrese, Pepper Salame, Hot Capocollo","","San Daniele Italian Gourmet Pack Hot Calabrese, Pepper Salame, Hot Capocollo","9.29","0.0","Market Basket","8 oz","8 oz","No Image.jpg","","22"
"5241","Chips, Cookies & Snacks","Chips & Fruit Snacks","Chips & Pretzels","LATE JULY","LATE JULY Organic Blue Corn Restaurant Style Tortilla Chips","","LATE JULY Organic Blue Corn Restaurant Style Tortilla Chips","4.69","0.0","Market Basket","11 oz","11 oz","No Image.jpg","","0"
"9855","Frozen Food","Frozen Produce","Frozen Produce","Market Basket","Market Basket Diced Green Peppers","","Market Basket Diced Green Peppers","1.09","0.0","Market Basket","10 oz","10 oz","Market Basket.jpg","","19"
"30648","Condiments & Dressings","Marinades, Ketchup & Sauces","Sauce","Bragg","Bragg Coconut Liquid Aminos ","074305006104","Bragg Coconut Liquid Aminos ","7.49","0.0","Market Basket","10 fl oz","10 fl oz","X5334.jpg","","3"
"15025","Personal Care","Personal Needs","Deodorants","Dove","Dove Antiperspirant Deodorant For Women Original Clean","","Dove Antiperspirant Deodorant For Women Original Clean","4.36","1.0","Market Basket","2.6 oz","2.6 oz","18123.jpg","","13"
"30661","Chips, Cookies & Snacks","Candy & Chocolates","Candy & Chocolate","Breath Savers","Breath Savers Wintergreen Artificially Flavored Sugar Free Mints Neutralizes Bad Breath With Neutrazin ","","Breath Savers Wintergreen Artificially Flavored Sugar Free Mints Neutralizes Bad Breath With Neutrazin ","3.11","0.0","Market Basket","5.75 oz","5.75 oz","X61.jpg","","3"
"14403","Breakfast & Dairy","Tea & Coffee","Coffee","LavAzza","LavAzza Medium Roast Decaffeinated Ground Coffee Espresso","","LavAzza Medium Roast Decaffeinated Ground Coffee Espresso","8.59","0.0","Market Basket","8 oz","8 oz","16304.jpg","","8"
"6918","Cooking Needs","Baking & Cooking","Baking Ingredients","Sugar In The Raw","Sugar In The Raw Turbinado Cane Sugar","","Sugar In The Raw Turbinado Cane Sugar","4.89","0.0","Market Basket","100 count","100 count","15744.jpg","","8"
"10402","Cooking Needs","Canned Food","Canned Food","Goya","Goya Baby Lima Beans","","Goya Baby Lima Beans","2.09","0.0","Market Basket","16 oz","16 oz","5822.jpg","","7"
"10145","Frozen Food","Ice Cream & Ice","Ice Cream & Ice","Magnum","Magnum Ice Cream Bars Double Chocolate","","Magnum Ice Cream Bars Double Chocolate","4.29","0.0","Market Basket","3 count","3 count","18011.jpg","","21"
"14347","Breakfast & Dairy","Tea & Coffee","Coffee","Cafe Bustelo","Cafe Bustelo Espresso Ground Coffee","","Cafe Bustelo Espresso Ground Coffee","4.29","0.0","Market Basket","6 oz","6 oz","16292.jpg","","8"
"31029","Breakfast & Dairy","Breads & Rolls","Bread","Country Kitchen","Country Kitchen texas Toast Bread","073402112459","Country Kitchen texas Toast Bread","3.74","0.0","Market Basket","20 oz","20 oz","X2467.jpg","","18"
"33613","Condiments & Dressings","Salad Dressings & Toppings","Salad Dressing & Toppings","Newmen's Own","Newmen's Own Caesar Dressing","020662000378","Newmen's Own Caesar Dressing","4.11","0.0","Market Basket","16 fl oz","16 fl oz","X662.jpg","","2"
"31953","Meat & Seafood","Packaged Meat & Seafood","Sausage","Johnsonville","Johnsonville Original Recipe Breakfast Sausage ","","Johnsonville Original Recipe Breakfast Sausage ","3.74","0.0","Market Basket","12 oz","12 oz","X4742.jpg","","1"
"6570","Beverages & Juices","Juices & Refrigerated Drinks","Refrigerated Drinks","Bolthouse Farms","Bolthouse Farms Berry Boost","","Bolthouse Farms Berry Boost","3.09","0.0","Market Basket","15.2 fl oz","15.2 fl oz","3832.jpg","","20"
"30669","Condiments & Dressings","Salad Dressings & Toppings","Salad Dressing & Toppings","Briannas ","Briannas Home Style Asiago Caesar Dressing","","Briannas Home Style Asiago Caesar Dressing","4.36","0.0","Market Basket","12 fl oz","12 fl oz","X69.jpg","","2"
"8415","Condiments & Dressings","Marinades, Ketchup & Sauces","Marinades & Meat Preparation","Jack Link's","Jack Link's Orignal Beef Jerky","","Jack Link's Orignal Beef Jerky","5.29","0.0","Market Basket","2.85 oz","2.85 oz","No Image.jpg","","9"
"33737","Chips, Cookies & Snacks","Chips & Fruit Snacks","Popcorn","Orville Redenbacher's ","Orville Redenbacher's Movie Theater Butter ","027000372449","Orville Redenbacher's Movie Theater Butter ","2.5","0.0","Market Basket","9.87 oz","9.87 oz","X4940.jpg","","19"
"30427","Breakfast & Dairy","Pancake & Waffle Mix","Pancake & Waffle Mix","Birch Benders","Birch Benders Pancake and Waffle Mix Keto No Added Sugar Grain Free","810001560065","Birch Benders Pancake and Waffle Mix Keto No Added Sugar Grain Free","8.74","0.0","Market Basket","10 oz","10 oz","X3158.jpg","","2"
"34318","Cooking Needs","Baking & Cooking","Pizza Sauce","Rao's","Rao's Margherita Pizza","747479001168","Rao's Margherita Pizza","6.24","0.0","Market Basket","13 oz","13 oz","X1329.jpg","","4"
"31215","Cooking Needs","Oils & Vinegars","Oils & Vinegars","Eden","Eden Selected Toasted Sesame Oil Unrefined . Expeller Pressed ","024182000283","Eden Selected Toasted Sesame Oil Unrefined . Expeller Pressed ","6.61","0.0","Market Basket","14 fl oz","14 fl oz","X1966.jpg","","2"
"32719","Condiments & Dressings","Salad Dressings & Toppings","Salad Dressing & Toppings","Maple Grove Farms","Maple Grove Farms of Vermoont Fat Free Cranberry Balsamic Dressing","","Maple Grove Farms of Vermoont Fat Free Cranberry Balsamic Dressing","3.11","0.0","Market Basket","8 fl oz","8 fl oz","X498.jpg","","2"
"3657","Fresh Produce","Fresh Fruits","Grapes","Market Basket","Bag of Red Globe Grapes","","Bag of Red Globe Grapes","6.49","0.0","Market Basket","2 lb bag","2 lb bag","14253.jpg","","20"
"34215","Breakfast & Dairy","Bars & Pastries","Chewy Bars","Quaker","Quaker Chewy Peanut Butter Marshmallows","030000564738","Quaker Chewy Peanut Butter Marshmallows","3.13","0.0","Market Basket","8 x 0.84 oz","8 x 0.84 oz","X3863.jpg","","5"
"10150","Frozen Food","Ice Cream & Ice","Ice Cream & Ice","Market Basket","Drumstick Classic Vanilla Ice Cream Cones","","Drumstick Classic Vanilla Ice Cream Cones","6.69","0.0","Market Basket","8 count","8 count","16103.jpg","","21"
"5607","Chips, Cookies & Snacks","Candy & Chocolates","Candy & Chocolate","York","York Minis Peppermint Patties","","York Minis Peppermint Patties","4.29","0.0","Market Basket","8 oz","8 oz","1055.jpg","","3"
"33221","Meat & Seafood","Packaged Meat & Seafood","Turkey","Market Basket ","Market Basket Black Forest Turkey Breast Tub","","Market Basket Black Forest Turkey Breast Tub","3.74","0.0","Market Basket","10 oz","10 oz","X4530.jpg","","1"
"15159","Personal Care","Personal Needs","Oral Hygiene","Colgate","Colgate 2-In-1 Toothpaste & Mouthwash Whitening","","Colgate 2-In-1 Toothpaste & Mouthwash Whitening","4.93","1.0","Market Basket","4.6 oz","4.6 oz","6394.jpg","","13"
"32891","Breakfast & Dairy","Granola & Oats","Granola","Market Basket","Market Basket Honey & Oat Granola","049705117682","Market Basket Honey & Oat Granola","3.75","0.0","Market Basket","12 oz","12 oz","X3773.jpg","","5"
"34522","Frozen Food","Frozen Dinners & Entrees","Frozen Meal","Smart Ones","Smart Ones Traditional Lasagna with Meat Sauce","025800026586","Smart Ones Traditional Lasagna with Meat Sauce","2.5","0.0","Market Basket","10.5 oz","10.5 oz","X4206.jpg","","18"
"14380","Breakfast & Dairy","Tea & Coffee","Coffee","French Market & Chicory","French Market & Chicory Medium Dark Roast Ground Coffee","","French Market & Chicory Medium Dark Roast Ground Coffee","6.09","0.0","Market Basket","12 oz","12 oz","16296.jpg","","8"
"10163","Frozen Food","Ice Cream & Ice","Ice Cream & Ice","Market Basket","Market Basket Ice Cream","","Market Basket Ice Cream","2.49","0.0","Market Basket","1.75 quart","1.75 quart","Market Basket.jpg","","21"
"4801","Meat & Seafood","Frozen Meat & Seafood","Frozen Fish (All)","Market Basket","Market Basket Wild Pollock Fillets","","Market Basket Wild Pollock Fillets","24.06","0.0","Market Basket","Approx: 4.92 lb at $4.89/lb","Approx: 4.92 lb at $4.89/lb","Market Basket.jpg","","18"
"30587","Cooking Needs","Baking & Cooking","Flour","Bob's Red Mill","Bob's Red MIll 100% Stone Ground Whone Wheat Flour ","039978533005","Bob's Red MIll 100% Stone Ground Whone Wheat Flour ","6.24","0.0","Market Basket","80 oz","80 oz","X5295.jpg","","3"
"4692","Meat & Seafood","Canned Meat & Seafood","Canned Tuna","StarKistÃÂ®","StarKistÃÂ® StarKist Chunk Light Tuna In Water","","StarKistÃÂ® StarKist Chunk Light Tuna In Water","4.29","0.0","Market Basket","3 oz","3 oz","5209.jpg","","2"
"34475","Frozen Food","Frozen Dinners & Entrees","Frozen Appetizers & Sides","SeaPak","SeaPak Shrimp Poppers","041322137609","SeaPak Shrimp Poppers","4.99","0.0","Market Basket","10 oz","10 oz","X4373.jpg","","18"
"32385","Breakfast & Dairy","Breads & Rolls","Rolls","Koffee Kup Bakery","Koffee Kup Bakery Onion Kaiser Rolls","074016015112","Koffee Kup Bakery Onion Kaiser Rolls","4.86","0.0","Market Basket","14 oz","14 oz","X2586.jpg","","18"
"34995","Pasta & Sauces","Instant Pasta","Instant Pasta","Kraft","Kraft Liquid Gold Velveeta Shells & Cheese Original Shell Pasta & Creamy Cheese Sauce Made with Real Cheese & Milk","021000658930","Kraft Liquid Gold Velveeta Shells & Cheese Original Shell Pasta & Creamy Cheese Sauce Made with Real Cheese & Milk","3.75","0.0","Market Basket","12 oz","12 oz","X1188.jpg","","4"
"346","Kitchen & Cleaning","Food Storage & Kitchen Supplies","Storage Bags","Ziploc","Ziploc Slider Stand & Fill Storage Bags","","Ziploc Slider Stand & Fill Storage Bags","1.89","1.0","Market Basket","15 count","15 count","4394.jpg","","12"
"31392","Condiments & Dressings","Marinades, Ketchup & Sauces","Marinades & Meat Preparation","G Hughes","G hughes Smokehouse Sugar Free BBQ Sauce Sweet & Spicy ","026825000117","G hughes Smokehouse Sugar Free BBQ Sauce Sweet & Spicy ","3.75","0.0","Market Basket","18 oz","18 oz","X2033.jpg","","2"
"33103","Cooking Needs","Oils & Vinegars","Oils & Vinegars","Market Basket ","Market Basket Naturally Cholosterol Free Canola Oil ","049705041987","Market Basket Naturally Cholosterol Free Canola Oil ","3.74","0.0","Market Basket","48 fl oz","48 fl oz","X1918.jpg","","2"
"15161","Personal Care","Personal Needs","Oral Hygiene","Colgate","Colgate Cavity Protection Fluoride Toothpaste","","Colgate Cavity Protection Fluoride Toothpaste","1.25","1.0","Market Basket","1 oz","1 oz","6379.jpg","","13"
"34859","Chips, Cookies & Snacks","Candy & Chocolates","Candy & Chocolate","Tic Tac ","Tic Tac Freshmints 3 Pack Great Value! Artificially Flavored Mints ","","Tic Tac Freshmints 3 Pack Great Value! Artificially Flavored Mints ","3.11","0.0","Market Basket","3 oz","3 oz","X827.jpg","","3"
"14725","Personal Care","Body Wash, Soap & Hair Care","Hair Care","Garnier","Garnier Anti-Frizz Serum, Frizzy, Dry, Unmanageable Hair","","Garnier Anti-Frizz Serum, Frizzy, Dry, Unmanageable Hair","8.5","1.0","Market Basket","5.1 fl oz","5.1 fl oz","17813.jpg","","13"
"6473","Chips, Cookies & Snacks","Nuts, Seeds & Dried Fruit","Nuts, Seeds & Dried Fruit","Planters","Planters Wholesome Nut Mix","","Planters Wholesome Nut Mix","6.24","0.0","Market Basket","9.75 oz","9.75 oz","No Image.jpg","","6"
"7249","Cooking Needs","Spices & Seasonings","Spices & Seasonings","McCormick","McCormick Apple Pie Spice","","McCormick Apple Pie Spice","4.89","0.0","Market Basket","1.12 oz","1.12 oz","2131.jpg","","9"
"34455","Frozen Food","Frozen Breakfast","Frozen Breakfast","Sandwich Bros ","Sandwich Bros Egg White Turkey Sausage Flatbread Pocket Snack Sandwiches ","077507005104","Sandwich Bros Egg White Turkey Sausage Flatbread Pocket Snack Sandwiches ","6.24","0.0","Market Basket","18 oz","18 oz","X5000.jpg","","19"
"31450","Breakfast & Dairy","Cereal","Cereal","General Mills","General Mills Berry Kix Family Size","016000139756","General Mills Berry Kix Family Size","4.99","0.0","Market Basket","18 oz","18 oz","X3427.jpg","","5"
"13793","Breakfast & Dairy","Dairy & Eggs","Packaged Cheese","President","President Pub Cheese Sharp Cheddar","","President Pub Cheese Sharp Cheddar","4.48","0.0","Market Basket","8 oz","8 oz","14561.jpg","","1"
"6916","Cooking Needs","Baking & Cooking","Baking Ingredients","Stevia in the Raw","Stevia In The Raw Zero Calorie Sweetener","","Stevia In The Raw Zero Calorie Sweetener","8.09","0.0","Market Basket","9.7 oz","9.7 oz","15737.jpg","","8"
"3768","Fresh Produce","Fresh Herbs","Tarragon","Uncle Vinny's","Uncle Vinny's Tarragon","","Uncle Vinny's Tarragon","2.86","0.0","Market Basket","0.75 oz","0.75 oz","95.jpg","","20"
"6649","Beverages & Juices","Juices & Refrigerated Drinks","Refrigerated Drinks","POM Wonderful","POM Wonderful 100% Juice, Pomegranate Blueberry","","POM Wonderful 100% Juice, Pomegranate Blueberry","4.59","0.0","Market Basket","16 oz","16 oz","16553.jpg","","20"
"31229","Frozen Food","Frozen Pizza","Frozen Pizza","Ellio's ","Ellio's Pepperoni Pizza ","041118009080","Ellio's Pepperoni Pizza ","3.36","0.0","Market Basket","18.90 oz","18.90 oz","X4850.jpg","","19"
"30482","Cooking Needs","Rice & Grains","Grains, Rice & Dried Goods","Bob's Red Mill","Bob's Red Mill Organic Farro Good Source of Fiber Non GMO","039978118608","Bob's Red Mill Organic Farro Good Source of Fiber Non GMO","6.24","0.0","Market Basket","24 oz","24 oz","X1070.jpg","","4"
"32305","Breakfast & Dairy","Bars & Pastries","Breakfast Bars","Kind","Kind Brealkfast Peanut Butter Bars","602652201059","Kind Brealkfast Peanut Butter Bars","3.75","0.0","Market Basket","4 x 1.76 oz","4 x 1.76 oz","X3881.jpg","","5"
"34563","Beverages & Juices","Juices & Refrigerated Drinks","Juice & Nectars","Snapple","Snapple Diet Trop A Rocka","076183260098","Snapple Diet Trop A Rocka","7.49","0.0","Market Basket","6 x 16 fl oz","6 x 16 fl oz","X3002.jpg","","10"
"191","Kitchen & Cleaning","Cleaning Products","Other Cleaning Products","Weiman","Weiman Jewelry Cleaner","","Weiman Jewelry Cleaner","3.69","1.0","Market Basket","7 oz","7 oz","4315.jpg","","15"
"3436","Fresh Produce","Fresh Fruits","Apple","Market Basket","Granny Smith Apples","","Granny Smith Apples","1.64","0.0","Market Basket","1 lb","1 lb","f9.jpg","","20"
"6818","Cooking Needs","Baking & Cooking","Baking Ingredients","Diamond","Diamond Of California Finely Diced Walnuts","","Diamond Of California Finely Diced Walnuts","6.69","0.0","Market Basket","10 oz","10 oz","15731.jpg","","8"
"30396","Cooking Needs","Rice & Grains","Instant Food","Betty Crocker","Betty Crocker Hamburger Helper Beef Pasta","016000417298","Betty Crocker Hamburger Helper Beef Pasta","1.88","0.0","Market Basket","5.9 oz","5.9 oz","X1140.jpg","","4"
"31577","Frozen Food","Frozen Dinners & Entrees","Frozen Appetizers & Sides","Gorton's","Gorton's Haddock Fillets Crispy Battered","044400159609","Gorton's Haddock Fillets Crispy Battered","4.99","0.0","Market Basket","7.6 oz","7.6 oz","X4386.jpg","","18"
"4067","Meat & Seafood","Meat & Seafood Counter","Beef","Market Basket","Ground Beef Chub 80/20","","Ground Beef Chub 80/20","13.49","0.0","Market Basket","3 lb","3 lb","Market Basket.jpg","","22"
"30325","Pasta & Sauces","Raw Pasta","Raw Pasta","Barilla","Barilla Pasta Rotini","076808280982","Barilla Pasta Rotini","1.74","0.0","Market Basket","1 lb","1 lb","X1629.jpg","","4"
"31553","Frozen Food","Frozen Breakfast","Frozen Breakfast","Good Food Made ","Good Food Made Southwestern Veggie ","080618415021","Good Food Made Southwestern Veggie ","2.49","0.0","Market Basket","1 count","1 count","X4996.jpg","","19"
"7748","Cooking Needs","Canned Food","Canned Meals & Beans","Goya","Goya Great Northern Beans","","Goya Great Northern Beans","1.29","0.0","Market Basket","15.5 oz","15.5 oz","5122.jpg","","7"
"6275","Beverages & Juices","Water","Water","Glaceau","Glaceau Smart Water","","Glaceau Smart Water","2.49","0.0","Market Basket","50.7 fl oz","50.7 fl oz","No Image.jpg","","11"
"4298","Meat & Seafood","Meat & Seafood Counter","Other Meat","Market Basket","Market Basket Chinese Brand Links","","Market Basket Chinese Brand Links","4.06","0.0","Market Basket","Approx: 1.10 lb at $3.69/lb","Approx: 1.10 lb at $3.69/lb","Market Basket.jpg","","22"
"15205","Personal Care","Personal Needs","Oral Hygiene","Gum","GUM Crayola Kids' Flossers","","GUM Crayola Kids' Flossers","2.75","1.0","Market Basket","40 count","40 count","6447.jpg","","13"
"31659","Frozen Food","Frozen Dinners & Entrees","Frozen Meal","Healthy Choice","Healthy Choice Sweet & Sour Chicken","072655454415","Healthy Choice Sweet & Sour Chicken","3.13","0.0","Market Basket","10 oz","10 oz","X4072.jpg","","18"
"8170","Condiments & Dressings","Marinades, Ketchup & Sauces","Condiments","Frank's","Frank's RedHot Buffalo Wings Sauce","","Frank's RedHot Buffalo Wings Sauce","2.49","0.0","Market Basket","12 fl oz","12 fl oz","1574.jpg","","2"
"33989","Breakfast & Dairy","Breads & Rolls","Buns","Pepperidge Farm","Pepperidge Farm 8 Top Sliced Golden Potato Hot Dog Buns","014100047070","Pepperidge Farm 8 Top Sliced Golden Potato Hot Dog Buns","4.36","0.0","Market Basket","14 oz","14 oz","X2505.jpg","","18"
"35344","Richardson's Farm Ice Cream","Frozen Yogurt","Chocolate","Richarson's Farm","Richarson's Farm Chocolate Almond Frozen Yogurt 95% Fat Free","","Chocolate yogurt with almonds","7.99","0.0","Richardson's Farm","1-2 Gal. Container","1-2 Gal. Container","RichardsonsFarm.jpg","",""
"15211","Personal Care","Personal Needs","Oral Hygiene","Johnson & Johnson","Johnson & Johnson Reach Reach Mint Waxed Floss","","Johnson & Johnson Reach Reach Mint Waxed Floss","1.94","1.0","Market Basket","55 count","55 count","17778.jpg","","13"
"10217","Frozen Food","Ice Cream & Ice","Ice Cream & Ice","Richie's","Richie's Super Premium Italian Ice Strawberry","","Richie's Super Premium Italian Ice Strawberry","1.29","0.0","Market Basket","10 fl oz","10 fl oz","16155.jpg","","21"
"33091","Breakfast & Dairy","Granola & Oats","Oats","Market Basket ","Market Basket Instant Regular Oatmeal Regular","049705113066","Market Basket Instant Regular Oatmeal Regular","2.5","0.0","Market Basket","12 x 0.98  oz","12 x 0.98  oz","X3561.jpg","","5"
"31335","Pasta & Sauces","Pasta Sauce","Pasta Sauce","Filippo Berio","Filippo Berio Classic Peston Italian Recipe","041736080010","Filippo Berio Classic Peston Italian Recipe","2.49","0.0","Market Basket","6.7 oz","6.7 oz","X1411.jpg","","4"
"9132","Frozen Food","Frozen Dinners & Entrees","Frozen Appetizers & Sides","Jose Ole","Jose Ole Chicken & Cheese Flour Tortillas Taquitos","","Jose Ole Chicken & Cheese Flour Tortillas Taquitos","5.79","0.0","Market Basket","15 x 1.5 oz","15 x 1.5 oz","15816.jpg","","19"
"306","Kitchen & Cleaning","Food Storage & Kitchen Supplies","Pie Pans","Hefty","Hefty Ez Foil 9.69"" Dia. X 1.33"" Pie Pans","","Hefty Ez Foil 9.69"" Dia. X 1.33"" Pie Pans","2.49","1.0","Market Basket","2 count","2 count","4469.jpg","","12"
"5933","Beverages & Juices","Tea, Coffee, Milk & Coconut Water","Single To-Go Coffee","Twix","Twix Chocolate Lowfat Milk","","Twix Chocolate Lowfat Milk","3.74","0.0","Market Basket","14 fl oz","14 fl oz","No Image.jpg","","17"
"31511","Frozen Food","Frozen Pasta","Frozen Pasta","Giosanmi Rama ","Giosanmi Rama Organic Rosted Tamato  Mozzarella  Frozen Pasta","","Giosanmi Rama Organic Rosted Tamato  Mozzarella  Frozen Pasta","6.24","0.0","Market Basket","9 oz","9 oz","X4666.jpg","","1"
"13519","Breakfast & Dairy","Dairy & Eggs","Milk","Natrel","Natrel Milk, Low Fat, Chocolate, 1% Milkfat","","Natrel Milk, Low Fat, Chocolate, 1% Milkfat","9.19","0.0","Market Basket","8 count","8 count","14746.jpg","","1"
"34996","Pasta & Sauces","Instant Pasta","Instant Pasta","Kraft","Kraft Liquid Gold Velveeta Shells & Cheese Original ","021000023226","Kraft Liquid Gold Velveeta Shells & Cheese Original ","1.88","0.0","Market Basket","2.39 oz","2.39 oz","X1209.jpg","","4"
"13614","Breakfast & Dairy","Dairy & Eggs","Packaged Cheese","Ambriola","Ambriola Pecorino Romano","","Ambriola Pecorino Romano","6.09","0.0","Market Basket","8 oz","8 oz","Market Basket.jpg","","1"
"418","Kitchen & Cleaning","Trash Bags & Liners","Large Trash Bags","Hefty","Hefty Extra Strong Multipurpose Large Drawstring White Pine Odor Block Trash Bags","","Hefty Extra Strong Multipurpose Large Drawstring White Pine Odor Block Trash Bags","8.59","1.0","Market Basket","28 count","28 count","4687.jpg","","12"
"6587","Beverages & Juices","Juices & Refrigerated Drinks","Refrigerated Drinks","Floridas Natural","Floridas Natural MOST PULP 100% PRIMIUM Florida Natural ORANGE JUICE WITH  NOT CONCENTRATE / NON GMO","","Floridas Natural MOST PULP 100% PRIMIUM Florida Natural ORANGE JUICE WITH  NOT CONCENTRATE / NON GMO","3.74","0.0","Market Basket","52 fl oz","52 fl oz","X269.jpg","","1"
"31733","Meat & Seafood","Packaged Meat & Seafood","Turkey","Hillshire Farm ","Hillshire Farm Ultra Thin Oven Rosted Turkey Breast ","","Hillshire Farm Ultra Thin Oven Rosted Turkey Breast ","4.99","0.0","Market Basket","9 oz","9 oz","X4534.jpg","","1"
"34474","Frozen Food","Frozen Dinners & Entrees","Frozen Appetizers & Sides","SeaPak","SeaPak Jumbo Coconut Shrimp","041322109200","SeaPak Jumbo Coconut Shrimp","9.99","0.0","Market Basket","18 oz","18 oz","X4372.jpg","","18"
"30102","Frozen Food","Frozen Pasta","Frozen Pasta","Angy's","Angy's Lobster Ravioli","075662242105","Angy's Lobster Ravioli","4.36","0.0","Market Basket","20 oz","20 oz","X4308.jpg","","18"
"13385","Breakfast & Dairy","Dairy & Eggs","Cream","Nestle","NestlÃÂ© Coffee Mate Hazelnut All Natural Liquid Coffee Creamer","","NestlÃÂ© Coffee Mate Hazelnut All Natural Liquid Coffee Creamer","2.09","0.0","Market Basket","16 fl oz","16 fl oz","540.jpg","","1"
"5887","Beverages & Juices","Tea, Coffee, Milk & Coconut Water","Single To-Go Coffee","Dunkin' Donuts","Dunkin' Donuts Original Iced Coffee","","Dunkin' Donuts Original Iced Coffee","3.13","0.0","Market Basket","13.7 fl oz","13.7 fl oz","No Image.jpg","","17"
"8049","Cooking Needs","Canned Food","Soup, Broth & Bouillon","Market Basket","Market Basket Cream Of Mushroom Soup","","Market Basket Cream Of Mushroom Soup","0.99","0.0","Market Basket","10.75 oz","10.75 oz","Market Basket.jpg","","2"
"15283","Personal Care","Vitamins & Proteins","Protien Drinks","Boost","Boost HIGH PROTEIN Very Vanilla","","Boost HIGH PROTEIN Very Vanilla","11.26","1.0","Market Basket","6 x 8 fl oz","6 x 8 fl oz","6739.jpg","","13"
"15334","Personal Care","Vitamins & Proteins","Vitamins & Supplements","Nature Made","Nature Made Flaxseed Oil 1000 mg Softgels Value Size","","Nature Made Flaxseed Oil 1000 mg Softgels Value Size","28.05","1.0","Market Basket","180 count","180 count","18184.jpg","","13"
"13713","Breakfast & Dairy","Dairy & Eggs","Packaged Cheese","Market Basket","American Cheese","","American Cheese","4.89","0.0","Market Basket","1 lb","1 lb","Market Basket.jpg","","1"
"6242","Beverages & Juices","Ginger Ale & Ginger Beer","Ginger Beer","Fever-Tree","Fever-Tree Premium Ginger Beer","","Fever-Tree Premium Ginger Beer","7.49","0.0","Market Basket","6.8 fl oz","6.8 fl oz","No Image.jpg","","17"
"5483","Chips, Cookies & Snacks","Candy & Chocolates","Candy & Chocolate","LifeSavers","LifeSavers 5 Flavors Gummies Candy","","LifeSavers 5 Flavors Gummies Candy","2.19","0.0","Market Basket","7 oz","7 oz","14934.jpg","","3"
"8403","Condiments & Dressings","Marinades, Ketchup & Sauces","Marinades & Meat Preparation","Frank's","Frank's RedHot Buffalo Wings Sauce","","Frank's RedHot Buffalo Wings Sauce","4.89","0.0","Market Basket","23 fl oz","23 fl oz","15562.jpg","","2"
"32531","Frozen Food","Frozen Pasta","Frozen Pasta","Lean Cuisine ","Lean Cuisine Mushroom Mezzaluna Ravioli","013800583581","Lean Cuisine Mushroom Mezzaluna Ravioli","3.13","0.0","Market Basket","8 5/8 oz","8 5/8 oz","X4237.jpg","","18"
"281","Kitchen & Cleaning","Dish Detergents","Dishwasher Rinse and Dry Agent","Finish","Finish Jet-Dry Rinse Aid","","Finish Jet-Dry Rinse Aid","3.69","1.0","Market Basket","8.45 fl oz","8.45 fl oz","4345.jpg","","15"
"8736","Condiments & Dressings","Preserved Dips & Spreads","Preserved Dips & Salsa","Green Mountain","Green Mountain Mild Salsa","","Green Mountain Mild Salsa","3.69","0.0","Market Basket","16 oz","16 oz","2017.jpg","","1"
"5638","Chips, Cookies & Snacks","Candy & Chocolates","Mint & Gum","Dentyne","Dentyne Ice Peppermint Sugar Free Gum","","Dentyne Ice Peppermint Sugar Free Gum","2.49","0.0","Market Basket","2.43 oz","2.43 oz","1513.jpg","","3"
"30783","Pasta & Sauces","Instant Pasta","Instant Pasta","Campbell's","Campbell's Sphagettios Meatballs- Pasta with Meatballs made with Chicken, Pork & Beef in Tomato Sauce","051000025630","Campbell's Sphagettios Meatballs- Pasta with Meatballs made with Chicken, Pork & Beef in Tomato Sauce","1.24","0.0","Market Basket","7.25 oz","7.25 oz","X1260.jpg","","4"
"9822","Frozen Food","Frozen Produce","Frozen Produce","Green Giant","Green Giant Roasted Potatoes with Garlic & Herbs Steamers","","Green Giant Roasted Potatoes with Garlic & Herbs Steamers","2.09","0.0","Market Basket","9 oz","9 oz","2447.jpg","","19"
"30475","Breakfast & Dairy","Granola & Oats","Oats","Bob's Red Mill","Bob's Red Mill Organic Old Fashioned Rolled Oats Wholegrain","039978039521","Bob's Red Mill Organic Old Fashioned Rolled Oats Wholegrain","3.74","0.0","Market Basket","16 oz","16 oz","X3667.jpg","","5"
"33580","Beverages & Juices","Juices & Refrigerated Drinks","Refrigerated Drinks","Newman's Own","Newman's Own OLD FASHIONED ROADSIDE Virgin Lemonade Beverage","","Newman's Own OLD FASHIONED ROADSIDE Virgin Lemonade Beverage","2.86","0.0","Market Basket","59 fl oz","59 fl oz","X643.jpg","","1"
"15336","Personal Care","Vitamins & Proteins","Vitamins & Supplements","Nature Made","Nature Made Iron 65mg Tablets","","Nature Made Iron 65mg Tablets","8.5","1.0","Market Basket","180 count","180 count","6685.jpg","","13"
"31697","Condiments & Dressings","Marinades, Ketchup & Sauces","Ketchup","Heinz ","Heinz Est 1869 Tomato Ketchup 57 Varieties","01310308","Heinz Est 1869 Tomato Ketchup 57 Varieties","1.99","0.0","Market Basket","24 oz","24 oz","X2137.jpg","","2"
"31569","Frozen Food","Frozen Dinners & Entrees","Frozen Appetizers & Sides","Gorton's","Gorton's Shrimp Scampi Garlic Butter","044400139007","Gorton's Shrimp Scampi Garlic Butter","7.49","0.0","Market Basket","10.5 oz","10.5 oz","X4378.jpg","","18"
"33851","Pasta & Sauces","Raw Pasta","Raw Pasta","Pastene","Pastene Nidi 81","066086070900","Pastene Nidi 81","1.25","0.0","Market Basket","16 oz","16 oz","X1603.jpg","","4"
"5449","Chips, Cookies & Snacks","Candy & Chocolates","Candy & Chocolate","Haribo","Haribo Gummi Candy Gold Bears","","Haribo Gummi Candy Gold Bears","1.29","0.0","Market Basket","5 oz","5 oz","1059.jpg","","3"
"15225","Personal Care","Personal Needs","Oral Hygiene","Market Basket","Market Basket Clean+ Toothbrush Firm","","Market Basket Clean+ Toothbrush Firm","0.91","1.0","Market Basket","1 count","1 count","Market Basket.jpg","","13"
"32176","Frozen Food","Frozen Breakfast","Frozen Waffles","Kellogg's ","Kellogg's Waffles Chocholety Chip","038000333644","Kellogg's Waffles Chocholety Chip","6.11","0.0","Market Basket","29.6 oz","29.6 oz","X5043.jpg","","19"
"33271","Condiments & Dressings","Pickled Goods & Olives","Olives","Mezzetta ","Mezzetta Since 1935 Family Co Sliced Greek Kalamata Olives Hand Selected","073214006199","Mezzetta Since 1935 Family Co Sliced Greek Kalamata Olives Hand Selected","5.36","0.0","Market Basket","20 oz","20 oz","X2240.jpg","","2"
"10134","Frozen Food","Ice Cream & Ice","Ice Cream & Ice","Lindy's","Lindy's Homemade Italian Ice Orange","","Lindy's Homemade Italian Ice Orange","2.49","0.0","Market Basket","6 fl oz","6 fl oz","16175.jpg","","21"
"31648","Beverages & Juices","Juices & Refrigerated Drinks","Juice & Nectars","Hawaiian Punch","Hawaiian Punch Berry Blue Typhoon","014800646474","Hawaiian Punch Berry Blue Typhoon","2.5","0.0","Market Basket","1 gal","1 gal","X3153.jpg","","10"
"30413","Chips, Cookies & Snacks","Chips & Fruit Snacks","Fruit & Vegetable Snacks","Betty Crocker","Fruit Roll-Ups Peel 'N Build Flaver Mixers Strowberry ","016000454729","Fruit Roll-Ups Peel 'N Build Flaver Mixers Strowberry ","2.5","0.0","Market Basket","5 oz","5 oz","X5171.jpg","","19"
"6872","Cooking Needs","Baking & Cooking","Baking Ingredients","Market Basket","Market Basket Baking Cocoa","","Market Basket Baking Cocoa","2.79","0.0","Market Basket","8 oz","8 oz","Market Basket.jpg","","8"
"4891","Chips, Cookies & Snacks","Chips & Fruit Snacks","Chips & Pretzels","Market Basket","Market Basket Honey Wheat Braided Pretzels","","Market Basket Honey Wheat Braided Pretzels","1.55","0.0","Market Basket","9 oz","9 oz","Market Basket.jpg","","0"
"3850","Fresh Produce","Fresh Vegetables","Garlic","Spice World","Spice World Fresh Garlic Bulbs bag - 5 CT","","Spice World Fresh Garlic Bulbs bag - 5 CT","2.4","0.0","Market Basket","1 bag","1 bag","31.jpg","","20"
"7645","Cooking Needs","Canned Food","Canned Fruit & Applesauce","Libby's","Libby's Yellow Cling No Sugar Added Peach Slices","","Libby's Yellow Cling No Sugar Added Peach Slices","3.09","0.0","Market Basket","23.5 oz","23.5 oz","4954.jpg","","3"
"30321","Pasta & Sauces","Raw Pasta","Raw Pasta","Barilla","Barilla Veggie Pasta Spaghetti","076808004120","Barilla Veggie Pasta Spaghetti","1.74","0.0","Market Basket","12 oz","12 oz","X1625.jpg","","4"
"4557","Meat & Seafood","Lunch Meat","Other Meat","San Daniele","San Daniele Pancetta","","San Daniele Pancetta","3.69","0.0","Market Basket","3 oz","3 oz","5453.jpg","","22"
"6976","Cooking Needs","Baking & Cooking","Doughs, Gelatins & Bake Mixes","Jell-O","Jell O Lime Gelatin Dessert Mix","","Jell O Lime Gelatin Dessert Mix","1.09","0.0","Market Basket","3 oz","3 oz","2051.jpg","","8"
"31403","Meat & Seafood","Packaged Meat & Seafood","Chourizos","Gaspars ","Gaspars Chourizos","","Gaspars Chourizos","7.49","0.0","Market Basket","16 oz","16 oz","X4617.jpg","","1"
"10211","Frozen Food","Ice Cream & Ice","Ice Cream & Ice","Popsicle","Popsicle Ice Pops Sugar Free Red Classics","","Popsicle Ice Pops Sugar Free Red Classics","3.69","0.0","Market Basket","18 count","18 count","18014.jpg","","21"
"33050","Breakfast & Dairy","Bars & Pastries","Pastries","Market Basket ","Market Basket Toaster Pasteries Cookies & Cream","049705010501","Market Basket Toaster Pasteries Cookies & Cream","1.24","0.0","Market Basket","11 oz","11 oz","X3526.jpg","","5"
"4374","Meat & Seafood","Meat & Seafood Counter","Turkey Breast","Shady Brook Farms","Shady Brook Turkey Breast Scallopini","","Shady Brook Turkey Breast Scallopini","7.19","0.0","Market Basket","1 lb","1 lb","No Image.jpg","","22"
"13956","Breakfast & Dairy","Dairy & Eggs","Specialty Cheeses","Market Basket","Market Basket Harvarti With Dill","","Market Basket Harvarti With Dill","4.69","0.0","Market Basket","0.76 lb","0.76 lb","Market Basket.jpg","","1"
"33320","Beverages & Juices","Juices & Refrigerated Drinks","Juice & Nectars","Minute Maid","Minute Maid Apple Juice","025000101489","Minute Maid Apple Juice","3.49","0.0","Market Basket","8 x 6 fl oz","8 x 6 fl oz","X3069.jpg","","10"
"32047","Breakfast & Dairy","Cereal","Cereal","Kashi","Kashi Berry Fruitful Organic Whole Wheat Biscuits","018627739180","Kashi Berry Fruitful Organic Whole Wheat Biscuits","3.75","0.0","Market Basket","15.6 oz","15.6 oz","X3721.jpg","","5"
"13887","Breakfast & Dairy","Dairy & Eggs","Soy & Lactose-Free","Market Basket","Market Basket 80% Vegetable Oil Margarine","","Market Basket 80% Vegetable Oil Margarine","1.29","0.0","Market Basket","16 oz","16 oz","Market Basket.jpg","","1"
"7347","Cooking Needs","Spices & Seasonings","Spices & Seasonings","McCormick","McCormick Raspberry Extract With Other Natural Flavors","","McCormick Raspberry Extract With Other Natural Flavors","3.69","0.0","Market Basket","1 fl oz","1 fl oz","2181.jpg","","9"
"33166","Condiments & Dressings","Marinades, Ketchup & Sauces","Sauces","Market Basket ","Market Basket Cocktail Sauce ","049705027745","Market Basket Cocktail Sauce ","3.13","0.0","Market Basket","14 oz","14 oz","X2125.jpg","","2"
"34179","Beverages & Juices","Tea, Coffee, Milk & Coconut Water","Tea","Pure Leaf","Pure Leaf Mango Hibiscus Brewed Herbal Tea","012000181030","Pure Leaf Mango Hibiscus Brewed Herbal Tea","1.24","0.0","Market Basket","18.5 fl oz","18.5 fl oz","X2946.jpg","","10"
"3778","Fresh Produce","Fresh Organic Fruits","Grapefruit","Market Basket","Organic Grapefruit","","Organic Grapefruit","2.75","0.0","Market Basket","1 count","1 count","14269.jpg","","20"
"31208","Chips, Cookies & Snacks","Candy & Chocolates","Candy & Chocolate","Dubble Bubbles ","Dubble Bubbles Gum Balls Machine Size Refills ","","Dubble Bubbles Gum Balls Machine Size Refills ","1.86","0.0","Market Basket","7 oz","7 oz","X237.jpg","","3"
"31287","Breakfast & Dairy","Breads & Rolls","Rolls","Fantini","Fantini 6 Mini Split Top Rolls","","Fantini 6 Mini Split Top Rolls","1.88","0.0","Market Basket","12 oz","12 oz","X2648.jpg","","18"
"6889","Cooking Needs","Baking & Cooking","Baking Ingredients","Market Basket","Market Basket Semi Sweet Chocolate Chips","","Market Basket Semi Sweet Chocolate Chips","2.79","0.0","Market Basket","12 oz","12 oz","Market Basket.jpg","","8"
"34306","Cooking Needs","Baking & Cooking","Pizza Sauce","Ragu","Ragu Pizza Sauce ","036200005507","Ragu Pizza Sauce ","1.61","0.0","Market Basket","14 oz","14 oz","X1325.jpg","","4"
"33660","Beverages & Juices","Juices & Refrigerated Drinks","Juice & Nectars","Ocean Spray","Ocean Spray Ruby Red 100% Juice No sugar Added","031200330062","Ocean Spray Ruby Red 100% Juice No sugar Added","3.99","0.0","Market Basket","60 fl oz","60 fl oz","X2826.jpg","","10"
"13454","Breakfast & Dairy","Dairy & Eggs","Milk","Fairlife","Fairlife Milk Lactose Free Whole Milk","","Fairlife Milk Lactose Free Whole Milk","4.61","0.0","Market Basket","52 fl oz","52 fl oz","530.jpg","","1"
"35082","Beverages & Juices","Juices & Refrigerated Drinks","Juice & Nectars","Welch's","Welch's Strawberry Kiwi","041800453009","Welch's Strawberry Kiwi","1.74","0.0","Market Basket","16 fl oz","16 fl oz","X3145.jpg","","10"
"34007","Cooking Needs","Baking & Cooking","Stuffing Mix","Pepperidge Farm","Pepperidge Farm Herb Seasoned CLASSIC STUFFING White and Wheat Breads Blended With Herbs & Spices","","Pepperidge Farm Herb Seasoned CLASSIC STUFFING White and Wheat Breads Blended With Herbs & Spices","3.13","0.0","Market Basket","12 oz","12 oz","X725.jpg","","1"
"4878","Chips, Cookies & Snacks","Chips & Fruit Snacks","Chips & Pretzels","Lay's","Lay's Cheddar & Sour Cream","","Lay's Cheddar & Sour Cream","3.91","0.0","Market Basket","7.75 oz","7.75 oz","No Image.jpg","","0"
"33240","Cooking Needs","Oils & Vinegars","Oils & Vinegars","Marukan ","Marukan Seasoned Gourmet  Rice Vinegar ","070641000097","Marukan Seasoned Gourmet  Rice Vinegar ","3.74","0.0","Market Basket","12 fl oz","12 fl oz","X5325.jpg","","3"
"30641","Pasta & Sauces","Pasta Sauce","Pasta Sauce","Bove's","Bove's Pasta Sauce Basil No Added Sugar","609231000072","Bove's Pasta Sauce Basil No Added Sugar","4.99","0.0","Market Basket","24 oz","24 oz","X1499.jpg","","4"
"6352","Beverages & Juices","Soft Drinks & Seltzers","Soft Drinks","Polar","Polar Premium Club Soda","","Polar Premium Club Soda","1.49","0.0","Market Basket","1 L","1 L","No Image.jpg","","11"
"14581","Beverages & Juices","Tea, Coffee, Milk & Coconut Water","Tea","Pure Leaf","Pure Leaf Honey Green Tea Real Brewed Tea","012000041174","Pure Leaf Honey Green Tea Real Brewed Tea","1.24","0.0","Market Basket","18.5 fl oz","18.5 fl oz","X2947.jpg","","10"
"14520","Breakfast & Dairy","Tea & Coffee","Tea","Bigelow ","Bigelow Classic Green Tea","","Bigelow Classic Green Tea","3.09","0.0","Market Basket","20 x 0.05 oz","20 x 0.05 oz","3412.jpg","","8"
"31527","Beverages & Juices","Tea, Coffee, Milk & Coconut Water","Tea","Gold Peak Tea","Gold Peak Tea Unsweetened","083900005771","Gold Peak Tea Unsweetened","1.66","0.0","Market Basket","18.5 fl oz","18.5 fl oz","X2934.jpg","","10"
"31175","Frozen Food","Frozen Pizza","Frozen Pizza","Digiorno","Digiorno Three Meat ","071921814243","Digiorno Three Meat ","7.49","0.0","Market Basket","26.4 oz","26.4 oz","X4931.jpg","","19"
"10487","Cooking Needs","Rice & Grains","Instant Rice","Goya","Goya Spanish Style Instant Yellow Rice","","Goya Spanish Style Instant Yellow Rice","2.49","0.0","Market Basket","6 oz","6 oz","5742.jpg","","7"
"35043","Beverages & Juices","Energy & Sports Drinks","Energy & Sports Drinks","Vitamin Water","Vitamin Water Zero Sugar Ice Cool Blueberry Lavender","786162005311","Vitamin Water Zero Sugar Ice Cool Blueberry Lavender","1.1","0.0","Market Basket","20 fl oz","20 fl oz","X2772.jpg","","10"
"15126","Personal Care","Personal Needs","Facial Care","Skin Active","Skin Active Miracle Skin Perfector Normal/Dry Skin Light/Medium BB Cream","","Skin Active Miracle Skin Perfector Normal/Dry Skin Light/Medium BB Cream","17.58","1.0","Market Basket","2.5 fl oz","2.5 fl oz","6260.jpg","","13"
"30880","Pasta & Sauces","Instant Pasta","Instant Pasta","Chef Boyardee","Chef Boyardee Beef Ravioli in Pasta Sauce ","064144043156","Chef Boyardee Beef Ravioli in Pasta Sauce ","1.25","0.0","Market Basket","15 oz","15 oz","X1248.jpg","","4"
"10420","Cooking Needs","Canned Food","Canned Food","Goya","Goya Pinto Beans","","Goya Pinto Beans","2.09","0.0","Market Basket","16 oz","16 oz","5806.jpg","","7"
"31686","Cooking Needs","Canned Food","Baked Beans","Heinz","Heinz Est 1869 Beans With Tomato Sauce 57 Varieties","","Heinz Est 1869 Beans With Tomato Sauce 57 Varieties","2.49","0.0","Market Basket","13.7 oz","13.7 oz","X1808.jpg","","2"
"3672","Fresh Produce","Fresh Fruits","Lemon","Sunkist","Sunkist Lemons, Baby","","Sunkist Lemons, Baby","4.01","0.0","Market Basket","1 lb","1 lb","7.jpg","","20"
"31111","Breakfast & Dairy","Dairy & Eggs","Yogurt","Dannon","Dannon Light+Fit Greek Tiramisu Naturally & Artifically Flavored ","","Dannon Light+Fit Greek Tiramisu Naturally & Artifically Flavored ","1.25","0.0","Market Basket","5.3 oz","5.3 oz","X213.jpg","","1"
"33257","Breakfast & Dairy","Granola & Oats","Oats","McCann's","McCann's Irish Oatmeal Regular","072463000286","McCann's Irish Oatmeal Regular","4.99","0.0","Market Basket","11.85 oz","11.85 oz","X3573.jpg","","5"
"34081","Breakfast & Dairy","Bars & Pastries","Pastries","Pop Tarts","Pop Tarts Frosted S'mores","038000222986","Pop Tarts Frosted S'mores","4.99","0.0","Market Basket","27 oz","27 oz","X3491.jpg","","5"
"9876","Frozen Food","Frozen Produce","Frozen Produce","Market Basket","Market Basket Quick And Steamy Broccoli Cuts","","Market Basket Quick And Steamy Broccoli Cuts","1.29","0.0","Market Basket","12 oz","12 oz","Market Basket.jpg","","19"
"15139","Personal Care","Personal Needs","Oral Hygiene","Act","Act Kids Anticavity Fluoride Rinse Bubble Gum Blowout","","Act Kids Anticavity Fluoride Rinse Bubble Gum Blowout","6.66","1.0","Market Basket","16.9 fl oz","16.9 fl oz","6467.jpg","","13"
"30010","Breakfast & Dairy","Dairy & Eggs","Yogurt","Activia ","Activia Black Cherry Lowfat Yogurt 1.5% Milkfat Vitamin D","","Activia Black Cherry Lowfat Yogurt 1.5% Milkfat Vitamin D","3.13","0.0","Market Basket","4 x 4 oz","4 x 4 oz","X7.jpg","","1"
"153","Kitchen & Cleaning","Cleaning Products","Other Cleaning Products","Scrub Free","Scrub Free Daily Shower Cleaner Fresh Clean Scent","","Scrub Free Daily Shower Cleaner Fresh Clean Scent","2.49","1.0","Market Basket","32 fl oz","32 fl oz","16769.jpg","","15"
"14943","Personal Care","First Aid & Healthcare","Digestion","Topcare","TopCare Antacid Advanced Regular Strength Mint","","TopCare Antacid Advanced Regular Strength Mint","4.82","1.0","Market Basket","12 fl oz","12 fl oz","6656.jpg","","13"
"34211","Breakfast & Dairy","Granola & Oats","Granola","Purely Elizabeth ","Purely Elizabeth Probiotic Granola Chocolate Sea Salt + Probiotics","855410002687","Purely Elizabeth Probiotic Granola Chocolate Sea Salt + Probiotics","7.49","0.0","Market Basket","8 oz","8 oz","X3757.jpg","","5"
"34496","Beverages & Juices","Juices & Refrigerated Drinks","Refrigerated Drinks","Simply","Simply Grapefruit  ALL NATURAL NOT FROM CONCENTRATE 100% GRAPEFRUIT JUICE","","Simply Grapefruit  ALL NATURAL NOT FROM CONCENTRATE 100% GRAPEFRUIT JUICE","3.74","0.0","Market Basket","52 fl oz","52 fl oz","X767.jpg","","1"
"33624","Breakfast & Dairy","Dairy & Eggs","Yogurt","Noosa","Noosa Coconut ","","Noosa Coconut ","2.5","0.0","Market Basket","8 oz","8 oz","X672.jpg","","1"
"30235","Beverages & Juices","Energy & Sports Drinks","Energy & Sports Drinks","Bai","Bai Super Tea Soccoro Sweet","813694024128","Bai Super Tea Soccoro Sweet","2.5","0.0","Market Basket","18 fl oz","18 fl oz","X2733.jpg","","10"
"32754","Frozen Food","Frozen Dinners & Entrees","Frozen Meal","Marie Callender's","Marie Callender's New Orleans Style Chicken Alfredo Bowl","021131000226","Marie Callender's New Orleans Style Chicken Alfredo Bowl","3.13","0.0","Market Basket","11 oz","11 oz","X4061.jpg","","18"
"34575","Beverages & Juices","Tea, Coffee, Milk & Coconut Water","Tea","Snapple","Snapple All Natural Lemonade Iced Tea Half n half Low Calorie","076183000229","Snapple All Natural Lemonade Iced Tea Half n half Low Calorie","3.13","0.0","Market Basket","64 fl oz","64 fl oz","X2989.jpg","","10"
"30547","Cooking Needs","Baking & Cooking","Flour","Bob's Red Mill","Bob's Red Mill Arrowroot Starch/ Flour ","039978025050","Bob's Red Mill Arrowroot Starch/ Flour ","6.61","0.0","Market Basket","16 oz","16 oz","X5255.jpg","","3"
"32046","Breakfast & Dairy","Cereal","Cereal","Kashi","Kashi Cinnamon Harvest Organic Whole Wheat Biscuits","018627703174","Kashi Cinnamon Harvest Organic Whole Wheat Biscuits","3.75","0.0","Market Basket","16.3 oz","16.3 oz","X3720.jpg","","5"
"33593","Frozen Food","Frozen Pizza","Frozen Pizza","Newman's Own ","Newman's Own Thin And Crispy Pizza Uncured Pepperoni","020662006011","Newman's Own Thin And Crispy Pizza Uncured Pepperoni","6.61","0.0","Market Basket","15.1 oz","15.1 oz","X4911.jpg","","19"
"32027","Breakfast & Dairy","Bars & Pastries","Granola Bars","Kashi","Kashi Dark Mocha Almond Chewy Granola Bars","018627428947","Kashi Dark Mocha Almond Chewy Granola Bars","3.75","0.0","Market Basket","6 x 1.02 oz","6 x 1.02 oz","X3924.jpg","","5"
"586","Laundry & Paper Goods","Laundry","Scent Booster","Snuggle","Snuggle Scent Shakes Scent Booster Blue Sparkle","","Snuggle Scent Shakes Scent Booster Blue Sparkle","5.61","1.0","Market Basket","255 g","255 g","No Image.jpg","","15"
"32421","Pasta & Sauces","Instant Pasta","Instant Pasta","Kraft","Kraft Macaroni & Cheese Paw Patrol","021000028245","Kraft Macaroni & Cheese Paw Patrol","1.88","0.0","Market Basket","1.9 oz","1.9 oz","X1207.jpg","","4"
"3428","Fresh Produce","Fresh Fruits","Apple","Market Basket","Apples Oranges Combo","","Apples Oranges Combo","9.89","0.0","Market Basket","1 bag(s)","1 bag(s)","f1.jpg","","20"
"10229","Frozen Food","Ice Cream & Ice","Ice Cream & Ice","Talenti","Talenti Gelato Black Raspberry Chocolate Chip","","Talenti Gelato Black Raspberry Chocolate Chip","4.89","0.0","Market Basket","16 fl oz","16 fl oz","3177.jpg","","21"
"4541","Meat & Seafood","Lunch Meat","Other Meat","Del Duca","Del Duca Prosciutto Panino","","Del Duca Prosciutto Panino","6.89","0.0","Market Basket","8 oz","8 oz","5460.jpg","","22"
"34777","Cooking Needs","Canned Food","Baked Beans","Tabasco ","Tabasco Brand Homestyle Chili Started","","Tabasco Brand Homestyle Chili Started","3.75","0.0","Market Basket","16 oz","16 oz","X1850.jpg","","2"
"3609","Fresh Produce","Fresh Vegetables","Eggplant","Market Basket","Japnese Eggplant","","Japnese Eggplant","3.29","0.0","Market Basket","1 lb","1 lb","f191.jpg","","20"
"10017","Frozen Food","Ice Cream & Ice","Ice Cream & Ice","Edy's/dreyer's","Edy's/Dreyer's SLOW CHURNED Chocolate Light Ice Cream","","Edy's/Dreyer's SLOW CHURNED Chocolate Light Ice Cream","8.29","0.0","Market Basket","48 fl oz","48 fl oz","3038.jpg","","21"
"5507","Chips, Cookies & Snacks","Candy & Chocolates","Candy & Chocolate","M&M","M&m's Peanut Milk Chocolate Candy Party Size","","M&m's Peanut Milk Chocolate Candy Party Size","10.99","0.0","Market Basket","42 oz","42 oz","1010.jpg","","3"
"9593","Frozen Food","Frozen Dinners & Entrees","Frozen Meal","Nestle","Lean Pockets Nestle Roasted Turkey, Bacon & Cheese In Pretzel Bread","","Lean Pockets Nestle Roasted Turkey, Bacon & Cheese In Pretzel Bread","2.49","0.0","Market Basket","2 x 9 oz","2 x 9 oz","15894.jpg","","18"
"33755","Meat & Seafood","Packaged Meat & Seafood","Hot Dogs & Franks","Oscar Mayer ","Oscar Mayer Turkey Uncured Franks ","","Oscar Mayer Turkey Uncured Franks ","2.49","0.0","Market Basket","16 oz","16 oz","X4582.jpg","","1"
"4164","Meat & Seafood","Meat & Seafood Counter","Lamb","Market Basket","Market Basket Lamb Loin Chops","","Market Basket Lamb Loin Chops","14.69","0.0","Market Basket","Approx: 1.01 lb at $14.6/lb","Approx: 1.01 lb at $14.6/lb","Market Basket.jpg","","22"
"32055","Frozen Food","Frozen Breakfast","Frozen Breakfast","Katz","Katz Choclate Frosted Donut ","893536002705","Katz Choclate Frosted Donut ","6.24","0.0","Market Basket","14 oz","14 oz","X5081.jpg","","19"
"13541","Breakfast & Dairy","Dairy & Eggs","Other Creams & Cheeses","BelGioioso","BelGioioso Mascarpone Cream Cheese Spread","","BelGioioso Mascarpone Cream Cheese Spread","3.69","0.0","Market Basket","8 oz","8 oz","709.jpg","","1"
"6828","Cooking Needs","Baking & Cooking","Baking Ingredients","Domino","Domino Sugar Pure Cane Granulated","","Domino Sugar Pure Cane Granulated","4.09","0.0","Market Basket","4 lb","4 lb","2332.jpg","","8"
"35060","Condiments & Dressings","Honey, Syrup & Nectars","Syrup","Walden farms","Walden farms Pancake Syrup","072457880665","Walden farms Pancake Syrup","4.36","0.0","Market Basket","12 fl oz","12 fl oz","X3196.jpg","","2"
"3741","Fresh Produce","Fresh Herbs","Basil","Market Basket","Basil Package","","Basil Package","2.86","0.0","Market Basket","1 oz container","1 oz container","14545.jpg","","20"
"32615","Pasta & Sauces","Pasta Sauce","Pasta Sauce","Lucini","Lucini Organic Pasta Sauce Tuscan Marinara","648505507244","Lucini Organic Pasta Sauce Tuscan Marinara","8.74","0.0","Market Basket","25.5 oz","25.5 oz","X1513.jpg","","4"
"30632","Pasta & Sauces","Pasta Sauce","Pasta Sauce","Botticelli","Botticelli Premium Pasta Sauce Tomato and Basil","855019000325","Botticelli Premium Pasta Sauce Tomato and Basil","6.24","0.0","Market Basket","24 oz","24 oz","X1493.jpg","","4"
"4951","Chips, Cookies & Snacks","Chips & Fruit Snacks","Chips & Pretzels","Stacy'S","Stacy'S Bagel Chips Simply Naked","","Stacy'S Bagel Chips Simply Naked","3.13","0.0","Market Basket","7 oz","7 oz","935.jpg","","0"
"32527","Frozen Food","Frozen Dinners & Entrees","Frozen Meal","Lean Cuisine ","Lean Cuisine Salisbury Steak with Macaroni & Cheese","013800166197","Lean Cuisine Salisbury Steak with Macaroni & Cheese","3.13","0.0","Market Basket","9 1/2 oz","9 1/2 oz","X4248.jpg","","18"
"14673","Personal Care","Body Wash, Soap & Hair Care","Body Lotion","Suave","Suave Body Lotion Advanced Therapy","","Suave Body Lotion Advanced Therapy","3.55","1.0","Market Basket","10 oz","10 oz","17711.jpg","","13"
"31802","Pasta & Sauces","Instant Pasta","Instant Pasta","Hormel","Hormel Dinty Chicken Breast & Mashed potatoes with gravy roasted white meat chicken & creamy mashed potatoes with flavorful chicken gravy","037600492317","Hormel Dinty Chicken Breast & Mashed potatoes with gravy roasted white meat chicken & creamy mashed potatoes with flavorful chicken gravy","2.5","0.0","Market Basket","10 oz","10 oz","X1242.jpg","","4"
"34524","Frozen Food","Frozen Dinners & Entrees","Frozen Meal","Smart Ones","Smart Ones Thin Crust Cheese Pizza","025800028900","Smart Ones Thin Crust Cheese Pizza","2.5","0.0","Market Basket","4.4 oz","4.4 oz","X4208.jpg","","18"
"3868","Fresh Produce","Fresh Vegetables","Kale","Market Basket","Kale Greens","","Kale Greens","2.19","0.0","Market Basket","1 count","1 count","f210.jpg","","20"
"4953","Chips, Cookies & Snacks","Chips & Fruit Snacks","Chips & Pretzels","Stacy'S","Stacy'S Baked Pita Chips Cinnamon Sugar","","Stacy'S Baked Pita Chips Cinnamon Sugar","3.13","0.0","Market Basket","7.3 oz","7.3 oz","932.jpg","","0"
"33598","Condiments & Dressings","Salad Dressings & Toppings","Salad Dressing & Toppings","Newmen's Own","Newmen's Own Organics Oil & Vinegar Dressing Gluten Free","020662003706","Newmen's Own Organics Oil & Vinegar Dressing Gluten Free","4.11","0.0","Market Basket","12 fl oz","12 fl oz","X647.jpg","","2"
"32037","Breakfast & Dairy","Cereal","Cereal","Kashi","Kashi Go Love Chocolate Crunch ","018627107576","Kashi Go Love Chocolate Crunch ","3.75","0.0","Market Basket","12.2 oz","12.2 oz","X3711.jpg","","5"
"7965","Cooking Needs","Canned Food","Soup, Broth & Bouillon","Campbell's","Campbell's Condensed Campbell's Condensed Homestyle Chicken Noodle Soup","","Campbell's Condensed Campbell's Condensed Homestyle Chicken Noodle Soup","1.89","0.0","Market Basket","10.5 oz","10.5 oz","5299.jpg","","9"
"13290","Breakfast & Dairy","Dairy & Eggs","Butter","I Can't Believe It's Not Butter","I Can't Believe It's Not Butter Buttery Spread Original","","I Can't Believe It's Not Butter Buttery Spread Original","3.29","0.0","Market Basket","15 oz","15 oz","632.jpg","","1"
"9525","Frozen Food","Frozen Dinners & Entrees","Frozen Appetizers & Sides","Lean Pockets","Lean Pockets Chicken Broccoli & Cheddar Frozen Sandwiches","","Lean Pockets Chicken Broccoli & Cheddar Frozen Sandwiches","2.49","0.0","Market Basket","2 x 4.5 oz","2 x 4.5 oz","15912.jpg","","19"
"4323","Meat & Seafood","Meat & Seafood Counter","Pork","Market Basket","Market Basket Pork Spare Ribs","","Market Basket Pork Spare Ribs","6.64","0.0","Market Basket","Approx: 2.15 lb at $3.09/lb","Approx: 2.15 lb at $3.09/lb","Market Basket.jpg","","22"
"33510","Breakfast & Dairy","Bars & Pastries","Pastries","Nature's Path","Nature's Path Frosted Buncha Blueberries","058449410010","Nature's Path Frosted Buncha Blueberries","4.36","0.0","Market Basket","11 oz","11 oz","X3518.jpg","","5"
"30220","Cooking Needs","Canned Food","Baked Beans","B&M","B&M Brick Oven Baked Home Style Baked Beans ","","B&M Brick Oven Baked Home Style Baked Beans ","1.49","0.0","Market Basket","16 oz","16 oz","X1812.jpg","","2"
"9481","Frozen Food","Frozen Dinners & Entrees","Frozen Meal","InnovAsian","InnovAsian Cuisine Beef & Broccoli, Mildly Spicy","","InnovAsian Cuisine Beef & Broccoli, Mildly Spicy","6.09","0.0","Market Basket","16 oz","16 oz","16000.jpg","","18"
"32520","Frozen Food","Frozen Dinners & Entrees","Frozen Meal","Lean Cuisine ","Lean Cuisine Sweet & Spicy Korean Style Beef","013800245694","Lean Cuisine Sweet & Spicy Korean Style Beef","3.13","0.0","Market Basket","8 3/4 oz","8 3/4 oz","X4241.jpg","","18"
"4940","Chips, Cookies & Snacks","Chips & Fruit Snacks","Chips & Pretzels","Snyder's of Hanover","Snyder's of Hanover Pretzel Rods","","Snyder's of Hanover Pretzel Rods","5.45","0.0","Market Basket","12 oz","12 oz","900.jpg","","0"
"8086","Cooking Needs","Canned Food","Soup, Broth & Bouillon","Pacific","Pacific Foods Organic Roasted Red Pepper & Tomato Soup","","Pacific Foods Organic Roasted Red Pepper & Tomato Soup","4.89","0.0","Market Basket","32 fl oz","32 fl oz","5360.jpg","","9"
"31437","Beverages & Juices","Energy & Sports Drinks","Energy & Sports Drinks","Gatorade","Gatorade Thirst Quencher 18 Pack: 6 Berry, 6 Strawberry and 6 Fierce Grape","052000123258","Gatorade Thirst Quencher 18 Pack: 6 Berry, 6 Strawberry and 6 Fierce Grape","11.86","0.0","Market Basket","18 x 12 fl oz","18 x 12 fl oz","X2684.jpg","","10"
"30761","Condiments & Dressings","Pickled Goods & Olives","Relish","Cains","Cains Sweet Pickel Relish Barrel Cured","041660203301","Cains Sweet Pickel Relish Barrel Cured","2.86","0.0","Market Basket","12 oz","12 oz","X2210.jpg","","2"
"13336","Breakfast & Dairy","Dairy & Eggs","Cream","Coffee-mate","Coffee mate Sugar Free Hazelnut Liquid Coffee Creamer","","Coffee mate Sugar Free Hazelnut Liquid Coffee Creamer","3.69","0.0","Market Basket","32 fl oz","32 fl oz","551.jpg","","1"
"33647","Cooking Needs","Oils & Vinegars","Oils & Vinegars","Nutiva ","Nutiva Nurture Vitality Coconut Oil Organic SuperFood Refined Neutral Flavor For All Recipes","692752106866","Nutiva Nurture Vitality Coconut Oil Organic SuperFood Refined Neutral Flavor For All Recipes","9.99","0.0","Market Basket","14 fl oz","14 fl oz","X1972.jpg","","2"
"30405","Pasta & Sauces","Instant Pasta","Instant Pasta","Betty Crocker","Betty Crocker Suddenly Pasta Salad Ranch and Bacon, Pasta, Vegetable Blend and Seasoning","016000509405","Betty Crocker Suddenly Pasta Salad Ranch and Bacon, Pasta, Vegetable Blend and Seasoning","2.5","0.0","Market Basket","7.5 oz","7.5 oz","X1136.jpg","","4"
"14776","Personal Care","Body Wash, Soap & Hair Care","Hair Care","Pantene","Pantene Pro-V Volume Body Boosting Mousse to Boost Fine, Flat Hair for Maximum Fullness","","Pantene Pro-V Volume Body Boosting Mousse to Boost Fine, Flat Hair for Maximum Fullness","6.31","1.0","Market Basket","6.6 oz","6.6 oz","6578.jpg","","13"
"10418","Cooking Needs","Canned Food","Canned Food","Goya","Goya Navy Beans","","Goya Navy Beans","1.59","0.0","Market Basket","16 oz","16 oz","5821.jpg","","7"
"13760","Breakfast & Dairy","Dairy & Eggs","Packaged Cheese","Market Basket","Market Basket Shredded Mexican Cheese","","Market Basket Shredded Mexican Cheese","2.49","0.0","Market Basket","8 oz","8 oz","Market Basket.jpg","","1"
"14959","Personal Care","First Aid & Healthcare","First Aid","Cortizone-10","Cortizone-10 Plus Ultra Moisturizing Creme","","Cortizone-10 Plus Ultra Moisturizing Creme","8.15","1.0","Market Basket","1 oz","1 oz","6534.jpg","","13"
"5668","Chips, Cookies & Snacks","Candy & Chocolates","Mint & Gum","Orbit","Orbit Wrigley's Orbit Sugarfree Gum Spearmint 55 CT","","Orbit Wrigley's Orbit Sugarfree Gum Spearmint 55 CT","3.69","0.0","Market Basket","55 ct","55 ct","1493.jpg","","3"
"6248","Beverages & Juices","Water","Water","Crystal Geyser","Crystal Geyser Natural Alpine Spring Water","","Crystal Geyser Natural Alpine Spring Water","1.49","0.0","Market Basket","6 x 16.9 fl oz","6 x 16.9 fl oz","16223.jpg","","11"
"6218","Beverages & Juices","Soft Drinks & Seltzers","Seltzer","Adirondack","Adirondack Beverages Seltzer, Mandarin Orange","","Adirondack Beverages Seltzer, Mandarin Orange","3.13","0.0","Market Basket","6 x 16.9 fl oz","6 x 16.9 fl oz","No Image.jpg","","11"
"8986","Condiments & Dressings","Preserved Dips & Spreads","Spreads","Jif","Jif Creamy Peanut Butter","","Jif Creamy Peanut Butter","3.49","0.0","Market Basket","15.5 oz","15.5 oz","1656.jpg","","3"
"33894","Condiments & Dressings","Pickled Goods & Olives","Pickled Goods & Olives","Pastene","Pastene Since 1874 Garden Salad ","066086101444","Pastene Since 1874 Garden Salad ","4.99","0.0","Market Basket","32 fl oz","32 fl oz","X2354.jpg","","2"
"31476","Breakfast & Dairy","Cereal","Cereal","General Mills","General Mills Honey Nut Chex","016000487925","General Mills Honey Nut Chex","3.13","0.0","Market Basket","12.5 oz","12.5 oz","X3453.jpg","","5"
"30507","Breakfast & Dairy","Cereal","Meal Supplements","Bob's Red Mill","Bob's Red Mill Whole Golden Flax Seed Meal ","039978029393","Bob's Red Mill Whole Golden Flax Seed Meal ","3.74","0.0","Market Basket","13 oz","13 oz","X5215.jpg","","3"
"32390","Breakfast & Dairy","Breads & Rolls","Rolls","Koffee Kup Bakery","Koffee Kup Bakery Grinder Rolls","074016015501","Koffee Kup Bakery Grinder Rolls","4.86","0.0","Market Basket","19.2 oz","19.2 oz","X2591.jpg","","18"
"4936","Chips, Cookies & Snacks","Chips & Fruit Snacks","Chips & Pretzels","Snyder's of Hanover","Snyder's of Hanover Family Size Mini Pretzels","","Snyder's of Hanover Family Size Mini Pretzels","3.91","0.0","Market Basket","16 oz","16 oz","892.jpg","","0"
"4685","Meat & Seafood","Canned Meat & Seafood","Canned Clams","Snow's","Snow's All Natural Clam Juice","","Snow's All Natural Clam Juice","2.99","0.0","Market Basket","8 fl oz","8 fl oz","17167.jpg","","2"
"30995","Frozen Food","Frozen Dinners & Entrees","Frozen Appetizers & Sides","Cole's","Cole's Mozzarella Cheese Sticks","071052000652","Cole's Mozzarella Cheese Sticks","3.13","0.0","Market Basket","11.5 oz","11.5 oz","X4359.jpg","","18"
"13896","Breakfast & Dairy","Dairy & Eggs","Soy & Lactose-Free","Pacific","Pacific Hemp Original Plant Based Beverage","","Pacific Hemp Original Plant Based Beverage","4.69","0.0","Market Basket","32 fl oz","32 fl oz","782.jpg","","1"
"31125","Breakfast & Dairy","Breads & Rolls","Bread","Dave's Killer Bread","Dave's Killer Bread Organic Bread 21 Whole Grains and Seed","013764027053","Dave's Killer Bread Organic Bread 21 Whole Grains and Seed","9.99","0.0","Market Basket","27 oz","27 oz","X2435.jpg","","18"
"7836","Cooking Needs","Canned Food","Canned Meat & Seafood","Chicken of the Sea","Chicken of the Sea Pink Salmon Skinless & Boneless","","Chicken of the Sea Pink Salmon Skinless & Boneless","2.49","0.0","Market Basket","5 oz","5 oz","5215.jpg","","2"
"33013","Pasta & Sauces","Raw Pasta","Raw Pasta","Market Basket","Market Basket Pasta Linguine","049795032640","Market Basket Pasta Linguine","1.25","0.0","Market Basket","16 oz","16 oz","X1668.jpg","","4"
"30556","Cooking Needs","Baking & Cooking","Flour","Bob's Red Mill","Bob's Red Mill Organic Coconut Flour ","039978018151","Bob's Red Mill Organic Coconut Flour ","4.38","0.0","Market Basket","16 oz","16 oz","X5264.jpg","","3"
"9786","Frozen Food","Frozen Produce","Frozen Produce","Birds Eye","Birds Eye Steamfresh Whole Green Beans","","Birds Eye Steamfresh Whole Green Beans","2.49","0.0","Market Basket","12 oz","12 oz","2461.jpg","","19"
"5392","Chips, Cookies & Snacks","Cookies & Crackers","Crackers","Mary's Gone Crackers","Mary's Gone Crackers Original","","Mary's Gone Crackers Original","6.23","0.0","Market Basket","6.5 oz","6.5 oz","No Image.jpg","","6"
"32954","Condiments & Dressings","Preserved Dips & Spreads","Spreads","Market Basket","Market Basket Alomond Butter Creamy ","","Market Basket Alomond Butter Creamy ","7.49","0.0","Market Basket","16 oz","16 oz","X532.jpg","","3"
"30078","Frozen Food","Frozen Dinners & Entrees","Frozen Meal","Amy's ","Amy's Indian Mattar Tofu Curried Peas & Tofu with Dal","042272002511","Amy's Indian Mattar Tofu Curried Peas & Tofu with Dal","5.49","0.0","Market Basket","9.5 oz","9.5 oz","X4157.jpg","","18"
"32578","Condiments & Dressings","Pickled Goods & Olives","Olives","Lindsay","Lindsay Naturals Spanish Queen Olives Stuffed With Real red ","053800952017","Lindsay Naturals Spanish Queen Olives Stuffed With Real red ","4.74","0.0","Market Basket","10.25 oz","10.25 oz","X2255.jpg","","2"
"31958","Meat & Seafood","Packaged Meat & Seafood","Bacon","Jones Dairy Farm","Jones Dairy Farm Center Cut Pork Canadian Bacon","","Jones Dairy Farm Center Cut Pork Canadian Bacon","4.36","0.0","Market Basket","6 oz","6 oz","X4456.jpg","","1"
"9845","Frozen Food","Frozen Produce","Frozen Produce","Market Basket","Market Basket Cob Corn","","Market Basket Cob Corn","2.49","0.0","Market Basket","4 oz","4 oz","Market Basket.jpg","","19"
"15329","Personal Care","Vitamins & Proteins","Vitamins & Supplements","Nature Made","Nature Made Calcium, 600 mg, Liquid Softgels","","Nature Made Calcium, 600 mg, Liquid Softgels","16.55","1.0","Market Basket","100 count","100 count","18183.jpg","","13"
"3630","Fresh Produce","Fresh Fruits","Apple","Market Basket","McIntosh Apples","","McIntosh Apples","0.55","0.0","Market Basket","1 count","1 count","FP27.jpg","","20"
"34643","Frozen Food","Frozen Dinners & Entrees","Frozen Meal","Stouffer's ","Stouffer's Salisbury Steak","013800100702","Stouffer's Salisbury Steak","3.36","0.0","Market Basket","9 5/8 oz","9 5/8 oz","X4256.jpg","","18"
"35313","Richardson's Farm Ice Cream","Ice Cream","M&M","Richarson's Farm","Richarson's Farm Melts in your Mouth with M&Mï¿½ Ice Cream 16% Butterfat","","Vanilla ice cream with M&Mï¿½ candies","7.99","0.0","Richardson's Farm","1-2 Gal. Container","1-2 Gal. Container","RichardsonsFarm.jpg","",""
"4184","Meat & Seafood","Packaged Meat & Seafood","Chicken","Market Basket","Chicken","","Chicken","6.09","0.0","Market Basket","1 lb","1 lb","Market Basket.jpg","","22"
"7869","Cooking Needs","Canned Food","Canned Meat & Seafood","Market Basket","Market Basket Solid White Albacore in Water Tuna","","Market Basket Solid White Albacore in Water Tuna","1.59","0.0","Market Basket","5 oz","5 oz","5185.jpg","","2"
"30536","Cooking Needs","Baking & Cooking","Baking Ingredients","Bob's Red Mill","Bob's Red Mill Pumpkin Seeds ","039978034328","Bob's Red Mill Pumpkin Seeds ","7.49","0.0","Market Basket","12 oz","12 oz","X5244.jpg","","3"
"30239","Beverages & Juices","Energy & Sports Drinks","Energy & Sports Drinks","Bai","Bai Antioxidant Infusion Costa Rica Clementine ","813694004020","Bai Antioxidant Infusion Costa Rica Clementine ","2.5","0.0","Market Basket","18 fl oz","18 fl oz","X2737.jpg","","10"
"32873","Breakfast & Dairy","Breads & Rolls","English Muffins","Market Basket","Market Basket 6 Premium English Muffins","049705537107","Market Basket 6 Premium English Muffins","1.99","0.0","Market Basket","12 oz","12 oz","X2402.jpg","","18"
"34216","Breakfast & Dairy","Bars & Pastries","Chewy Bars","Quaker","Quaker Chewy Oatmeal Raisin","030000311806","Quaker Chewy Oatmeal Raisin","3.13","0.0","Market Basket","8 x 0.84 oz","8 x 0.84 oz","X3864.jpg","","5"
"6478","Chips, Cookies & Snacks","Nuts, Seeds & Dried Fruit","Nuts, Seeds & Dried Fruit","River Queen","River Queen Salted Premium Mixed Nuts","","River Queen Salted Premium Mixed Nuts","6.24","0.0","Market Basket","13 oz","13 oz","No Image.jpg","","6"
"33960","Breakfast & Dairy","Breads & Rolls","Bread","Pepperidge Farm","Pepperidge Farm Whole Grain Thinn Sliced Oatmeal Bread","014100051268","Pepperidge Farm Whole Grain Thinn Sliced Oatmeal Bread","4.99","0.0","Market Basket","22 oz","22 oz","X2527.jpg","","18"
"365","Kitchen & Cleaning","Food Storage & Kitchen Supplies","Storage Containers","Ziploc","Ziploc Large Rectangle Containers with Lids (76 oz)","","Ziploc Large Rectangle Containers with Lids (76 oz)","4.99","1.0","Market Basket","2 count","2 count","4402.jpg","","12"
"30326","Pasta & Sauces","Raw Pasta","Raw Pasta","Barilla","Barilla Pasta Farfalle","076808501087","Barilla Pasta Farfalle","1.74","0.0","Market Basket","1 lb","1 lb","X1630.jpg","","4"
"5185","Chips, Cookies & Snacks","Cookies & Crackers","Crackers","Keebler","Keebler Chips Deluxe Peanut Butter Cup","","Keebler Chips Deluxe Peanut Butter Cup","3.91","0.0","Market Basket","11.6 oz","11.6 oz","No Image.jpg","","6"
"6453","Chips, Cookies & Snacks","Jerkies","Jerky","Matador","Matador Original Beef Jerky","","Matador Original Beef Jerky","6.86","0.0","Market Basket","3 oz","3 oz","No Image.jpg","","6"
"6610","Beverages & Juices","Juices & Refrigerated Drinks","Refrigerated Drinks","Minute Maid","Minute Maid Pure Squeezed Light Calcium & Vitamin D Low Pulp Orange Juice","","Minute Maid Pure Squeezed Light Calcium & Vitamin D Low Pulp Orange Juice","4.79","0.0","Market Basket","59 oz","59 oz","16542.jpg","","1"
"13959","Breakfast & Dairy","Dairy & Eggs","Specialty Cheeses","Market Basket","Market Basket Mozzarella","","Market Basket Mozzarella","3.69","0.0","Market Basket","10 oz","10 oz","Market Basket.jpg","","1"
"5160","Chips, Cookies & Snacks","Cookies & Crackers","Crackers","Olde Cape Cod","Olde Cape Cod Oyster Crackers Multi-pack","","Olde Cape Cod Oyster Crackers Multi-pack","3.13","0.0","Market Basket","7.5 oz","7.5 oz","No Image.jpg","","6"
"8314","Condiments & Dressings","Fresh Dips & Tapenades","Fresh Dips & Tapenades","Joseph's","Joseph's Stuffed Grape Leaves","","Joseph's Stuffed Grape Leaves","3.69","0.0","Market Basket","14 fl oz","14 fl oz","5519.jpg","","1"
"8405","Condiments & Dressings","Marinades, Ketchup & Sauces","Marinades & Meat Preparation","Gonsalves","Gonsalves Cooking Wine Dry White","","Gonsalves Cooking Wine Dry White","2.19","0.0","Market Basket","25.4 fl oz","25.4 fl oz","15574.jpg","","2"
"6672","Beverages & Juices","Juices & Refrigerated Drinks","Refrigerated Drinks","Tropicana ","Tropicana Pure Premium Original Orange Juice No Pulp","","Tropicana Pure Premium Original Orange Juice No Pulp","6.39","0.0","Market Basket","89 fl oz","89 fl oz","3809.jpg","","1"
"5051","Chips, Cookies & Snacks","Cookies & Crackers","Cookies & Cakes","Keebler","Keebler E.L. Fudge Elfwich Cookies Original","","Keebler E.L. Fudge Elfwich Cookies Original","3.91","0.0","Market Basket","13.6 oz","13.6 oz","1099.jpg","","6"
"6850","Cooking Needs","Baking & Cooking","Baking Ingredients","Goya","Goya Bulgur Wheat","","Goya Bulgur Wheat","2.69","0.0","Market Basket","24 oz","24 oz","2352.jpg","","8"
"33756","Meat & Seafood","Packaged Meat & Seafood","Hot Dogs & Franks","Oscar Mayer ","Oscar Mayer Beef UncuredFranks ","","Oscar Mayer Beef UncuredFranks ","4.35","0.0","Market Basket","15 oz","15 oz","X4585.jpg","","1"
"5253","Chips, Cookies & Snacks","Chips & Fruit Snacks","Chips & Pretzels","LATE JULY","LATE JULY Sea Salt & Lime Tortilla Chips","","LATE JULY Sea Salt & Lime Tortilla Chips","4.69","0.0","Market Basket","5.5 oz","5.5 oz","No Image.jpg","","0"
"33039","Chips, Cookies & Snacks","Chips & Fruit Snacks","Popcorn","Market Basket ","Market Basket Popcorn ","049705114049","Market Basket Popcorn ","1.49","0.0","Market Basket","8.7 oz","8.7 oz","X4953.jpg","","19"
"15152","Personal Care","Personal Needs","Oral Hygiene","Arm & Hammer","Arm & Hammer Fresh Mint Fluoride Anticavity Toothpaste","","Arm & Hammer Fresh Mint Fluoride Anticavity Toothpaste","6.31","1.0","Market Basket","6 oz","6 oz","6439.jpg","","13"
"10192","Frozen Food","Ice Cream & Ice","Ice Cream & Ice","Outshine","Outshine Pineapple Fruit Bars","","Outshine Pineapple Fruit Bars","4.29","0.0","Market Basket","6 x 14.7 fl oz","6 x 14.7 fl oz","3156.jpg","","21"
"32265","Condiments & Dressings","Salad Dressings & Toppings","Salad Dressing & Toppings","Ken's Steak House","Ken's Seak House Buttermilk Ranch Dressing ","041335000549","Ken's Seak House Buttermilk Ranch Dressing ","3.49","0.0","Market Basket","16 fl oz","16 fl oz","X433.jpg","","2"
"6616","Beverages & Juices","Juices & Refrigerated Drinks","Refrigerated Drinks","Naked","Naked Boosted Green Machine Juice Smoothie","","Naked Boosted Green Machine Juice Smoothie","9.79","0.0","Market Basket","64 oz","64 oz","3848.jpg","","20"
"8324","Condiments & Dressings","Fresh Dips & Tapenades","Fresh Dips & Tapenades","Market Basket","Classic Guacamole","","Classic Guacamole","4.89","0.0","Market Basket","12 oz","12 oz","Market Basket.jpg","","1"
"33863","Condiments & Dressings","Pickled Goods & Olives","Olives","Pastene","Pastene Imported Pitted Ripe Olives ","066086131007","Pastene Imported Pitted Ripe Olives ","2.74","0.0","Market Basket","14.11 oz","14.11 oz","X2282.jpg","","2"
"7826","Cooking Needs","Canned Food","Canned Meat & Seafood","Bumble Bee","Bumble Bee Seasoned Sundried Tomato & Basil Sensations Tuna Medley","","Bumble Bee Seasoned Sundried Tomato & Basil Sensations Tuna Medley","2.19","0.0","Market Basket","4 oz","4 oz","5199.jpg","","2"
"10036","Frozen Food","Ice Cream & Ice","Ice Cream & Ice","Friendly's","Friendly's Premium Ice Cream Butter Pecan","","Friendly's Premium Ice Cream Butter Pecan","3.69","0.0","Market Basket","1.5 quart","1.5 quart","3055.jpg","","21"
"6162","Beverages & Juices","Soft Drinks & Seltzers","Soft Drinks","Pepsi","Pepsi Original","","Pepsi Original","2.5","0.0","Market Basket","2 L","2 L","3918.jpg","","17"
"7435","Cooking Needs","Canned Food","Canned & Jarred Vegetables","Gefen","Gefen Cucumbers In Brine","","Gefen Cucumbers In Brine","3.09","0.0","Market Basket","19 oz","19 oz","17081.jpg","","9"
"501","Laundry & Paper Goods","Laundry","Laundry Detergent","Tide","Tide Detergent Original 96 Loads Laundry Detergent","","Tide Detergent Original 96 Loads Laundry Detergent","22.49","1.0","Market Basket","138 fl oz","138 fl oz","No Image.jpg","","15"
"31531","Beverages & Juices","Tea, Coffee, Milk & Coconut Water","Tea","Gold Peak Tea","Gold Peak Tea Sweet with real Sugar","083900005542","Gold Peak Tea Sweet with real Sugar","6.24","0.0","Market Basket","6 x 16.9 fl oz","6 x 16.9 fl oz","X2938.jpg","","10"
"6652","Beverages & Juices","Juices & Refrigerated Drinks","Refrigerated Drinks","Pure Leaf","Pure Leaf RASPBERRY FLAVORED WITH OTHER NATURAL FLAVORED PURE LEAF BREWED Real TEA NEVER FROM POWDER","","Pure Leaf RASPBERRY FLAVORED WITH OTHER NATURAL FLAVORED PURE LEAF BREWED Real TEA NEVER FROM POWDER","2.5","0.0","Market Basket","59 fl oz","59 fl oz","X734.jpg","","1"
"395","Laundry & Paper Goods","Laundry","Laundry Detergent","Purex","Purex Free & Clear Laundry Laundry Detergent","","Purex Free & Clear Laundry Laundry Detergent","5.61","1.0","Market Basket","75 fl oz","75 fl oz","16913.jpg","","15"
"4120","Meat & Seafood","Meat & Seafood Counter","Chicken Breast","Market Basket","Market Basket Boneless & Skinless Chicken Breast","","Market Basket Boneless & Skinless Chicken Breast","4.99","0.0","Market Basket","1 lb","1 lb","4052.jpg","","22"
"32534","Meat & Seafood","Packaged Meat & Seafood","Bacon","Leidys ","Leidys All Natural Slices Bacon","","Leidys All Natural Slices Bacon","6.86","0.0","Market Basket","12 oz","12 oz","X4489.jpg","","1"
"31254","Frozen Food","Frozen Dinners & Entrees","Frozen Appetizers & Sides","Evol","Evol Chicken Tikka Masala","891627009091","Evol Chicken Tikka Masala","3.74","0.0","Market Basket","9 oz","9 oz","X4321.jpg","","18"
"4352","Meat & Seafood","Meat & Seafood Counter","Shrimp","Market Basket","Market Basket Previously Frozen 71/90 Count Cooked Shrimp","","Market Basket Previously Frozen 71/90 Count Cooked Shrimp","21.98","0.0","Market Basket","Approx: 2.02 lb at $10.9/lb","Approx: 2.02 lb at $10.9/lb","Market Basket.jpg","","22"
"5069","Chips, Cookies & Snacks","Cookies & Crackers","Cookies & Cakes","Market Basket","Market Basket Chocolate Cremes Sandwich Creme Cookies","","Market Basket Chocolate Cremes Sandwich Creme Cookies","3.13","0.0","Market Basket","14.3 oz","14.3 oz","Market Basket.jpg","","6"
"33214","Meat & Seafood","Packaged Meat & Seafood","Hot Dogs & Franks","Market Basket ","Market Basket Natural Casing Frankfurts ","","Market Basket Natural Casing Frankfurts ","9.99","0.0","Market Basket","40 oz","40 oz","X4575.jpg","","1"
"5936","Beverages & Juices","Cocoa & Drink Mixes","Cocoa & Drink Mixes","Angostura","Angostura Aromatic Bitters","","Angostura Aromatic Bitters","9.99","0.0","Market Basket","4 fl oz","4 fl oz","No Image.jpg","","17"
"3635","Fresh Produce","Fresh Fruits","Banana","Market Basket","Bananas","","Bananas","0.68","0.0","Market Basket","1 lb","1 lb","14188.jpg","","20"
"32945","Cooking Needs","Canned Food","Pizza Sauce","Market Basket","Market Basket Pizza Sauce with Olive Oil ","049705033890","Market Basket Pizza Sauce with Olive Oil ","1.74","0.0","Market Basket","15 oz","15 oz","X1294.jpg","","4"
"5984","Beverages & Juices","Cocoa & Drink Mixes","Cocoa & Drink Mixes","Master of Mixes","Master of Mixes Lite Strawberry Daiquiri & Margarita Mixer","","Master of Mixes Lite Strawberry Daiquiri & Margarita Mixer","7.49","0.0","Market Basket","1.75 L","1.75 L","No Image.jpg","","17"
"3498","Fresh Produce","Fresh Organic Vegetables","Carrot","Market Basket","Organic Carrots","","Organic Carrots","1.64","0.0","Market Basket","1 lb","1 lb","f100.jpg","","20"
"6284","Beverages & Juices","Soft Drinks & Seltzers","Seltzer","Market Basket","Market Basket Seltzer","","Market Basket Seltzer","1.24","0.0","Market Basket","1 L","1 L","Market Basket.jpg","","11"
"108","Kitchen & Cleaning","Cleaning Products","Carpet Cleaner","Bissell","Bissell Spring & Renewal Heavy Traffic Carpet Foam","","Bissell Spring & Renewal Heavy Traffic Carpet Foam","5.29","1.0","Market Basket","22 oz","22 oz","16825.jpg","","15"
"8412","Condiments & Dressings","Marinades, Ketchup & Sauces","Marinades & Meat Preparation","Heinz","Heinz HomeStyle Pork Gravy","","Heinz HomeStyle Pork Gravy","2.09","0.0","Market Basket","12 oz","12 oz","1960.jpg","","9"
"7378","Cooking Needs","Spices & Seasonings","Spices & Seasonings","Solo","Solo Italia Lemon Juice, Garden, Bottle","","Solo Italia Lemon Juice, Garden, Bottle","1.29","0.0","Market Basket","4.23 oz","4.23 oz","15628.jpg","","20"
"13495","Breakfast & Dairy","Dairy & Eggs","Milk","Market Basket","Market Basket Almond Break Almond Milk","","Market Basket Almond Break Almond Milk","3.09","0.0","Market Basket","64 fl oz","64 fl oz","Market Basket.jpg","","1"
"7293","Cooking Needs","Spices & Seasonings","Spices & Seasonings","McCormick","McCormick GourmetÃ¢âÂ¢ Organic Ground Thyme","","McCormick GourmetÃ¢âÂ¢ Organic Ground Thyme","4.89","0.0","Market Basket","1.25 oz","1.25 oz","2189.jpg","","9"
"3826","Fresh Produce","Fresh Organic Vegetables","Kale","Cal Organic Farms","Cal Organic Farms Organic Green Kale Bunch","","Cal Organic Farms Organic Green Kale Bunch","4.24","0.0","Market Basket","1 lb","1 lb","42.jpg","","20"
"33922","Condiments & Dressings","Pickled Goods & Olives","Olives","Pearls ","Pearls Musco Family Olive Co Specialties Garlic Hand -Stuffed Queen Olive Superior Qualty Guaranteed","072999258038","Pearls Musco Family Olive Co Specialties Garlic Hand -Stuffed Queen Olive Superior Qualty Guaranteed","5.61","0.0","Market Basket","8 oz","8 oz","X2245.jpg","","2"
"31397","Condiments & Dressings","Marinades, Ketchup & Sauces","Marinades & Meat Preparation","G Hughes ","G hughes Smokehouse Sugar Free BBQ Sauce Hickory Flavored ","026825000131","G hughes Smokehouse Sugar Free BBQ Sauce Hickory Flavored ","3.75","0.0","Market Basket","18 oz","18 oz","X2034.jpg","","2"
"5599","Chips, Cookies & Snacks","Candy & Chocolates","Candy & Chocolate","Twix","Twix Caramel Fun Size Chocolate Cookie Bar Candy","","Twix Caramel Fun Size Chocolate Cookie Bar Candy","1.29","0.0","Market Basket","3.28 oz","3.28 oz","14930.jpg","","3"
"6036","Beverages & Juices","Energy & Sports Drinks","Energy & Sports Drinks","Rockstar","Rockstar Sugar Free Energy Drink","","Rockstar Sugar Free Energy Drink","2.24","0.0","Market Basket","16 fl oz","16 fl oz","3787.jpg","","17"
"32280","Condiments & Dressings","Salad Dressings & Toppings","Salad Dressing & Toppings","Ken's Steak House","Ken's Seak House Honey Dijon Dressing ","041335000099","Ken's Seak House Honey Dijon Dressing ","1.25","0.0","Market Basket","16 fl oz","16 fl oz","X448.jpg","","2"
"4228","Meat & Seafood","Packaged Meat & Seafood","Crab","Louis Kemp","Louis Kemp Crab Delights Leg Style Imitation Crab Meat","","Louis Kemp Crab Delights Leg Style Imitation Crab Meat","3.69","0.0","Market Basket","16 oz","16 oz","No Image.jpg","","22"
"13281","Breakfast & Dairy","Dairy & Eggs","Butter","Fleischmann's","Fleischmann's Margarine Unsalted Sticks","","Fleischmann's Margarine Unsalted Sticks","4.89","0.0","Market Basket","1 lb","1 lb","14765.jpg","","1"
"8519","Cooking Needs","Oils & Vinegars","Oils & Vinegars","Loriva","Loriva Pure Toasted Sesame Oil","","Loriva Pure Toasted Sesame Oil","6.09","0.0","Market Basket","8 fl oz","8 fl oz","15506.jpg","","2"
"13455","Beverages & Juices","Juices & Refrigerated Drinks","Refrigerated Drinks","Florida's Natural","Florida's Natural 100% Premium Florida Orange Juice No Pulp","","Florida's Natural 100% Premium Florida Orange Juice No Pulp","6.09","0.0","Market Basket","89 fl oz","89 fl oz","14717.jpg","","1"
"3856","Fresh Produce","Fresh Vegetables","Green Onion","Market Basket","Green Onions (Scallions)","","Green Onions (Scallions)","1.19","0.0","Market Basket","3 oz bunch","3 oz bunch","14306.jpg","","20"
"10188","Frozen Food","Ice Cream & Ice","Ice Cream & Ice","Outshine","Outshine Lemon Bars","","Outshine Lemon Bars","4.29","0.0","Market Basket","6 count","6 count","3161.jpg","","21"
"30012","Breakfast & Dairy","Dairy & Eggs","Yogurt","Activia ","Activia 60 Calories Strawberry Nonfat Yogurt Supports Gut health ","","Activia 60 Calories Strawberry Nonfat Yogurt Supports Gut health ","3.13","0.0","Market Basket","4 x 4 oz","4 x 4 oz","X9.jpg","","1"
"31014","Cooking Needs","Canned Food","Canned Tomatoes","Contadina","Cotadina Roma Tomatoes Crushed","024000348566","Cotadina Roma Tomatoes Crushed","1.88","0.0","Market Basket","28 oz","28 oz","X1386.jpg","","4"
"35045","Beverages & Juices","Energy & Sports Drinks","Energy & Sports Drinks","Vitamin Water","Vitamin Water Power-C Dragonfruit","786162003553","Vitamin Water Power-C Dragonfruit","6.24","0.0","Market Basket","6 x 16.9 fl oz","6 x 16.9 fl oz","X2774.jpg","","10"
"13894","Breakfast & Dairy","Dairy & Eggs","Soy & Lactose-Free","Market Basket","Suzie's Quinoamilk Beverage, Enriched, Unsweetened","","Suzie's Quinoamilk Beverage, Enriched, Unsweetened","4.89","0.0","Market Basket","32 oz","32 oz","14797.jpg","","1"
"9128","Frozen Food","Frozen Dinners & Entrees","Frozen Appetizers & Sides","Green Giant","Green Giant Riced Veggies Cauliflower","","Green Giant Riced Veggies Cauliflower","3.09","0.0","Market Basket","12 oz","12 oz","15824.jpg","","18"
"6390","Beverages & Juices","Soft Drinks & Seltzers","Seltzer","Polar","Polar Seltzer Blueberry Lemonade","","Polar Seltzer Blueberry Lemonade","4.18","0.0","Market Basket","8 x 12 fl oz","8 x 12 fl oz","No Image.jpg","","11"
"13666","Breakfast & Dairy","Dairy & Eggs","Packaged Cheese","BelGioioso","Belgioioso Fresh Mozzarella Cheese, Prosciutto & Basil Roll","","Belgioioso Fresh Mozzarella Cheese, Prosciutto & Basil Roll","7.39","0.0","Market Basket","8 oz","8 oz","175.jpg","","1"
"7194","Cooking Needs","Spices & Seasonings","Spices & Seasonings","Badia","Badia Garlic Powder","","Badia Garlic Powder","4.29","0.0","Market Basket","10.5 oz","10.5 oz","2228.jpg","","9"
"624","Laundry & Paper Goods","Paper Goods","Wipes","Scotties","Scotties everyday comfort","","Scotties everyday comfort","1.24","1.0","Market Basket","110 count","110 count","No Image.jpg","","14"
"269","Kitchen & Cleaning","Dish Detergents","Dishwasher Detergent","Finish","Finish Quantum Powerball Super Charged Quantum Max Ultimate Clean & Shine Ultra Degreaser with Lemon Scent Automatic Dishwasher Detergent","","Finish Quantum Powerball Super Charged Quantum Max Ultimate Clean & Shine Ultra Degreaser with Lemon Scent Automatic Dishwasher Detergent","12.19","1.0","Market Basket","26.3 oz","26.3 oz","16839.jpg","","15"
"30399","Cooking Needs","Rice & Grains","Instant Food","Betty Crocker","Betty Crocker Hamburger Helper Cheeseburger Macroni","016000412126","Betty Crocker Hamburger Helper Cheeseburger Macroni","1.88","0.0","Market Basket","6.6 oz","6.6 oz","X1143.jpg","","4"
"4598","Meat & Seafood","Lunch Meat","Turkey","Market Basket","Market Basket Deli Turkey Meat","","Market Basket Deli Turkey Meat","7.39","0.0","Market Basket","1 lb","1 lb","Market Basket.jpg","","22"
"4116","Meat & Seafood","Meat & Seafood Counter","Chicken Breast","Market Basket","Boneless Skinless Chicken Breast with rib meat","","Boneless Skinless Chicken Breast with rib meat","11.99","0.0","Market Basket","2.5 pound","2.5 pound","16663.jpg","","22"
"13605","Breakfast & Dairy","Dairy & Eggs","Other Creams & Cheeses","Nestle","NestlÃÂ© Coffee Mate Almond Milk Caramel All Natural Liquid Coffee Creamer","","NestlÃÂ© Coffee Mate Almond Milk Caramel All Natural Liquid Coffee Creamer","3.29","0.0","Market Basket","16 fl oz","16 fl oz","14786.jpg","","1"
"271","Kitchen & Cleaning","Dish Detergents","Dishwasher Detergent","Cascade","Cascade Complete Fresh Scent Dishwasher Detergent","","Cascade Complete Fresh Scent Dishwasher Detergent","6.09","1.0","Market Basket","15 count","15 count","4332.jpg","","15"
"15323","Personal Care","Vitamins & Proteins","Vitamins & Supplements","Flintstones","Flintstones Children's Complete Chewable Multivitamin","","Flintstones Children's Complete Chewable Multivitamin","12.29","1.0","Market Basket","60 count","60 count","6713.jpg","","13"
"7929","Cooking Needs","Canned Food","Soup, Broth & Bouillon","Campbell's","Campbell's Chunky Microwavable Soup, Classic Chicken Noodle Soup","","Campbell's Chunky Microwavable Soup, Classic Chicken Noodle Soup","3.09","0.0","Market Basket","15.25 oz","15.25 oz","5348.jpg","","9"
"31599","Frozen Food","Frozen Produce","Frozen Produce","Goya","Goya 10 Discos Grandes Annatto/Achiote","041331091633","Goya 10 Discos Grandes Annatto/Achiote","2.74","0.0","Market Basket","20 oz","20 oz","X4424.jpg","","18"
"32448","Frozen Food","Frozen Produce","Frozen Produce","La Fe","La Fe Corn in Grain","023545103340","La Fe Corn in Grain","13.74","0.0","Market Basket","64 oz","64 oz","X4411.jpg","","18"
"34791","Condiments & Dressings","Marinades, Ketchup & Sauces","Sauce","Tamari ","Tamari Gluteen Free Soy Sauce ","075810023259","Tamari Gluteen Free Soy Sauce ","4.99","0.0","Market Basket","10 fl oz","10 fl oz","X5365.jpg","","3"
"35038","Beverages & Juices","Energy & Sports Drinks","Energy & Sports Drinks","Vitamin Water","Vitamin Water Zero Sugar Rise Orange","786162002983","Vitamin Water Zero Sugar Rise Orange","1.1","0.0","Market Basket","20 fl oz","20 fl oz","X2767.jpg","","10"
"32645","Condiments & Dressings","Pickled Goods & Olives","Peppers","Lympiana ","Lympiana Fire Roasted Florina Peppers Sweet & Whole ","680569649720","Lympiana Fire Roasted Florina Peppers Sweet & Whole ","3.74","0.0","Market Basket","16 oz","16 oz","X3258.jpg","","2"
"14398","Breakfast & Dairy","Tea & Coffee","Coffee","Green Mountain","Green Mountain Coffee Medium Roast Ground Coffee Nantucket Blend","","Green Mountain Coffee Medium Roast Ground Coffee Nantucket Blend","8.59","0.0","Market Basket","12 count","12 count","3358.jpg","","8"
"13927","Breakfast & Dairy","Dairy & Eggs","Specialty Cheeses","BelGioioso","BelGioioso Cheese","","BelGioioso Cheese","4.29","0.0","Market Basket","12 oz","12 oz","Market Basket.jpg","","1"
"4892","Chips, Cookies & Snacks","Chips & Fruit Snacks","Chips & Pretzels","Market Basket","Market Basket Kettle Cooked Potato Chips","","Market Basket Kettle Cooked Potato Chips","3.91","0.0","Market Basket","9 oz","9 oz","Market Basket.jpg","","0"
"35258","Richardson's Farm Ice Cream","Ice Cream","Maple Walnut","Richarson's Farm","Richarson's Farm Maple Walnut Ice Cream 16% Butterfat","","Pure maple ice cream with walnuts","32.99","0.0","Richardson's Farm","3 Gal. Tub","3 Gal. Tub","RichardsonsFarm.jpg","",""
"3651","Fresh Produce","Fresh Fruits","Clementine","Market Basket","Clementine","","Clementine","4.99","0.0","Market Basket","3 lb bag","3 lb bag","14217.jpg","","20"
"31324","Meat & Seafood","Packaged Meat & Seafood","Burger","Field Roast  ","Field Roast Creamy Mac 'n Chao","","Field Roast Creamy Mac 'n Chao","7.49","0.0","Market Basket","11 oz","11 oz","X4733.jpg","","1"
"32216","Breakfast & Dairy","Cereal","Cereal","Kellogg's ","Kellogg's Frosted Mini Wheats Orignal Family Size","038000318344","Kellogg's Frosted Mini Wheats Orignal Family Size","4.99","0.0","Market Basket","24 oz","24 oz","X3410.jpg","","5"
"13882","Breakfast & Dairy","Dairy & Eggs","Soy & Lactose-Free","Dream Blends","Dream Blends Rice & Quinoa Drink, Original, Brick","","Dream Blends Rice & Quinoa Drink, Original, Brick","3.69","0.0","Market Basket","32 oz","32 oz","14810.jpg","","1"
"30654","Cooking Needs","Oils & Vinegars","Oils & Vinegars","Bragg ","Bragg Organic Raw Unfiltered Apple Cider Vinegar With the Mother  ","","Bragg Organic Raw Unfiltered Apple Cider Vinegar With the Mother  ","3.25","0.0","Market Basket","16 fl oz","16 fl oz","X1795.jpg","","2"
"33871","Condiments & Dressings","Pickled Goods & Olives","Olives","Pastene","Pastene Imported Since 1874 Plain Queen Olives","066086130291","Pastene Imported Since 1874 Plain Queen Olives","4.36","0.0","Market Basket","10 oz","10 oz","X2345.jpg","","2"
"6059","Beverages & Juices","Cocoa & Drink Mixes","Cocoa & Drink Mixes","Crystal Light","Crystal Light Pure Lemonade","","Crystal Light Pure Lemonade","3.75","0.0","Market Basket","2.53 oz","2.53 oz","No Image.jpg","","17"
"32232","Condiments & Dressings","Salad Dressings & Toppings","Salad Dressing & Toppings","Ken's Steak House","Ken's Seak House Creamy Wisconsin Blue Cheese Dressing ","041335353683","Ken's Seak House Creamy Wisconsin Blue Cheese Dressing ","3.49","0.0","Market Basket","16 fl oz","16 fl oz","X400.jpg","","2"
"15268","Personal Care","Personal Needs","Shave Needs","Market Basket","Market Basket Twin Blade Plus Razors For Men","","Market Basket Twin Blade Plus Razors For Men","2.17","1.0","Market Basket","12 count","12 count","Market Basket.jpg","","13"
"31372","Condiments & Dressings","Marinades, Ketchup & Sauces","Mustard Sauce","French's ","French's American Flavor In BOTTLE Since 1904 Spicy Brown Mustard No Artifical Flavors ","04154238","French's American Flavor In BOTTLE Since 1904 Spicy Brown Mustard No Artifical Flavors ","1.24","0.0","Market Basket","8 oz","8 oz","X2184.jpg","","2"
"32731","Frozen Food","Frozen Dinners & Entrees","Frozen Meal","Marie Callender's","Marie Callender's Sweet & Sour Chicken","021131506452","Marie Callender's Sweet & Sour Chicken","3.13","0.0","Market Basket","14 oz","14 oz","X4035.jpg","","18"
"30726","Cooking Needs","Canned Food","Baked Beans","Bush's","Bush's Best Since 1908 Barbecue Brown Sugar Hickory Baked Beans ","","Bush's Best Since 1908 Barbecue Brown Sugar Hickory Baked Beans ","2.88","0.0","Market Basket","16 oz","16 oz","X1821.jpg","","2"
"35146","Condiments & Dressings","Salad Dressings & Toppings","Salad Dressing & Toppings","Wish Bone","Wish Bone Ranch Dressing","041321005756","Wish Bone Ranch Dressing","2.5","0.0","Market Basket","15 fl oz","15 fl oz","X917.jpg","","2"
"4816","Chips, Cookies & Snacks","Chips & Fruit Snacks","Chips & Pretzels","Cape Cod","Cape Cod Kettle Cooked Aged Cheddar & Sour Cream Potato Chips 40% Reduced Fat","","Cape Cod Kettle Cooked Aged Cheddar & Sour Cream Potato Chips 40% Reduced Fat","5.92","0.0","Market Basket","8 oz","8 oz","921.jpg","","0"
"33064","Breakfast & Dairy","Cereal","Cereal","Market Basket ","Market Basket Healthy Mornings vanilla almond ","049705006825","Market Basket Healthy Mornings vanilla almond ","3.13","0.0","Market Basket","12.4 oz","12.4 oz","X3331.jpg","","5"
"12786","Breakfast & Dairy","Breads & Rolls","Bread","Udi's","Udi's Gluten Free Sandwich Bread White","","Udi's Gluten Free Sandwich Bread White","4.89","0.0","Market Basket","12 oz","12 oz","16989.jpg","","19"
"4334","Meat & Seafood","Meat & Seafood Counter","Roast Beef","Market Basket","Market Basket Roast Beef","","Market Basket Roast Beef","9.79","0.0","Market Basket","1 lb","1 lb","Market Basket.jpg","","22"
"206","Kitchen & Cleaning","Cleaning Products","Scrub Sponge","Scotch-Brite","Scotch-Brite Soap Filled Heavy Duty Scrub Sponges","","Scotch-Brite Soap Filled Heavy Duty Scrub Sponges","3.69","1.0","Market Basket","6 count","6 count","4301.jpg","","15"
"6132","Beverages & Juices","Soft Drinks & Seltzers","Soft Drinks","Market Basket","Market Basket Diet Cola","","Market Basket Diet Cola","1.1","0.0","Market Basket","2 L","2 L","Market Basket.jpg","","17"
"31361","Pasta & Sauces","Gluten Free Pasta","Pasta Sauce","Francesco Rinaldi","Francesco Rinaldi Organic Pasta Sauce Onion and Garlic Gluten Free","077644901895","Francesco Rinaldi Organic Pasta Sauce Onion and Garlic Gluten Free","3.09","0.0","Market Basket","24 oz","24 oz","X1482.jpg","","4"
"9102","Frozen Food","Frozen Dinners & Entrees","Frozen Appetizers & Sides","Birds Eye","Birds Eye Selects Whole Grain Brown Rice","","Birds Eye Selects Whole Grain Brown Rice","1.89","0.0","Market Basket","10 oz","10 oz","2612.jpg","","18"
"9030","Condiments & Dressings","Preserved Dips & Spreads","Spreads","Santa Cruz","Santa Cruz Organic Fruit Spread, Seedless Red Raspberry","","Santa Cruz Organic Fruit Spread, Seedless Red Raspberry","3.69","0.0","Market Basket","9.5 oz","9.5 oz","15416.jpg","","3"
"35177","Condiments & Dressings","Marinades, Ketchup & Sauces","Marinades & Meat Preparation","World Harbors ","World Harbors Aulthentic Flavors Maui Mountain Sweet 'n Sour Sauce & marinade ","715364100029","World Harbors Aulthentic Flavors Maui Mountain Sweet 'n Sour Sauce & marinade ","3.13","0.0","Market Basket","16 fl oz","16 fl oz","X2050.jpg","","2"
"6932","Cooking Needs","Baking & Cooking","Baking Ingredients","Whole Earth","Whole Earth Sweetener Co. Nature Sweet Packets","","Whole Earth Sweetener Co. Nature Sweet Packets","3.49","0.0","Market Basket","40 count","40 count","15741.jpg","","8"
"30614","Beverages & Juices","Energy & Sports Drinks","Energy & Sports Drinks","Body Armor","Body Armor Lyte Blueberry Pomegranate","858176002508","Body Armor Lyte Blueberry Pomegranate","1.88","0.0","Market Basket","16 fl oz","16 fl oz","X2762.jpg","","10"
"4784","Meat & Seafood","Frozen Meat & Seafood","Frozen Shrimp","Market Basket","Market Basket 41 50 Per Pound Cooked Extra Large Shrimp","","Market Basket 41 50 Per Pound Cooked Extra Large Shrimp","24.29","0.0","Market Basket","32 oz","32 oz","Market Basket.jpg","","18"
"30455","Breakfast & Dairy","Granola & Oats","Granola","Bob's Red Mill","Bob's Red Mill Gluten Free Honey Oat GRANOLA","039978003645","Bob's Red Mill Gluten Free Honey Oat GRANOLA","4.36","0.0","Market Basket","12 oz","12 oz","X3733.jpg","","5"
"33267","Condiments & Dressings","Pickled Goods & Olives","Olives","Mezzetta ","Mezzetta Since 1935 Family Co Super Colossal Spanish Queen Olives Pimiento Stuffed","073214001088","Mezzetta Since 1935 Family Co Super Colossal Spanish Queen Olives Pimiento Stuffed","6.86","0.0","Market Basket","16 oz","16 oz","X2236.jpg","","2"
"35046","Beverages & Juices","Energy & Sports Drinks","Energy & Sports Drinks","Vitamin Water","Vitamin Water Zero Sugar Rise Orange","786162003522","Vitamin Water Zero Sugar Rise Orange","6.24","0.0","Market Basket","6 x 16.9 fl oz","6 x 16.9 fl oz","X2775.jpg","","10"
"14939","Personal Care","First Aid & Healthcare","Digestion","Pepto Bismol","Pepto-Bismol Original Flavor","","Pepto-Bismol Original Flavor","7.0","1.0","Market Basket","8 fl oz","8 fl oz","6649.jpg","","13"
"14946","Personal Care","First Aid & Healthcare","Digestion","Tums","Tums Antacid","","Tums Antacid","7.0","1.0","Market Basket","96 count","96 count","6645.jpg","","13"
"35330","Richardson's Farm Ice Cream","Frozen Yogurt","Pistachio","Richarson's Farm","Richarson's Farm Pistachio Frozen Yogurt 95% Fat Free","","The real deal pistachio yogurt with pistacio nut pieces","29.99","0.0","Richardson's Farm","3 Gal. Tub","3 Gal. Tub","RichardsonsFarm.jpg","",""
"69","Kitchen & Cleaning","Air Fresheners & Candles","Other Air Fresheners & Candles","Glade","Glade Spray Crisp Waters","","Glade Spray Crisp Waters","1.49","1.0","Market Basket","8 oz","8 oz","4220.jpg","","15"
"14668","Personal Care","Body Wash, Soap & Hair Care","Body Lotion","Gold Bond","Gold Bond Ultimate Hydrating Lotion Radiance Renewal Cream Oil","","Gold Bond Ultimate Hydrating Lotion Radiance Renewal Cream Oil","12.64","1.0","Market Basket","14 oz","14 oz","17717.jpg","","13"
"78","Kitchen & Cleaning","Air Fresheners & Candles","Scented Oil Refill","Air Wick","Air Wick Vanilla Passion Fragrance Scented Oil Refill","","Air Wick Vanilla Passion Fragrance Scented Oil Refill","6.09","1.0","Market Basket","2 x 0.67 fl oz","2 x 0.67 fl oz","4207.jpg","","15"
"33723","Personal Care","Vitamins & Proteins","Protien Powders","Organic Supwefoods ","Organic Supwefoods Super Nutrition Powder Original Flavore ","851770003957","Organic Supwefoods Super Nutrition Powder Original Flavore ","24.99","0.0","Market Basket","0.62 lb","0.62 lb","X5200.jpg","","3"
"32685","Pasta & Sauces","Gluten Free Pasta","Raw Pasta","Manischewitz","Manischewitz Gluten Free Wide Noodles","072700104272","Manischewitz Gluten Free Wide Noodles","2.5","0.0","Market Basket","12 oz","12 oz","X1689.jpg","","4"
"7263","Cooking Needs","Spices & Seasonings","Spices & Seasonings","McCormick","McCormick Chili Seasoning Mix","","McCormick Chili Seasoning Mix","0.89","0.0","Market Basket","1.25 oz","1.25 oz","2125.jpg","","9"
"4075","Meat & Seafood","Meat & Seafood Counter","Beef","Market Basket","Market Basket Beef Chuck Boneless Chuck Roast","","Market Basket Beef Chuck Boneless Chuck Roast","4.79","0.0","Market Basket","1 lb","1 lb","Market Basket.jpg","","22"
"6401","Beverages & Juices","Water","Tonic Water","Schweppes","Schweppes Tonic Water","","Schweppes Tonic Water","1.24","0.0","Market Basket","1 L","1 L","3257.jpg","","11"
"13344","Breakfast & Dairy","Dairy & Eggs","Cream","Garelick Farms","Garelick Farms Dairy Pure Half & Half Fat Free","","Garelick Farms Dairy Pure Half & Half Fat Free","3.09","0.0","Market Basket","1 count","1 count","587.jpg","","1"
"34773","Condiments & Dressings","Marinades, Ketchup & Sauces","Marinades & Meat Preparation","Sweet Baby Ray's","Sweet Baby Ray's Gourmet Sauces Sweet Vidalia Onion Barbeuce Sauce ","013409515204","Sweet Baby Ray's Gourmet Sauces Sweet Vidalia Onion Barbeuce Sauce ","2.86","0.0","Market Basket","18 oz","18 oz","X2082.jpg","","2"
"7543","Cooking Needs","Canned Food","Canned & Jarred Vegetables","Market Basket","Slice Beets","","Slice Beets","0.99","0.0","Market Basket","1 ct","1 ct","Market Basket.jpg","","9"
"33662","Beverages & Juices","Juices & Refrigerated Drinks","Juice & Nectars","Ocean Spray","Ocean Spray Cran Apple Juice Drink from Concentrate","031200210074","Ocean Spray Cran Apple Juice Drink from Concentrate","3.74","0.0","Market Basket","64 fl oz","64 fl oz","X2828.jpg","","10"
"32213","Breakfast & Dairy","Cereal","Cereal","Kellogg's ","Kellogg's Apple Jacks Family Size","038000181696","Kellogg's Apple Jacks Family Size","4.99","0.0","Market Basket","19.4 oz","19.4 oz","X3407.jpg","","5"
"31524","Breakfast & Dairy","Dairy & Eggs","Fruit Drink","GoGo Squeez ","GoGo SqUeez Apple Straberry Made From 100 % Fruit ","","GoGo SqUeez Apple Straberry Made From 100 % Fruit ","3.74","0.0","Market Basket","12.8 oz","12.8 oz","X303.jpg","","1"
"13783","Breakfast & Dairy","Dairy & Eggs","Packaged Cheese","Nickelodeon","Nickelodeon Paw Patrol Mozzarella String Cheese","","Nickelodeon Paw Patrol Mozzarella String Cheese","3.69","0.0","Market Basket","12 x 10 oz","12 x 10 oz","14591.jpg","","1"
"456","Laundry & Paper Goods","Laundry","Laundry Detergent","Meyer","Meyer's Clean Day Laundry Detergent Lavender","","Meyer's Clean Day Laundry Detergent Lavender","17.49","1.0","Market Basket","64 fl oz","64 fl oz","No Image.jpg","","15"
"6118","Beverages & Juices","Soft Drinks & Seltzers","Soft Drinks","Dr Pepper","Dr Pepper Diet Soda","","Dr Pepper Diet Soda","6.86","0.0","Market Basket","12 x 12 fl oz","12 x 12 fl oz","16573.jpg","","17"
"10494","Cooking Needs","Rice & Grains","Instant Food","Idahoan","Idahoan Loaded Baked Mashed Potatoes","","Idahoan Loaded Baked Mashed Potatoes","1.29","0.0","Market Basket","4 oz","4 oz","17394.jpg","","9"
"13342","Breakfast & Dairy","Dairy & Eggs","Cream","Dunkin' Donuts","Dunkin' Donuts Dunkin Donuts coffee creamer caramel","","Dunkin' Donuts Dunkin Donuts coffee creamer caramel","3.69","0.0","Market Basket","32 fl oz","32 fl oz","583.jpg","","1"
"14937","Personal Care","First Aid & Healthcare","Digestion","Pepcid","Pepcid Maximum Strength Ac Tablets","","Pepcid Maximum Strength Ac Tablets","8.5","1.0","Market Basket","8 count","8 count","6654.jpg","","13"
"32911","Breakfast & Dairy","Dairy & Eggs","Yogurt","Market Basket","Market Basket Light Nonfat Yogurt Vanilla Naturally Flavors","","Market Basket Light Nonfat Yogurt Vanilla Naturally Flavors","0.63","0.0","Market Basket","6 oz","6 oz","X549.jpg","","1"
"7343","Cooking Needs","Spices & Seasonings","Spices & Seasonings","McCormick","McCormick Pure Ground Black Pepper","","McCormick Pure Ground Black Pepper","6.09","0.0","Market Basket","7.75 oz","7.75 oz","2289.jpg","","9"
"13835","Breakfast & Dairy","Dairy & Eggs","Refrigerated Pudding & Desserts","KozyShack","KozyShack Chocolate Kozy Shack Simply Well Chocolate Pudding","","KozyShack Chocolate Kozy Shack Simply Well Chocolate Pudding","3.09","0.0","Market Basket","4 oz","4 oz","824.jpg","","19"
"3579","Fresh Produce","Fresh Vegetables","Celery","Market Basket","Celery Roots","","Celery Roots","4.39","0.0","Market Basket","1 pack","1 pack","f172.jpg","","20"
"14475","Breakfast & Dairy","Tea & Coffee","Coffee","StarBucks","Starbucks Colombia Single Origin Medium Roast Ground Coffee","","Starbucks Colombia Single Origin Medium Roast Ground Coffee","9.79","0.0","Market Basket","12 oz","12 oz","3314.jpg","","8"
"30642","Cooking Needs","Baking & Cooking","Pizza Sauce","Bove's","Bove's Pizza Sauce Sweet Basil ","609231000706","Bove's Pizza Sauce Sweet Basil ","3.74","0.0","Market Basket","16 oz","16 oz","X1320.jpg","","4"
"15090","Personal Care","Personal Needs","Facial Care","Alba Botanica","Alba Botanica Enzyne Scrub Even Advanced Sea Algae","","Alba Botanica Enzyne Scrub Even Advanced Sea Algae","10.57","1.0","Market Basket","4 oz","4 oz","6269.jpg","","13"
"30171","Meat & Seafood","Packaged Meat & Seafood","Hot Dogs","Applegate ","Applegate Organics Organic Uncured Turkey Hot Dog ","","Applegate Organics Organic Uncured Turkey Hot Dog ","6.86","0.0","Market Basket","10 oz","10 oz","X4483.jpg","","1"
"14805","Personal Care","Body Wash, Soap & Hair Care","Hair Care","TRESemme","TRESemme Hair Mousse Extra Hold","","TRESemme Hair Mousse Extra Hold","7.0","1.0","Market Basket","10.5 oz","10.5 oz","18174.jpg","","13"
"32287","Condiments & Dressings","Salad Dressings & Toppings","Salad Dressing & Toppings","Ken's Steak House","Ken's Seak House Blue Cheese With Gorgonzola ","014335000136","Ken's Seak House Blue Cheese With Gorgonzola ","1.25","0.0","Market Basket","16 fl oz","16 fl oz","X455.jpg","","2"
"435","Kitchen & Cleaning","Trash Bags & Liners","Tall Trash Bags","Glad","Glad OdorShield Tall Kitchen Drawstring Trash Bags, Febreze Fresh Clean","","Glad OdorShield Tall Kitchen Drawstring Trash Bags, Febreze Fresh Clean","9.19","1.0","Market Basket","13 gal","13 gal","4670.jpg","","12"
"5448","Chips, Cookies & Snacks","Candy & Chocolates","Candy & Chocolate","Haribo","Haribo Candy, Gummi, Goldbears, Box","","Haribo Candy, Gummi, Goldbears, Box","1.29","0.0","Market Basket","3.4 oz","3.4 oz","1062.jpg","","3"
"3525","Fresh Produce","Fresh Vegetables","Asparagus","Emerald Cove","Emerald Cove Asparagus, Bunch","","Emerald Cove Asparagus, Bunch","6.31","0.0","Market Basket","1 count","1 count","14407.jpg","","20"
"4236","Meat & Seafood","Packaged Meat & Seafood","Ham","Market Basket","Market Basket Honey Baked Ham","","Market Basket Honey Baked Ham","3.69","0.0","Market Basket","8 oz","8 oz","Market Basket.jpg","","22"
"13765","Breakfast & Dairy","Dairy & Eggs","Packaged Cheese","Market Basket","Market Basket Shredded Orange Sharp Cheddar","","Market Basket Shredded Orange Sharp Cheddar","2.49","0.0","Market Basket","8 oz","8 oz","Market Basket.jpg","","1"
"34456","Frozen Food","Frozen Breakfast","Frozen Breakfast","Sandwich Bros ","Sandwich Bros Turkey Sausage & Cheese Flatbread Pocket Snack Sandwiches ","077507005074","Sandwich Bros Turkey Sausage & Cheese Flatbread Pocket Snack Sandwiches ","6.24","0.0","Market Basket","13.50 Oz","13.50 Oz","X5001.jpg","","19"
"6120","Beverages & Juices","Soft Drinks & Seltzers","Soft Drinks","Dr Pepper","Dr Pepper Diet Soda Mini","","Dr Pepper Diet Soda Mini","5.63","0.0","Market Basket","8 x 12 fl oz","8 x 12 fl oz","No Image.jpg","","17"
"33162","Condiments & Dressings","Salad Dressings & Toppings","Salad Dressing & Toppings","Market Basket ","Market Basket Great as a Dip Classic Ranch Dressing","049705015612","Market Basket Great as a Dip Classic Ranch Dressing","2.24","0.0","Market Basket","16 fl oz","16 fl oz","X604.jpg","","2"
"3707","Fresh Produce","Fresh Fruits","Pineapple","Market Basket","Chiquita Pineapple","","Chiquita Pineapple","3.55","0.0","Market Basket","1 count","1 count","14233.jpg","","20"
"34288","Beverages & Juices","Juices & Refrigerated Drinks","Juice & Nectars","R.W. Knudsen","R.W. Knudsen Organci Just Tart Cherry Juice","074682107821","R.W. Knudsen Organci Just Tart Cherry Juice","9.99","0.0","Market Basket","32 fl oz","32 fl oz","X2901.jpg","","10"
"15021","Personal Care","Personal Needs","Deodorants","Degree","Degree Invisible Solid Shower Clean","","Degree Invisible Solid Shower Clean","4.24","1.0","Market Basket","2.6 oz","2.6 oz","18125.jpg","","13"
"5145","Chips, Cookies & Snacks","Cookies & Crackers","Crackers","Annie's Homegrown","Annie's Homegrown Organic Cheddar Bunnies Baked Snack Crackers","","Annie's Homegrown Organic Cheddar Bunnies Baked Snack Crackers","4.69","0.0","Market Basket","7.5 oz","7.5 oz","1214.jpg","","6"
"15337","Personal Care","Vitamins & Proteins","Vitamins & Supplements","Nature Made","Nature Made L-Lysine 500 mg Tablets","","Nature Made L-Lysine 500 mg Tablets","13.1","1.0","Market Basket","100 count","100 count","18186.jpg","","13"
"33877","Condiments & Dressings","Pickled Goods & Olives","Pickled Goods & Olives","Pastene","Pastene Quartered & Marinated Artichoke Hearts ","066860100300","Pastene Quartered & Marinated Artichoke Hearts ","2.49","0.0","Market Basket","6.5 oz","6.5 oz","X2313.jpg","","2"
"3830","Fresh Produce","Fresh Organic Vegetables","Mushroom","Hokto","Hokto Organic Maitake Mushrooms","","Hokto Organic Maitake Mushrooms","3.55","0.0","Market Basket","3.5 oz bag","3.5 oz bag","17935.jpg","","20"
"6143","Beverages & Juices","Ginger Ale & Ginger Beer","Ginger Ale","Market Basket","Market Basket Ginger Ale","","Market Basket Ginger Ale","0.63","0.0","Market Basket","20 fl oz","20 fl oz","Market Basket.jpg","","17"
"8081","Cooking Needs","Canned Food","Soup, Broth & Bouillon","Nongshim","Nongshim Bowl Noodle Soup Spicy Shrimp","","Nongshim Bowl Noodle Soup Spicy Shrimp","1.29","0.0","Market Basket","3.03 oz","3.03 oz","17187.jpg","","2"
"5101","Chips, Cookies & Snacks","Cookies & Crackers","Cookies & Cakes","Oreo","Nabisco Oreo Mini Cookies 12 Packs","","Nabisco Oreo Mini Cookies 12 Packs","6.23","0.0","Market Basket","12 oz","12 oz","1139.jpg","","6"
"4734","Meat & Seafood","Frozen Meat & Seafood","Chicken Products","Perdue","Perdue Boneless Chicken Breasts","","Perdue Boneless Chicken Breasts","8.59","0.0","Market Basket","2 lb","2 lb","2887.jpg","","22"
"13711","Breakfast & Dairy","Dairy & Eggs","Packaged Cheese","Kraft","Kraft White American Cheese Slices","","Kraft White American Cheese Slices","8.49","0.0","Market Basket","24 x 16 oz","24 x 16 oz","130.jpg","","1"
"30928","Breakfast & Dairy","Dairy & Eggs","Yogurt","Chobani","Chobani Greek Yogurt Raspberry On The Bottom 4 Value Pack ","","Chobani Greek Yogurt Raspberry On The Bottom 4 Value Pack ","4.36","0.0","Market Basket","4 x 5.3 oz","4 x 5.3 oz","X135.jpg","","1"
"9656","Frozen Food","Frozen Dinners & Entrees","Frozen Meal","Tabatchnick","Tabatchnick Soup Singles Split Pea","","Tabatchnick Soup Singles Split Pea","1.29","0.0","Market Basket","11 oz","11 oz","15978.jpg","","18"
"34685","Beverages & Juices","Tea, Coffee, Milk & Coconut Water","Tea","Straight Up Tea","Straight Up Tea Unsweetened","076183002476","Straight Up Tea Unsweetened","7.49","0.0","Market Basket","6 x 18.5 fl oz","6 x 18.5 fl oz","X2967.jpg","","10"
"13951","Breakfast & Dairy","Dairy & Eggs","Specialty Cheeses","Market Basket","Market Basket Deluxe Yellow American Cheese","","Market Basket Deluxe Yellow American Cheese","3.09","0.0","Market Basket","16 count","16 count","Market Basket.jpg","","1"
"13955","Breakfast & Dairy","Dairy & Eggs","Specialty Cheeses","Market Basket","Market Basket Grated Parmesan & Romano Cheese","","Market Basket Grated Parmesan & Romano Cheese","3.09","0.0","Market Basket","8 oz","8 oz","Market Basket.jpg","","1"
"9228","Frozen Food","Frozen Breakfast","Frozen Breads & Doughs","Warm N Serv","Warm N Serv Artisan French White Rolls","","Warm N Serv Artisan French White Rolls","3.69","0.0","Market Basket","11.5 oz","11.5 oz","2861.jpg","","19"
"32058","Meat & Seafood","Packaged Meat & Seafood","Bacon","Kayem ","Kayem Double Smoked Thick Cut Bacon","","Kayem Double Smoked Thick Cut Bacon","7.49","0.0","Market Basket","12 oz","12 oz","X4465.jpg","","1"
"33382","Frozen Food","Frozen Dinners & Entrees","Frozen Appetizers & Sides","Mrs.T's ","Mrs.T's Pierogies Classic Onion","041164000666","Mrs.T's Pierogies Classic Onion","3.13","0.0","Market Basket","16 oz","16 oz","X4300.jpg","","18"
"9181","Frozen Food","Frozen Dinners & Entrees","Frozen Appetizers & Sides","Our Best","Our Best Meatballs Italian Style","","Our Best Meatballs Italian Style","7.39","0.0","Market Basket","32 oz","32 oz","15846.jpg","","1"
"6360","Beverages & Juices","Soft Drinks & Seltzers","Seltzer","Polar","Polar Seltzer Calorie free Raspberry Lime","","Polar Seltzer Calorie free Raspberry Lime","1.74","0.0","Market Basket","2 L","2 L","3208.jpg","","11"
"13468","Breakfast & Dairy","Dairy & Eggs","Milk","Hood","Hood 2% Reduced Fat Milk","","Hood 2% Reduced Fat Milk","3.11","0.0","Market Basket","0.5 gal","0.5 gal","487.jpg","","1"
"13331","Breakfast & Dairy","Dairy & Eggs","Cream","Coffee-mate","Coffee mate French Vanilla Sugar Free Liquid Coffee Creamer","","Coffee mate French Vanilla Sugar Free Liquid Coffee Creamer","6.99","0.0","Market Basket","64 fl oz","64 fl oz","559.jpg","","1"
"34012","Meat & Seafood","Packaged Meat & Seafood","Sausage","Perdue","Perdue Hardwood Smoked Chicken Sausages Apple ","","Perdue Hardwood Smoked Chicken Sausages Apple ","4.99","0.0","Market Basket","12 oz","12 oz","X4638.jpg","","1"
"5053","Chips, Cookies & Snacks","Cookies & Crackers","Cookies & Cakes","Keebler","Keebler Country Style Oatmeal Cookies With Raisin","","Keebler Country Style Oatmeal Cookies With Raisin","3.91","0.0","Market Basket","10.5 oz","10.5 oz","No Image.jpg","","6"
"8445","Condiments & Dressings","Marinades, Ketchup & Sauces","Marinades & Meat Preparation","McCormick","McCormick Beef Stew Seasoning Mix","","McCormick Beef Stew Seasoning Mix","1.59","0.0","Market Basket","1.5 oz","1.5 oz","1968.jpg","","9"
"31876","Condiments & Dressings","Marinades, Ketchup & Sauces","Sauce","Huy Fong","Huy Fong Tuong Ot Sriracha Hot Chili Sauce","024463061163","Huy Fong Tuong Ot Sriracha Hot Chili Sauce","4.11","0.0","Market Basket","28 oz","28 oz","X3213.jpg","","2"
"13466","Breakfast & Dairy","Dairy & Eggs","Milk","Hood","Hood 1% Lowfat Milk","","Hood 1% Lowfat Milk","1.74","0.0","Market Basket","1 quart","1 quart","491.jpg","","1"
"33483","Cooking Needs","Rice & Grains","Grains, Rice & Dried Goods","Nature's Earthly Choice","Nature's Earthly Choice Riced Cauliflower Paleo Keto ","679948101232","Nature's Earthly Choice Riced Cauliflower Paleo Keto ","2.5","0.0","Market Basket","8.5 oz","8.5 oz","X1096.jpg","","4"
"13633","Breakfast & Dairy","Dairy & Eggs","Packaged Cheese","Cabot","Cabot Cheese Cheese, New York Extra Sharp Cheddar Cheese Slices","","Cabot Cheese Cheese, New York Extra Sharp Cheddar Cheese Slices","3.59","0.0","Market Basket","8 oz","8 oz","14576.jpg","","1"
"5470","Chips, Cookies & Snacks","Candy & Chocolates","Candy & Chocolate","Hershey's","Hershey's Sugar Free Special Dark Mildly Sweet Chocolate","","Hershey's Sugar Free Special Dark Mildly Sweet Chocolate","2.49","0.0","Market Basket","3 oz","3 oz","995.jpg","","3"
"31112","Breakfast & Dairy","Dairy & Eggs","Yogurt","Dannon","Dannon Light+Fit Greek Toasted Coconut Vanilla Naturally & Artifically Flavored ","","Dannon Light+Fit Greek Toasted Coconut Vanilla Naturally & Artifically Flavored ","1.25","0.0","Market Basket","5.3 oz","5.3 oz","X214.jpg","","1"
"35217","Breakfast & Dairy","Dairy & Eggs","Yogurt","Yoplait","Yoplait light Red Raspberry ","","Yoplait light Red Raspberry ","0.81","0.0","Market Basket","6 oz","6 oz","X951.jpg","","1"
"31688","Condiments & Dressings","Pickled Goods & Olives","Pickles","Heinz","Heinz Est 1869 Genuine Whole Dills Original Sour Dill ","013000005203","Heinz Est 1869 Genuine Whole Dills Original Sour Dill ","4.99","0.0","Market Basket","46 fl oz","46 fl oz","X3303.jpg","","2"
"9789","Frozen Food","Frozen Produce","Frozen Produce","Birds Eye","Birds Eye Sweet Garden Peas","","Birds Eye Sweet Garden Peas","1.69","0.0","Market Basket","14.4 oz","14.4 oz","2421.jpg","","19"
"31061","Pasta & Sauces","Pasta Sauce","Pasta Sauce","Cucina and Amore","Cucina and Amore Pesto Alla Firenze Artichoke","728119098465","Cucina and Amore Pesto Alla Firenze Artichoke","4.99","0.0","Market Basket","7.9 oz","7.9 oz","X1414.jpg","","4"
"14822","Personal Care","Body Wash, Soap & Hair Care","Hair Care","White Rain","White Rain Ocean Mist Moisturizing Shampoo","","White Rain Ocean Mist Moisturizing Shampoo","1.48","1.0","Market Basket","15 fl oz","15 fl oz","6604.jpg","","13"
"32542","Beverages & Juices","Water","Flavoured Water","Levant ","Levant  Mediterranean Delicacies Rose Water ","859215008024","Levant  Mediterranean Delicacies Rose Water ","2.49","0.0","Market Basket","16.9 fl oz","16.9 fl oz","X2283.jpg","","2"
"14800","Personal Care","Body Wash, Soap & Hair Care","Hair Care","TRESemme","TRESemme Conditioner 7 Day Keratin Smooth","","TRESemme Conditioner 7 Day Keratin Smooth","8.5","1.0","Market Basket","9 oz","9 oz","6557.jpg","","13"
"9915","Frozen Food","Frozen Dinners & Entrees","Frozen Vegan & Vegetarian","Gardein","Gardein Seven Grain Crispy Tenders","","Gardein Seven Grain Crispy Tenders","5.61","0.0","Market Basket","9 oz","9 oz","2930.jpg","","1"
"5093","Chips, Cookies & Snacks","Cookies & Crackers","Cookies & Cakes","Nabisco","Nabisco Nutter Butter Crispy Wafers With Peanut Butter Creme","","Nabisco Nutter Butter Crispy Wafers With Peanut Butter Creme","5.61","0.0","Market Basket","10.5 oz","10.5 oz","No Image.jpg","","6"
"15217","Personal Care","Personal Needs","Oral Hygiene","Listerine","Listerine Freshburst Antiseptic Mouthwash","","Listerine Freshburst Antiseptic Mouthwash","8.96","1.0","Market Basket","1 L","1 L","6455.jpg","","13"
"5031","Chips, Cookies & Snacks","Cookies & Crackers","Cookies & Cakes","Annie's Homegrown","Annie's Homegrown Friends Bunny Graham Baked Graham Snacks","","Annie's Homegrown Friends Bunny Graham Baked Graham Snacks","4.69","0.0","Market Basket","7 oz","7 oz","15052.jpg","","6"
"13382","Breakfast & Dairy","Dairy & Eggs","Cream","Nestle","NestlÃÂ© Coffee Mate Fat Free Hazelnut Liquid Coffee Creamer","","NestlÃÂ© Coffee Mate Fat Free Hazelnut Liquid Coffee Creamer","3.69","0.0","Market Basket","32 fl oz","32 fl oz","541.jpg","","1"
"6471","Chips, Cookies & Snacks","Nuts, Seeds & Dried Fruit","Nuts, Seeds & Dried Fruit","Second Nature","Second Nature California Medley","","Second Nature California Medley","8.74","0.0","Market Basket","12.5 oz","12.5 oz","No Image.jpg","","6"
"30865","Frozen Food","Frozen Pizza","Frozen Pizza","Celeste ","Celeste Original Pizza","019600046301","Celeste Original Pizza","1.25","0.0","Market Basket","5.08 oz","5.08 oz","X4861.jpg","","19"
"4894","Chips, Cookies & Snacks","Chips & Fruit Snacks","Chips & Pretzels","Market Basket","Market Basket Waffle Pretzel","","Market Basket Waffle Pretzel","1.55","0.0","Market Basket","10 oz","10 oz","Market Basket.jpg","","0"
"30725","Cooking Needs","Canned Food","Baked Beans","Bush's","Bush's Best Since 1908 Country Style Brown Sugar Hickory Baked Beans ","","Bush's Best Since 1908 Country Style Brown Sugar Hickory Baked Beans ","2.88","0.0","Market Basket","8.3 oz","8.3 oz","X1820.jpg","","2"
"13695","Breakfast & Dairy","Dairy & Eggs","Packaged Cheese","High Valley Farm","High Valley Farm Sharp Aged Cheddar Cheese Block","","High Valley Farm Sharp Aged Cheddar Cheese Block","3.09","0.0","Market Basket","10 oz","10 oz","Market Basket.jpg","","1"
"7938","Cooking Needs","Canned Food","Soup, Broth & Bouillon","Campbell's","Campbell's Chunky Soup, Steak & Potato Soup","","Campbell's Chunky Soup, Steak & Potato Soup","3.09","0.0","Market Basket","18.8 oz","18.8 oz","5344.jpg","","9"
"6656","Beverages & Juices","Juices & Refrigerated Drinks","Refrigerated Drinks","Sambazon","Sambazon Energy Superfood Juice Blend Acai Berry + Yerba Mate + Guarana","","Sambazon Energy Superfood Juice Blend Acai Berry + Yerba Mate + Guarana","7.39","0.0","Market Basket","33.8 fl oz","33.8 fl oz","16514.jpg","","1"
"3716","Fresh Produce","Fresh Fruits","Raspberries","Market Basket","Raspberries Package","","Raspberries Package","3.49","0.0","Market Basket","6 oz container","6 oz container","14182.jpg","","20"
"332","Kitchen & Cleaning","Food Storage & Kitchen Supplies","Storage Bags","Market Basket","Market Basket Slider Freezer Bags","","Market Basket Slider Freezer Bags","3.69","1.0","Market Basket","25 count","25 count","Market Basket.jpg","","12"
"394","Laundry & Paper Goods","Laundry","Laundry Detergent","Planet","Planet Laundry Detergent, 2x Ultra, Free & Clear","","Planet Laundry Detergent, 2x Ultra, Free & Clear","12.49","1.0","Market Basket","50 oz","50 oz","16875.jpg","","15"
"5390","Chips, Cookies & Snacks","Cookies & Crackers","Crackers","Kame","Kame Rice Crackers Wasabi","","Kame Rice Crackers Wasabi","4.67","0.0","Market Basket","3.5 oz","3.5 oz","No Image.jpg","","6"
"33031","Pasta & Sauces","Raw Pasta","Raw Pasta","Market Basket","Market Basket Tortellini Tricolor with Cheese","049705310670","Market Basket Tortellini Tricolor with Cheese","3.74","0.0","Market Basket","1 lb","1 lb","X1694.jpg","","4"
"33362","Cooking Needs","Canned Food","Canned Fruit & Applesauce","Mott's ","Mott's Appleause Apple ","","Mott's Appleause Apple ","2.74","0.0","Market Basket","4 oz","4 oz","X624.jpg","","3"
"31478","Breakfast & Dairy","Cereal","Cereal","General Mills","General Mills Honey Nut Cheerios Medley Crunch Large Size","016000163454","General Mills Honey Nut Cheerios Medley Crunch Large Size","4.38","0.0","Market Basket","16.7 oz","16.7 oz","X3455.jpg","","5"
"5598","Chips, Cookies & Snacks","Candy & Chocolates","Candy & Chocolate","Trident","Trident Spearmint Sugar Free Gum","","Trident Spearmint Sugar Free Gum","1.59","0.0","Market Basket","0.95 oz","0.95 oz","14964.jpg","","3"
"5997","Beverages & Juices","Energy & Sports Drinks","Energy & Sports Drinks","Monster","Monster Energy Ultra Sunrise 4 Pack","","Monster Energy Ultra Sunrise 4 Pack","8.74","0.0","Market Basket","4 x 16 fl oz","4 x 16 fl oz","No Image.jpg","","17"
"244","Kitchen & Cleaning","Dish Detergents","Dish Liquid","Palmolive","Palmolive Ultra AntiBacterial Concentrated Dish Liquid","","Palmolive Ultra AntiBacterial Concentrated Dish Liquid","3.69","1.0","Market Basket","30 fl oz","30 fl oz","4356.jpg","","15"
"7375","Cooking Needs","Spices & Seasonings","Spices & Seasonings","Ortega","Ortega Taco Seasoning Mix Less Sodium","","Ortega Taco Seasoning Mix Less Sodium","0.99","0.0","Market Basket","1.25 oz","1.25 oz","15634.jpg","","7"
"7908","Cooking Needs","Canned Food","Soup, Broth & Bouillon","Amy's","Amy's Soups Low Fat No Chicken Noodle","","Amy's Soups Low Fat No Chicken Noodle","3.49","0.0","Market Basket","14.1 oz","14.1 oz","17262.jpg","","2"
"31041","Breakfast & Dairy","Granola & Oats","Cup Oatmeal","Cream of Wheat ","Cream of Wheat to go Maple Brown Sugar Walnut","072400011092","Cream of Wheat to go Maple Brown Sugar Walnut","1.88","0.0","Market Basket","2.29 oz","2.29 oz","X3626.jpg","","5"
"7216","Cooking Needs","Spices & Seasonings","Spices & Seasonings","Goya","Goya Adobo All Purpose Seasoning","","Goya Adobo All Purpose Seasoning","1.99","0.0","Market Basket","8 oz","8 oz","2239.jpg","","7"
"31635","Condiments & Dressings","Honey, Syrup & Nectars","Honey","Gunters","Gunters Pure Honey Clover ","021273100129","Gunters Pure Honey Clover ","3.13","0.0","Market Basket","12 oz","12 oz","X3186.jpg","","2"
"30285","Meat & Seafood","Packaged Meat & Seafood","Hot Dogs & Franks","Bar S","Bar S Jumbo Jumbos","","Bar S Jumbo Jumbos","8.74","0.0","Market Basket","5 lb","5 lb","X4573.jpg","","1"
"7316","Cooking Needs","Spices & Seasonings","Spices & Seasonings","McCormick","McCormick Ground Cumin","","McCormick Ground Cumin","4.89","0.0","Market Basket","1.5 oz","1.5 oz","2149.jpg","","9"
"34380","Cooking Needs","Rice & Grains","Instant Rice","Rice Roni","Rice Roni Spanish Rice Tender Rice & Vermicelli with zesty Spanish seasonings","015300430532","Rice Roni Spanish Rice Tender Rice & Vermicelli with zesty Spanish seasonings","1.25","0.0","Market Basket","6.8 oz","6.8 oz","X991.jpg","","4"
"10271","Frozen Food","Ice Cream & Ice","Ice Cream & Ice","Yasso","Yasso Frozen Greek Yogurt, Chocolate Fudge Bars","","Yasso Frozen Greek Yogurt, Chocolate Fudge Bars","4.79","0.0","Market Basket","4 x 3.5 fl oz","4 x 3.5 fl oz","16104.jpg","","21"
"14656","Breakfast & Dairy","Tea & Coffee","Tea","Yogi","Yogi Lemon Ginger Tea","","Yogi Lemon Ginger Tea","4.29","0.0","Market Basket","16 count","16 count","3507.jpg","","8"
"35311","Richardson's Farm Ice Cream","Ice Cream","Peppermint","Richarson's Farm","Richarson's Farm Peppermint Stick Ice Cream 16% Butterfat","","Mint ice cream with peppermint candies","7.99","0.0","Richardson's Farm","1-2 Gal. Container","1-2 Gal. Container","RichardsonsFarm.jpg","",""
"32383","Breakfast & Dairy","Breads & Rolls","Rolls","Koffee Kup Bakery","Koffee Kup Bakery Kaiser Rolls","074016015129","Koffee Kup Bakery Kaiser Rolls","4.86","0.0","Market Basket","15 oz","15 oz","X2584.jpg","","18"
"30968","Breakfast & Dairy","Bars & Pastries","Breakfast Bars","Clif","Bar Clif Crunchy Peanut Butter ","722252660084","Bar Clif Crunchy Peanut Butter ","8.11","0.0","Market Basket","14.40 oz","14.40 oz","X3906.jpg","","5"
"6876","Cooking Needs","Baking & Cooking","Baking Ingredients","Market Basket","Market Basket Butter Flavor Cooking Spray","","Market Basket Butter Flavor Cooking Spray","2.09","0.0","Market Basket","6 oz","6 oz","Market Basket.jpg","","8"
"35350","Richardson's Farm Ice Cream","Sherbet & Sorbet","Watermelon","Richarson's Farm","Richarson's Farm Watermelon Sherbet","","Delicious Sherbet for the lighter side","7.29","0.0","Richardson's Farm","1-2 Gal. Container","1-2 Gal. Container","RichardsonsFarm.jpg","",""
"5231","Chips, Cookies & Snacks","Cookies & Crackers","Crackers","Nabisco","Nabiso 60% Less Fat Reduced Fat Nilla Wafers","","Nabiso 60% Less Fat Reduced Fat Nilla Wafers","5.14","0.0","Market Basket","11 oz","11 oz","No Image.jpg","","6"
"3891","Fresh Produce","Fresh Vegetables","Mushroom","Monterey","Monterey Mushrooms, Baby Brown Pearls","","Monterey Mushrooms, Baby Brown Pearls","2.17","0.0","Market Basket","6 oz","6 oz","34.jpg","","20"
"35232","Cooking Needs","Rice & Grains","Instant Rice","Zatarains","Zatarains Dirty Rice Long grain rice with vegetables & Spices","071429095359","Zatarains Dirty Rice Long grain rice with vegetables & Spices","2.11","0.0","Market Basket","8 oz","8 oz","X1017.jpg","","4"
"15345","Personal Care","Vitamins & Proteins","Vitamins & Supplements","Nature Made","Nature Made Vitamin B12 1000 mcg Time Release Tablets","","Nature Made Vitamin B12 1000 mcg Time Release Tablets","9.88","1.0","Market Basket","75 count","75 count","18187.jpg","","13"
"33932","Condiments & Dressings","Pickled Goods & Olives","Olives","Pearls ","Pearls Reduced Sodium Large Pitted Ripe Olives 100% California Grown","072999420039","Pearls Reduced Sodium Large Pitted Ripe Olives 100% California Grown","1.24","0.0","Market Basket","6.5 oz","6.5 oz","X2275.jpg","","2"
"34958","Beverages & Juices","Juices & Refrigerated Drinks","Juice & Nectars","V8","V8 Splash Orange Pineapple Juice","051000203496","V8 Splash Orange Pineapple Juice","2.5","0.0","Market Basket","64 fl oz","64 fl oz","X2922.jpg","","10"
"10204","Frozen Food","Ice Cream & Ice","Ice Cream & Ice","Popsicle","Popsicle Ice Pops Minions","","Popsicle Ice Pops Minions","4.09","0.0","Market Basket","18 count","18 count","3153.jpg","","21"
"4954","Chips, Cookies & Snacks","Chips & Fruit Snacks","Chips & Pretzels","Stacy'S","Stacy'S Baked Pita Chips Multigrain","","Stacy'S Baked Pita Chips Multigrain","3.13","0.0","Market Basket","7.3 oz","7.3 oz","928.jpg","","0"
"12878","Breakfast & Dairy","Breads & Rolls","Bagels","Udi's","Udi's Gluten Free Plain Bagels","","Udi's Gluten Free Plain Bagels","7.39","0.0","Market Basket","5 count","5 count","4888.jpg","","19"
"4724","Meat & Seafood","Frozen Meat & Seafood","Frozen Meat","Market Basket","Market Basket Duck","","Market Basket Duck","60.52","0.0","Market Basket","Approx: 16.4 lb at $3.69/lb","Approx: 16.4 lb at $3.69/lb","Market Basket.jpg","","18"
"6852","Cooking Needs","Baking & Cooking","Baking Ingredients","Goya","Goya Corn Meal Fine Yellow","","Goya Corn Meal Fine Yellow","1.99","0.0","Market Basket","24 oz","24 oz","2350.jpg","","8"
"5458","Chips, Cookies & Snacks","Candy & Chocolates","Candy & Chocolate","Hershey's","Hershey's Milk Chocolate Bars","","Hershey's Milk Chocolate Bars","4.29","0.0","Market Basket","6 x 1.55 oz","6 x 1.55 oz","981.jpg","","3"
"451","Kitchen & Cleaning","Trash Bags & Liners","Tall Trash Bags","Market Basket","Market Basket Flex Drawstring Tall Kitchen Bags","","Market Basket Flex Drawstring Tall Kitchen Bags","10.99","1.0","Market Basket","76 count","76 count","Market Basket.jpg","","12"
"9046","Condiments & Dressings","Preserved Dips & Spreads","Spreads","Smucker's","Smucker's Organic Peanut Butter Creamy","","Smucker's Organic Peanut Butter Creamy","6.09","0.0","Market Basket","16 oz","16 oz","1617.jpg","","3"
"9998","Frozen Food","Ice Cream & Ice","Ice Cream & Ice","Dove","Dove Bar Minis Vanilla Chocolate Ice Cream with Dark Chocolate Bars","","Dove Bar Minis Vanilla Chocolate Ice Cream with Dark Chocolate Bars","4.59","0.0","Market Basket","14 count","14 count","16113.jpg","","21"
"5755","Breakfast & Dairy","Bars & Pastries","Protien Bars","Larabar","Larabar Gluten Free Bar, Carrot Cake","","Larabar Gluten Free Bar, Carrot Cake","1.25","0.0","Market Basket","1.6 oz","1.6 oz","1312.jpg","","3"
"34738","Breakfast & Dairy","Bars & Pastries","Granola Bars","Sunbelt Bakery ","Sunbelt Bakery Raspberry Granola Bars","024300031724","Sunbelt Bakery Raspberry Granola Bars","3.13","0.0","Market Basket","11.0 oz","11.0 oz","X3798.jpg","","5"
"30856","Frozen Food","Frozen Pizza","Frozen Pizza","Caulipower ","Caulipower Mergherita Pizaa ","862871000325","Caulipower Mergherita Pizaa ","8.74","0.0","Market Basket","10.90 oz","10.90 oz","X4878.jpg","","19"
"4800","Meat & Seafood","Frozen Meat & Seafood","Frozen Fish (All)","Market Basket","Market Basket Whole Cleaned Tilapia","","Market Basket Whole Cleaned Tilapia","7.39","0.0","Market Basket","3 lb","3 lb","Market Basket.jpg","","18"
"34339","Frozen Food","Frozen Breakfast","Frozen Burrito","Red's","Red's Organic Egg and Ranchero Sauce Burrito","850416002538","Red's Organic Egg and Ranchero Sauce Burrito","2.08","0.0","Market Basket","5 oz","5 oz","X4817.jpg","","19"
"5362","Chips, Cookies & Snacks","Cookies & Crackers","Cookies & Cakes","Tate's Bake Shop","Tate's Bake Shop Coconut Crisp Cookies","","Tate's Bake Shop Coconut Crisp Cookies","6.23","0.0","Market Basket","7 oz","7 oz","No Image.jpg","","6"
"8724","Condiments & Dressings","Preserved Dips & Spreads","Preserved Dips & Salsa","Drew's","Drews Salsa, Thick & Chunky, Hot, Organic, Jar","","Drews Salsa, Thick & Chunky, Hot, Organic, Jar","5.49","0.0","Market Basket","12 oz","12 oz","15587.jpg","","1"
"10423","Cooking Needs","Canned Food","Canned Food","Goya","Goya Rice, Jasmine, Thai","","Goya Rice, Jasmine, Thai","24.39","0.0","Market Basket","20 lb","20 lb","5815.jpg","","7"
"34967","Beverages & Juices","Juices & Refrigerated Drinks","Juice & Nectars","V8","V8 Original Vegetable Juice","051000153180","V8 Original Vegetable Juice","5.61","0.0","Market Basket","6 x 11.5 fl oz","6 x 11.5 fl oz","X3123.jpg","","10"
"14391","Breakfast & Dairy","Tea & Coffee","Coffee","Green Mountain","Green Mountain Coffee Hazelnut K Cup Packs Coffee","","Green Mountain Coffee Hazelnut K Cup Packs Coffee","6.09","0.0","Market Basket","36 x 0.33 oz","36 x 0.33 oz","3360.jpg","","8"
"9028","Condiments & Dressings","Preserved Dips & Spreads","Spreads","Polaner","Polaner All Fruit Spreadable Fruit Seedless Raspberry","","Polaner All Fruit Spreadable Fruit Seedless Raspberry","3.69","0.0","Market Basket","10 oz","10 oz","1672.jpg","","3"
"15080","Personal Care","Personal Needs","Eye & Ear Care","Refresh Contacts","Refresh Contacts Contact Lens Comfort Drops","","Refresh Contacts Contact Lens Comfort Drops","9.42","1.0","Market Basket","0.41 fl oz","0.41 fl oz","17798.jpg","","13"
"3580","Fresh Produce","Fresh Vegetables","Celery","Market Basket","Celery Sticks","","Celery Sticks","3.29","0.0","Market Basket","1 lb","1 lb","No Image.jpg","","20"
"31120","Breakfast & Dairy","Breads & Rolls","Bagels","Dave's Killer Bread","Dave's Killer Bread Organic Bagels Cinnamon Raisin Mix","013764028029","Dave's Killer Bread Organic Bagels Cinnamon Raisin Mix","6.61","0.0","Market Basket","16.75 oz","16.75 oz","X2430.jpg","","18"
"35100","Chips, Cookies & Snacks","Chips & Fruit Snacks","Fruit & Vegetable Snacks","Welch's","Welch's Berries 'N Cherries Fruit Snacks ","034856888925","Welch's Berries 'N Cherries Fruit Snacks ","2.5","0.0","Market Basket","6.4 oz","6.4 oz","X5155.jpg","","19"
"6144","Beverages & Juices","Soft Drinks & Seltzers","Soft Drinks","Minute Maid","Minute Maid Lemonade Made with Real Lemons","","Minute Maid Lemonade Made with Real Lemons","1.24","0.0","Market Basket","2 L","2 L","16613.jpg","","17"
"32927","Breakfast & Dairy","Dairy & Eggs","Yogurt","Market Basket","Market Basket Greek Nonfat Yogurt Vanilla ","","Market Basket Greek Nonfat Yogurt Vanilla ","3.11","0.0","Market Basket","2 lb","2 lb","X565.jpg","","1"
"33913","Cooking Needs","Oils & Vinegars","Oils & Vinegars","Pastene","Pastene Red Wine Vinegar 5% Acidity ","","Pastene Red Wine Vinegar 5% Acidity ","4.74","0.0","Market Basket","128 fl oz","128 fl oz","X1802.jpg","","2"
"8815","Condiments & Dressings","Salad Dressings & Toppings","Salad Dressing & Toppings","Fresh Gourmet Classic","Fresh Gourmet Tortilla Strips Lightly Salted","","Fresh Gourmet Tortilla Strips Lightly Salted","1.89","0.0","Market Basket","3.5 oz","3.5 oz","15433.jpg","","2"
"14812","Personal Care","Body Wash, Soap & Hair Care","Hair Care","VO5","VO5 Salon Series Full Body + Shine Shampoo","","VO5 Salon Series Full Body + Shine Shampoo","2.86","1.0","Market Basket","14.2 fl oz","14.2 fl oz","6600.jpg","","13"
"33715","Breakfast & Dairy","Dairy & Eggs","Yogurt","Once Up on Farm","Once Up On Fram Cold-Pressed Fruit & Veggie Blend No Sugar Added ","","Once Up On Fram Cold-Pressed Fruit & Veggie Blend No Sugar Added ","2.86","0.0","Market Basket","3.2 oz","3.2 oz","X697.jpg","","1"
"5153","Chips, Cookies & Snacks","Cookies & Crackers","Crackers","Blue Diamond","Blue Diamond Nut Thins Nut & Rice Cracker Snacks Cheddar Cheese","","Blue Diamond Nut Thins Nut & Rice Cracker Snacks Cheddar Cheese","4.69","0.0","Market Basket","4.25 oz","4.25 oz","1239.jpg","","6"
"505","Laundry & Paper Goods","Laundry","Laundry Detergent","Tide","Tide Plus ultra OXI pods Laundry Detergent","","Tide Plus ultra OXI pods Laundry Detergent","16.24","1.0","Market Basket","32 pack","32 pack","No Image.jpg","","15"
"4180","Meat & Seafood","Packaged Meat & Seafood","Bison","Great Range Buffalo","Great Range Buffalo Premium Ground Bison","","Great Range Buffalo Premium Ground Bison","10.99","0.0","Market Basket","16 oz","16 oz","4087.jpg","","22"
"33943","Breakfast & Dairy","Breads & Rolls","Bagels","Pepperidge Farm","Pepperidge Farm Bagels Everything","014100077152","Pepperidge Farm Bagels Everything","5.61","0.0","Market Basket","21 oz","21 oz","X2627.jpg","","18"
"30839","Cooking Needs","Rice & Grains","Rice","Carolina ","Carolina Gold Parboiled Rice Extra long Grain ","017400110734","Carolina Gold Parboiled Rice Extra long Grain ","9.36","0.0","Market Basket","10 lb","10 lb","X1048.jpg","","4"
"6232","Beverages & Juices","Water","Water","Aquafina ","Aquafina Purified Drinking Water","","Aquafina Purified Drinking Water","4.99","0.0","Market Basket","24 x 16.9 fl oz","24 x 16.9 fl oz","16221.jpg","","11"
"30279","Pasta & Sauces","Raw Pasta","Raw Pasta","Banza","Banza Pasta Penne","857183005007","Banza Pasta Penne","4.36","0.0","Market Basket","8 oz","8 oz","X1555.jpg","","4"
"34214","Breakfast & Dairy","Bars & Pastries","Chewy Bars","Quaker","Quaker Chewy Yogurt Flavoured Coating Strawberry","030000312803","Quaker Chewy Yogurt Flavoured Coating Strawberry","3.13","0.0","Market Basket","5 x 1.23 oz","5 x 1.23 oz","X3862.jpg","","5"
"9173","Frozen Food","Frozen Dinners & Entrees","Frozen Appetizers & Sides","Ore-Ida","Ore Ida Golden French Fried Potatoes","","Ore Ida Golden French Fried Potatoes","3.59","0.0","Market Basket","32 oz","32 oz","2565.jpg","","19"
"31079","Breakfast & Dairy","Dairy & Eggs","Smoothies","Danimals","Danimals Smoothies Soaring Strawberry Flavor Brave Berry Flavor ","","Danimals Smoothies Soaring Strawberry Flavor Brave Berry Flavor ","5.86","0.0","Market Basket","1.16 quart","1.16 quart","X182.jpg","","1"
"14494","Breakfast & Dairy","Tea & Coffee","Coffee","The Organic Coffee Co.","The Organic Coffee Co. Coffee, Ground, Regular Roast, Breakfast Blend","","The Organic Coffee Co. Coffee, Ground, Regular Roast, Breakfast Blend","7.39","0.0","Market Basket","12 oz","12 oz","16306.jpg","","8"
"34370","Frozen Food","Frozen Dinners & Entrees","Frozen Appetizers & Sides","Rhodes","Rhodes Bake N Serv White Bread","070022007004","Rhodes Bake N Serv White Bread","5.86","0.0","Market Basket","5 lb","5 lb","X4296.jpg","","18"
"34562","Beverages & Juices","Juices & Refrigerated Drinks","Juice & Nectars","Snapple","Snapple Diet Cranberry Raspberry","076183260180","Snapple Diet Cranberry Raspberry","7.49","0.0","Market Basket","6 x 16 fl oz","6 x 16 fl oz","X3001.jpg","","10"
"32667","Meat & Seafood","Packaged Meat & Seafood","Sausage","Mama Mancini's ","Mama Mancini's Stuffed Meatballs ","","Mama Mancini's Stuffed Meatballs ","6.86","0.0","Market Basket","16 oz","16 oz","X4659.jpg","","1"
"6110","Beverages & Juices","Soft Drinks & Seltzers","Soft Drinks","Crush","Crush Orange Soda","","Crush Orange Soda","2.5","0.0","Market Basket","2 L","2 L","No Image.jpg","","17"
"584","Laundry & Paper Goods","Laundry","Fabric Softener","Snuggle","Snuggle exhilarations amber woods and honeysuckle fabric conditioner","","Snuggle exhilarations amber woods and honeysuckle fabric conditioner","3.74","1.0","Market Basket","32 fl oz","32 fl oz","No Image.jpg","","15"
"10079","Frozen Food","Ice Cream & Ice","Ice Cream & Ice","Haagen-dazs","Haagen dazs Vanilla Bean Ice Cream","","Haagen dazs Vanilla Bean Ice Cream","4.29","0.0","Market Basket","1 pint","1 pint","3072.jpg","","21"
"341","Kitchen & Cleaning","Food Storage & Kitchen Supplies","Storage Bags","Ziploc","Ziploc Freezer Bags Quart","","Ziploc Freezer Bags Quart","4.89","1.0","Market Basket","38 count","38 count","4399.jpg","","12"
"34729","Breakfast & Dairy","Bars & Pastries","Granola Bars","Sunbelt Bakery ","Sunbelt Bakery Chocolate Chip Granola Bars","024300031038","Sunbelt Bakery Chocolate Chip Granola Bars","3.13","0.0","Market Basket","10.56 oz","10.56 oz","X3789.jpg","","5"
"602","Laundry & Paper Goods","Paper Goods","Bathroom Tissues / Toilet Paper","AngelSoft","AngelSoft 4 Mega Bathroom Tissue","","AngelSoft 4 Mega Bathroom Tissue","6.24","1.0","Market Basket","4 count","4 count","No Image.jpg","","14"
"32363","Cooking Needs","Rice & Grains","Rice/Pasta Sides","Knorr","Knorr Rice Sides Cheddar Broccoli","041000022784","Knorr Rice Sides Cheddar Broccoli","1.25","0.0","Market Basket","5.7 oz","5.7 oz","X1171.jpg","","4"
"33251","Pasta & Sauces","Pasta Sauce","Pasta Sauce","Mezzetta","Mezzetta Pasta Sauce Tomato Basil","073214009473","Mezzetta Pasta Sauce Tomato Basil","5.49","0.0","Market Basket","25 oz","25 oz","X1426.jpg","","4"
"31293","Frozen Food","Frozen Dinners & Entrees","Frozen Appetizers & Sides","Fast Bites","Fast Bites Breaded Chicken Sandwic","071421106152","Fast Bites Breaded Chicken Sandwic","1.25","0.0","Market Basket","4.9 oz","4.9 oz","X3990.jpg","","18"
"34915","Breakfast & Dairy","Dairy & Eggs","Yogurt","Two Good","Two Good 2G Sugar Mixed Berry Flavored Greek Yogurt ","","Two Good 2G Sugar Mixed Berry Flavored Greek Yogurt ","1.25","0.0","Market Basket","5.3 oz","5.3 oz","X868.jpg","","1"
"35109","Breakfast & Dairy","Breads & Rolls","Bread","When Pig's Fly","When Pig's Fly Soft Sourdough Bread","793617004003","When Pig's Fly Soft Sourdough Bread","6.24","0.0","Market Basket","20 oz","20 oz","X2561.jpg","","18"
"6016","Beverages & Juices","Energy & Sports Drinks","Energy & Sports Drinks","Red Bull","Red Bull The Orange Edition - Tangerine","","Red Bull The Orange Edition - Tangerine","9.36","0.0","Market Basket","4 x 8.4 fl oz","4 x 8.4 fl oz","No Image.jpg","","17"
"10497","Cooking Needs","Rice & Grains","Instant Food","Idahoan","Idahoan Mashed Potatoes Four Cheese","","Idahoan Mashed Potatoes Four Cheese","1.29","0.0","Market Basket","4 oz","4 oz","17380.jpg","","9"
"4052","Meat & Seafood","Meat & Seafood Counter","Beef","Certified Angus Beef","Certified Angus Beef Thin Boneless Chuck Steak","","Certified Angus Beef Thin Boneless Chuck Steak","6.69","0.0","Market Basket","1 lb","1 lb","No Image.jpg","","22"
"31156","Pasta & Sauces","Pasta Sauce","Pasta Sauce","Del Monte","Del Monte Pasta Sauce Traditional","024000523635","Del Monte Pasta Sauce Traditional","1.49","0.0","Market Basket","24 oz","24 oz","X1405.jpg","","4"
"5649","Chips, Cookies & Snacks","Candy & Chocolates","Mint & Gum","Mentos","Mentos Pure Fresh Sugarfree Gum Spearmint","","Mentos Pure Fresh Sugarfree Gum Spearmint","4.29","0.0","Market Basket","50 ct","50 ct","15339.jpg","","3"
"32778","Beverages & Juices","Juices & Refrigerated Drinks","Juice & Nectars","Market Basket","Market Basket Light Apple Juice Cocktail from Concentrate","049705061268","Market Basket Light Apple Juice Cocktail from Concentrate","2.49","0.0","Market Basket","64 fl oz","64 fl oz","X2880.jpg","","10"
"8321","Condiments & Dressings","Fresh Dips & Tapenades","Salsa","La Mexicana","La Mexicana Salsa, Mild","","La Mexicana Salsa, Mild","7.39","0.0","Market Basket","48 oz","48 oz","5554.jpg","","21"
"14405","Breakfast & Dairy","Tea & Coffee","Coffee","Market Basket","Market Basket Brand Coffee Singles","","Market Basket Brand Coffee Singles","4.29","0.0","Market Basket","19 count","19 count","Market Basket.jpg","","8"
"34687","Beverages & Juices","Tea, Coffee, Milk & Coconut Water","Tea","Straight Up Tea","Straight Up Tea Sweet","076183002230","Straight Up Tea Sweet","1.25","0.0","Market Basket","6 x 18.5 fl oz","6 x 18.5 fl oz","X3033.jpg","","10"
"33867","Condiments & Dressings","Pickled Goods & Olives","Olives","Pastene","Pastene Imported Since 1874 Pitted Kalamata OLives ","066086100164","Pastene Imported Since 1874 Pitted Kalamata OLives ","4.99","0.0","Market Basket","6.5 oz","6.5 oz","X2335.jpg","","2"
"13767","Breakfast & Dairy","Dairy & Eggs","Packaged Cheese","Market Basket","Market Basket Shredded Pizza Cheese","","Market Basket Shredded Pizza Cheese","2.39","0.0","Market Basket","8 oz","8 oz","Market Basket.jpg","","1"
"31479","Breakfast & Dairy","Cereal","Cereal","General Mills","General Mills Blueberry Cheerios Large Size","016000163485","General Mills Blueberry Cheerios Large Size","4.38","0.0","Market Basket","14.2 oz","14.2 oz","X3456.jpg","","5"
"9562","Frozen Food","Frozen Dinners & Entrees","Frozen Meal","Meridith Farms","Meridith Farms Veggie Burgers","","Meridith Farms Veggie Burgers","4.89","0.0","Market Basket","10 oz","10 oz","Market Basket.jpg","","18"
"32647","Breakfast & Dairy","Bars & Pastries","Breakfast Bars","Made Good","Made Good Chocolate Chip Crispy Squares ","687456213293","Made Good Chocolate Chip Crispy Squares ","3.75","0.0","Market Basket","6 x 0.78 oz","6 x 0.78 oz","X3530.jpg","","5"
"5459","Chips, Cookies & Snacks","Candy & Chocolates","Candy & Chocolate","Hershey's","Hershey's Miniatures Assortment","","Hershey's Miniatures Assortment","12.19","0.0","Market Basket","40 Oz","40 Oz","989.jpg","","3"
"7539","Cooking Needs","Canned Food","Canned & Jarred Vegetables","Market Basket","Market Basket Whole Kernel Gwen Sweet Corn","","Market Basket Whole Kernel Gwen Sweet Corn","0.69","0.0","Market Basket","8.75 oz","8.75 oz","Market Basket.jpg","","9"
"4986","Chips, Cookies & Snacks","Chips & Fruit Snacks","Chips & Pretzels","Utz","Utz Kettle Classic Smokin Sweet Bbq Flavored Potato Chips","","Utz Kettle Classic Smokin Sweet Bbq Flavored Potato Chips","4.69","0.0","Market Basket","8 oz","8 oz","No Image.jpg","","0"
"32791","Chips, Cookies & Snacks","Candy & Chocolates","Candy & Chocolate","Market Basket","Market Basket Coconut Craze 70% Cacao Premium Dark Chocolate ","","Market Basket Coconut Craze 70% Cacao Premium Dark Chocolate ","1.88","0.0","Market Basket","3.5 oz","3.5 oz","X507.jpg","","3"
"3547","Fresh Produce","Fresh Vegetables","Bitter Melon","Market Basket","Indian Bitter Melon Pack","","Indian Bitter Melon Pack","5.88","0.0","Market Basket","1 pack","1 pack","FP74.jpg","","20"
"14688","Personal Care","Body Wash, Soap & Hair Care","Body Wash","Dial","Dial Hydrating Body Wash Spring Water","","Dial Hydrating Body Wash Spring Water","5.62","1.0","Market Basket","16 fl oz","16 fl oz","6335.jpg","","13"
"7810","Cooking Needs","Canned Food","Canned Meals & Beans","Progresso","Progresso Red Kidney Beans","","Progresso Red Kidney Beans","1.49","0.0","Market Basket","19 oz","19 oz","5177.jpg","","9"
"31447","Breakfast & Dairy","Cereal","Cereal","General Mills","General Mills Fiber One Cereal with Whole Grain ","016000157620","General Mills Fiber One Cereal with Whole Grain ","4.99","0.0","Market Basket","19.6 oz","19.6 oz","X3424.jpg","","5"
"30297","Breakfast & Dairy","Cereal","Cereal","Barbaras","Barbaras Orignal Multigrain Spoonfuls","070617206072","Barbaras Orignal Multigrain Spoonfuls","4.99","0.0","Market Basket","14 oz","14 oz","X3649.jpg","","5"
"32431","Breakfast & Dairy","Pancake & Waffle Mix","Pancake & Waffle Mix","Krusteaz","Krusteaz Blueberry Complete Pancake Mix ","041449471495","Krusteaz Blueberry Complete Pancake Mix ","2.5","0.0","Market Basket","25.2 oz","25.2 oz","X5311.jpg","","3"
"7432","Cooking Needs","Canned Food","Canned & Jarred Vegetables","Del Monte","Del Monte Harvest Selects Fresh Cut Gold & White Corn Whole Kernel Sweet","","Del Monte Harvest Selects Fresh Cut Gold & White Corn Whole Kernel Sweet","1.89","0.0","Market Basket","15.25 oz","15.25 oz","5039.jpg","","9"
"34243","Breakfast & Dairy","Granola & Oats","Cup Oatmeal","Quaker","Quaker Apple & Cinnamon","030000319567","Quaker Apple & Cinnamon","1.25","0.0","Market Basket","1.57 oz","1.57 oz","X3618.jpg","","5"
"7332","Cooking Needs","Spices & Seasonings","Spices & Seasonings","McCormick","McCormick Paprika","","McCormick Paprika","4.89","0.0","Market Basket","8.5 oz","8.5 oz","2288.jpg","","9"
"513","Laundry & Paper Goods","Laundry","Laundry Detergent","Market Basket","Market Basket Laundry Detergent Mountain Scent","","Market Basket Laundry Detergent Mountain Scent","3.74","1.0","Market Basket","50 fl oz","50 fl oz","Market Basket.jpg","","15"
"31262","Pasta & Sauces","Raw Pasta","Raw Pasta","Explore Cusine","Explore Cusine Organic Pasta Black Bean Spaghetti","854183006003","Explore Cusine Organic Pasta Black Bean Spaghetti","4.99","0.0","Market Basket","8 oz","8 oz","X1576.jpg","","4"
"32189","Breakfast & Dairy","Bars & Pastries","Breakfast Bars","Kellogg's ","Kellogg's Rice Krispies Treats Orignal","038000077814","Kellogg's Rice Krispies Treats Orignal","9.99","0.0","Market Basket","40 x 0.78 oz","40 x 0.78 oz","X3545.jpg","","5"
"5809","Breakfast & Dairy","Bars & Pastries","Protien Bars","Pure Protein","Pure Protein Chocolate Deluxe Bars","","Pure Protein Chocolate Deluxe Bars","8.59","0.0","Market Basket","6 x 1.7oz","6 x 1.7oz","15254.jpg","","3"
"34408","Meat & Seafood","Canned Meat & Seafood","Anchovy","Roland","Roland Anchovy Paste Adding Depth To Flavors Product of Spain ","","Roland Anchovy Paste Adding Depth To Flavors Product of Spain ","2.49","0.0","Market Basket","2 oz","2 oz","X1900.jpg","","2"
"4065","Meat & Seafood","Meat & Seafood Counter","Beef","Market Basket","Bottom Round Beef Roast","","Bottom Round Beef Roast","5.49","0.0","Market Basket","1 lb","1 lb","Market Basket.jpg","","22"
"32722","Meat & Seafood","Packaged Meat & Seafood","Bacon","Mappleglazed ","Mappleglazed Premium Sliced Bacon","","Mappleglazed Premium Sliced Bacon","4.99","0.0","Market Basket","12 oz","12 oz","X4488.jpg","","1"
"10483","Cooking Needs","Rice & Grains","Instant Rice","Goya","Goya Country Style Rice & Cheese Sauce Broccoli & Cheddar","","Goya Country Style Rice & Cheese Sauce Broccoli & Cheddar","2.49","0.0","Market Basket","8 oz","8 oz","5749.jpg","","7"
"34459","Cooking Needs","Oils & Vinegars","Oils & Vinegars","Santorina ","Santorina Extra Virgin Olive Oil Cold Extraction Imported Product Of Greece","026977101458","Santorina Extra Virgin Olive Oil Cold Extraction Imported Product Of Greece","7.49","0.0","Market Basket","48 fl oz","48 fl oz","X2009.jpg","","2"
"6293","Beverages & Juices","Water","Water","Poland Spring","Poland Spring Brand 100% Natural Spring Water SPORT CAP","","Poland Spring Brand 100% Natural Spring Water SPORT CAP","7.49","0.0","Market Basket","24 x 700 ml","24 x 700 ml","3227.jpg","","11"
"5190","Chips, Cookies & Snacks","Chips & Fruit Snacks","Chips & Pretzels","LATE JULY","LATE JULY Organic Sea Salt & Vinegar Potato Chips","","LATE JULY Organic Sea Salt & Vinegar Potato Chips","4.69","0.0","Market Basket","5 oz","5 oz","No Image.jpg","","0"
"34372","Frozen Food","Frozen Dinners & Entrees","Frozen Appetizers & Sides","Rhodes","Rhodes Bake N Serv Dakota Hearth","039300005002","Rhodes Bake N Serv Dakota Hearth","4.98","0.0","Market Basket","5 lb","5 lb","X4298.jpg","","18"
"3590","Fresh Produce","Fresh Vegetables","Cherry Tomato","Nature Sweet","NatureSweet Sunburst Sweet Tomatoes","","NatureSweet Sunburst Sweet Tomatoes","4.24","0.0","Market Basket","10.5 oz","10.5 oz","14335.jpg","","20"
"14741","Personal Care","Body Wash, Soap & Hair Care","Hair Care","Head & Shoulders","Head & Shoulders Dandruff Shampoo Classic Clean","","Head & Shoulders Dandruff Shampoo Classic Clean","6.31","1.0","Market Basket","13.5 fl oz","13.5 fl oz","6586.jpg","","13"
"34340","Frozen Food","Frozen Breakfast","Frozen Burrito","Red's","Red's Organic Cheese Quesadilla Burrito","850416002620","Red's Organic Cheese Quesadilla Burrito","2.08","0.0","Market Basket","5 oz","5 oz","X4818.jpg","","19"
"8804","Condiments & Dressings","Salad Dressings & Toppings","Salad Dressing & Toppings","Chatham Village","Chatham Village Garlic & Butter Flavored Traditional Cut Baked Croutons","","Chatham Village Garlic & Butter Flavored Traditional Cut Baked Croutons","1.29","0.0","Market Basket","5 oz","5 oz","15432.jpg","","2"
"4000","Fresh Produce","Fresh Vegetables","Squash","Market Basket","Peeled Butternut Squash","","Peeled Butternut Squash","3.62","0.0","Market Basket","1 lb","1 lb","f283.jpg","","20"
"14821","Personal Care","Body Wash, Soap & Hair Care","Hair Care","White Rain","White Rain Ocean Mist Moisturizing Conditioner","","White Rain Ocean Mist Moisturizing Conditioner","1.48","1.0","Market Basket","15 fl oz","15 fl oz","17829.jpg","","13"
"33449","Breakfast & Dairy","Bars & Pastries","Biscuits","Nature Valley","Nature Valley Biscuits with Almond Butter","016000466845","Nature Valley Biscuits with Almond Butter","3.75","0.0","Market Basket","5 x 1.35 oz","5 x 1.35 oz","X3831.jpg","","5"
"34644","Frozen Food","Frozen Dinners & Entrees","Frozen Meal","Stouffer's ","Stouffer's Spaghetti with Meatballs","013800103932","Stouffer's Spaghetti with Meatballs","3.36","0.0","Market Basket","12 5/8 oz","12 5/8 oz","X4257.jpg","","18"
"32061","Meat & Seafood","Packaged Meat & Seafood","Hot Dogs & Franks","Kayem ","Kayem Jumbo Beef & Pork ","","Kayem Jumbo Beef & Pork ","11.24","0.0","Market Basket","32 oz","32 oz","X4576.jpg","","1"
"32352","Cooking Needs","Rice & Grains","Rice/Pasta Sides","Knorr","Knorr Rice Sides Chicken Flavour","041000022661","Knorr Rice Sides Chicken Flavour","1.25","0.0","Market Basket","5.6 oz","5.6 oz","X1153.jpg","","4"
"13603","Breakfast & Dairy","Dairy & Eggs","Other Creams & Cheeses","Market Basket","Summer Maid Creamery Heavy Cream","","Summer Maid Creamery Heavy Cream","4.89","0.0","Market Basket","1 count","1 count","Market Basket.jpg","","1"
"33341","Meat & Seafood","Packaged Meat & Seafood","Sausage","Morning Stars Farms ","Morning Star Farms Veggie Sausage Links ","","Morning Star Farms Veggie Sausage Links ","4.99","0.0","Market Basket","8 oz","8 oz","X4734.jpg","","1"
"32732","Frozen Food","Frozen Dinners & Entrees","Frozen Meal","Marie Callender's","Marie Callender's Roasted Turkey Breast & Stuffing","021131905316","Marie Callender's Roasted Turkey Breast & Stuffing","3.13","0.0","Market Basket","11.85 oz","11.85 oz","X4036.jpg","","18"
"14530","Breakfast & Dairy","Tea & Coffee","Tea","Bigelow ","Bigelow Green Tea with Lemon","","Bigelow Green Tea with Lemon","2.49","0.0","Market Basket","20 count","20 count","3422.jpg","","8"
"9191","Frozen Food","Frozen Dinners & Entrees","Frozen Appetizers & Sides","Perdue","Perdue Crispy Chicken Strips","","Perdue Crispy Chicken Strips","7.39","0.0","Market Basket","1.63 lb","1.63 lb","2604.jpg","","22"
"31847","Cooking Needs","Canned Food","Tomato Sauce","Hunts","Hunts Tomato Sauce","027000390146","Hunts Tomato Sauce","1.49","0.0","Market Basket","15 oz","15 oz","X1272.jpg","","4"
"34128","Beverages & Juices","Energy & Sports Drinks","Energy & Sports Drinks","Powerade","Powerade Sports Drink Fruit Punch 6 pack","049000003147","Powerade Sports Drink Fruit Punch 6 pack","3.74","0.0","Market Basket","6 x 12 fl oz","6 x 12 fl oz","X2709.jpg","","10"
"31394","Condiments & Dressings","Marinades, Ketchup & Sauces","Marinades & Meat Preparation","G Hughes","G hudhes Sugar Free Lemon Hero Marinade Gluten Free Preservation Free No High Fructose Corn Syrup","026825090071","G hudhes Sugar Free Lemon Hero Marinade Gluten Free Preservation Free No High Fructose Corn Syrup","3.13","0.0","Market Basket","16 oz","16 oz","X2053.jpg","","2"
"3445","Fresh Produce","Fresh Fruits","Clementine","Market Basket","Peelz Clementines","","Peelz Clementines","7.14","0.0","Market Basket","3 lb","3 lb","f23.jpg","","20"
"311","Kitchen & Cleaning","Food Storage & Kitchen Supplies","Plastic/Cling Wrap","Glad","Glad Plastic Food Wrap","","Glad Plastic Food Wrap","1.89","1.0","Market Basket","100 sq ft","100 sq ft","4416.jpg","","12"
"30164","Meat & Seafood","Packaged Meat & Seafood","Turkey","Applegate","Applegate Well Carved Organic Turkey Burgers, 4 Patties","025317561006","Applegate Well Carved Organic Turkey Burgers, 4 Patties","11.24","0.0","Market Basket","15 oz","15 oz","X25.jpg","","1"
"4634","Meat & Seafood","Canned Meat & Seafood","Canned Clams","Bumble Bee","Bumble Bee Fancy Whole Baby Clams","","Bumble Bee Fancy Whole Baby Clams","2.19","0.0","Market Basket","10 oz","10 oz","5190.jpg","","2"
"10170","Frozen Food","Ice Cream & Ice","Ice Cream & Ice","Market Basket","Market Basket Premium Choice Ice Cream","","Market Basket Premium Choice Ice Cream","3.59","0.0","Market Basket","1 ct","1 ct","Market Basket.jpg","","21"
"14525","Breakfast & Dairy","Tea & Coffee","Tea","Bigelow ","Bigelow Earl Grey Black Tea Blend","","Bigelow Earl Grey Black Tea Blend","3.09","0.0","Market Basket","10 x 1.8 oz","10 x 1.8 oz","3427.jpg","","8"
"5451","Chips, Cookies & Snacks","Candy & Chocolates","Candy & Chocolate","Haribo","Haribo Starmix Gummi Candy","","Haribo Starmix Gummi Candy","1.29","0.0","Market Basket","5 oz","5 oz","1061.jpg","","3"
"33080","Breakfast & Dairy","Cereal","Cereal","Market Basket ","Market Basket Cinnamon Crunch ","049705005262","Market Basket Cinnamon Crunch ","2.5","0.0","Market Basket","12.8 oz","12.8 oz","X3391.jpg","","5"
"34581","Beverages & Juices","Tea, Coffee, Milk & Coconut Water","Tea","Snapple","Snapple All Natural Lemonade Iced Tea Half n half Low Calorie","076183000199","Snapple All Natural Lemonade Iced Tea Half n half Low Calorie","7.49","0.0","Market Basket","6 x 16 fl oz","6 x 16 fl oz","X2999.jpg","","10"
"35335","Richardson's Farm Ice Cream","Frozen Yogurt","Berry","Richarson's Farm","Richarson's Farm Crumble Berry Frozen Yogurt 95% Fat Free","","","29.99","0.0","Richardson's Farm","3 Gal. Tub","3 Gal. Tub","RichardsonsFarm.jpg","",""
"6942","Cooking Needs","Baking & Cooking","Doughs, Gelatins & Bake Mixes","Betty Crocker","Betty Crocker Super Moist Butter Recipe Yellow Cake Mix","","Betty Crocker Super Moist Butter Recipe Yellow Cake Mix","1.89","0.0","Market Basket","15.25 oz","15.25 oz","2086.jpg","","8"
"7169","Cooking Needs","Oils & Vinegars","Oils & Vinegars","Smart Balance","Smart Balance Cholesterol Free Vegetable Oil Blend","","Smart Balance Cholesterol Free Vegetable Oil Blend","5.19","0.0","Market Basket","48 fl oz","48 fl oz","15479.jpg","","2"
"6228","Beverages & Juices","Water","Sparkling Water","Adirondack","Adirondack Mandarin Orange Sparkling Water","","Adirondack Mandarin Orange Sparkling Water","0.63","0.0","Market Basket","1 L","1 L","No Image.jpg","","11"
"7358","Cooking Needs","Spices & Seasonings","Spices & Seasonings","Morton","Morton Iodized Salt","","Morton Iodized Salt","1.09","0.0","Market Basket","26 oz","26 oz","15622.jpg","","9"
"31336","Pasta & Sauces","Pasta Sauce","Pasta Sauce","Filippo Berio","Filippo Berio Sundried Tomato Pesto Italian Recipe","041736080027","Filippo Berio Sundried Tomato Pesto Italian Recipe","2.49","0.0","Market Basket","6.7 oz","6.7 oz","X1412.jpg","","4"
"13302","Breakfast & Dairy","Dairy & Eggs","Butter","Land O' Lakes","Land O' Lakes Margarine Pure & Creamy","","Land O' Lakes Margarine Pure & Creamy","2.69","0.0","Market Basket","15 oz","15 oz","630.jpg","","1"
"9779","Frozen Food","Frozen Produce","Frozen Produce","Birds Eye","Birds Eye Steamfresh Premium Sugar Snap Peas","","Birds Eye Steamfresh Premium Sugar Snap Peas","2.49","0.0","Market Basket","10 oz","10 oz","2424.jpg","","19"
"32366","Cooking Needs","Rice & Grains","Rice/Pasta Sides","Knorr","Knorr Rice Sides Garlic Parmesan","041000541117","Knorr Rice Sides Garlic Parmesan","1.25","0.0","Market Basket","5.2 oz","5.2 oz","X1174.jpg","","4"
"31701","Condiments & Dressings","Marinades, Ketchup & Sauces","Sauces","Heinz ","Heinz Est 1869 Original Cocoktail Sauce For SeedFoood ","01311307","Heinz Est 1869 Original Cocoktail Sauce For SeedFoood ","4.36","0.0","Market Basket","14 oz","14 oz","X2124.jpg","","2"
"10006","Frozen Food","Ice Cream & Ice","Ice Cream & Ice","Edy's/dreyer's","Edy's/Dreyer's Classic Vanilla Light Ice Cream","","Edy's/Dreyer's Classic Vanilla Light Ice Cream","3.69","0.0","Market Basket","1.5 quart","1.5 quart","3025.jpg","","21"
"10406","Cooking Needs","Canned Food","Canned Food","Goya","Goya Central American Red Beans","","Goya Central American Red Beans","1.89","0.0","Market Basket","16 oz","16 oz","5809.jpg","","7"
"5465","Chips, Cookies & Snacks","Candy & Chocolates","Candy & Chocolate","Hershey's","Hershey's Nuggets Milk Chocolate with Almonds","","Hershey's Nuggets Milk Chocolate with Almonds","4.59","0.0","Market Basket","10.56 oz","10.56 oz","984.jpg","","3"
"6764","Breakfast & Dairy","Bars & Pastries","Breakfast Bars","Perfect Bar","Perfect Bar Protein Bar Dark Chocolate Chip Peanut Butter","","Perfect Bar Protein Bar Dark Chocolate Chip Peanut Butter","2.49","0.0","Market Basket","2.3 oz","2.3 oz","17657.jpg","","5"
"33495","Breakfast & Dairy","Bars & Pastries","Breakfast Bars","Nature's Path","Nature's Path Sunrise Breakfast Bars Chococonut","058449891321","Nature's Path Sunrise Breakfast Bars Chococonut","4.99","0.0","Market Basket","5 x 1.2 oz","5 x 1.2 oz","X3528.jpg","","5"
"35022","Condiments & Dressings","Marinades, Ketchup & Sauces","Ketchup","Victorina ","Victorina Fancy Ketchup ","072728002017","Victorina Fancy Ketchup ","3.74","0.0","Market Basket","12 oz","12 oz","X2131.jpg","","2"
"5915","Beverages & Juices","Tea, Coffee, Milk & Coconut Water","Single To-Go Coffee","StarBucks","Starbucks Iced Espresso Vanilla Latte","","Starbucks Iced Espresso Vanilla Latte","3.36","0.0","Market Basket","14 fl oz","14 fl oz","No Image.jpg","","17"
"31695","Condiments & Dressings","Marinades, Ketchup & Sauces","Ketchup","Heinz ","Heinz Est 1869 Tomato Ketchup Simply No Artifical Sweeteners ","013000004640","Heinz Est 1869 Tomato Ketchup Simply No Artifical Sweeteners ","2.49","0.0","Market Basket","12 oz","12 oz","X2135.jpg","","2"
"7762","Cooking Needs","Canned Food","Canned Meals & Beans","Goya","Goya Red Kidney Beans","","Goya Red Kidney Beans","1.49","0.0","Market Basket","15 oz","15 oz","5115.jpg","","7"
"8782","Condiments & Dressings","Preserved Dips & Spreads","Preserved Dips & Salsa","Tostitos","Tostitos Salsa, Chunky, Hot","","Tostitos Salsa, Chunky, Hot","3.69","0.0","Market Basket","15.5 oz","15.5 oz","1998.jpg","","0"
"7066","Cooking Needs","Oils & Vinegars","Oils & Vinegars","Carapelli","Carapelli Extra Virgin Olive Oil","","Carapelli Extra Virgin Olive Oil","7.39","0.0","Market Basket","17 fl oz","17 fl oz","15512.jpg","","2"
"31424","Beverages & Juices","Energy & Sports Drinks","Energy & Sports Drinks","Gatorade","Gatorade G2 Lower Sugar Grape 8 pack","052000208719","Gatorade G2 Lower Sugar Grape 8 pack","7.49","0.0","Market Basket","8 x 20 fl oz","8 x 20 fl oz","X2671.jpg","","10"
"14481","Beverages & Juices","Tea, Coffee, Milk & Coconut Water","Coffee","StarBucks","Starbucks Frappuccino Frappuccino Chilled Coffee Drink Coffee","","Starbucks Frappuccino Frappuccino Chilled Coffee Drink Coffee","7.39","0.0","Market Basket","9.5 fl oz","9.5 fl oz","16268.jpg","","17"
"30980","Breakfast & Dairy","Granola & Oats","Granola","Clif","Clif Blueberry Crisp Granola","722252922052","Clif Blueberry Crisp Granola","5.61","0.0","Market Basket","10 oz","10 oz","X3761.jpg","","5"
"32168","Frozen Food","Frozen Breakfast","Frozen Waffles","Kellogg's ","Kellogg's Eggo Apple Cinnamon ","038000234156","Kellogg's Eggo Apple Cinnamon ","2.99","0.0","Market Basket","12.30 oz","12.30 oz","X5035.jpg","","19"
"34201","Personal Care","Vitamins & Proteins","Protien Powders","Pure Protein","Pure Protien Complete Protien Shake Vanilla Milkshake ","749826793672","Pure Protien Complete Protien Shake Vanilla Milkshake ","9.36","0.0","Market Basket","44 fl oz","44 fl oz","X5181.jpg","","3"
"33801","Cooking Needs","Oils & Vinegars","Oils & Vinegars","Pam ","Pam Superior No Stick Cooking Spary Olive Oil Extra Virgin ","064144877843","Pam Superior No Stick Cooking Spary Olive Oil Extra Virgin ","4.74","0.0","Market Basket","7 oz","7 oz","X1940.jpg","","2"
"35182","Condiments & Dressings","Marinades, Ketchup & Sauces","Sauce","World Harbors ","World Harbors Sweet & Soure Sauce & Marinade ","715364100029","World Harbors Sweet & Soure Sauce & Marinade ","3.13","0.0","Market Basket","16 fl oz","16 fl oz","X5392.jpg","","3"
"4021","Fresh Produce","Fresh Vegetables","Tomato","Market Basket","Compari Tomatoes","","Compari Tomatoes","4.89","0.0","Market Basket","1 lb","1 lb","f293.jpg","","20"
"34223","Breakfast & Dairy","Bars & Pastries","Chewy Bars","Quaker","Quaker Chewy Chocolate Chip ","030000311820","Quaker Chewy Chocolate Chip ","3.13","0.0","Market Basket","8 x 0.84 oz","8 x 0.84 oz","X3871.jpg","","5"
"30916","Breakfast & Dairy","Dairy & Eggs","Yogurt","Chobani","Chobani Complete Advance Nutrition Yogurt Mixed Berry","","Chobani Complete Advance Nutrition Yogurt Mixed Berry","1.49","0.0","Market Basket","5.3 oz","5.3 oz","X123.jpg","","1"
"8925","Condiments & Dressings","Salad Dressings & Toppings","Salad Dressing & Toppings","Marzetti","Marzetti Simply Dressed Caesar Dressing","","Marzetti Simply Dressed Caesar Dressing","3.29","0.0","Market Basket","12 fl oz","12 fl oz","15431.jpg","","2"
"32870","Breakfast & Dairy","Breads & Rolls","English Muffins","Market Basket","Market Basket 6 Reduced Calorie English Muffins","049705721933","Market Basket 6 Reduced Calorie English Muffins","1.74","0.0","Market Basket","12 oz","12 oz","X2399.jpg","","18"
"268","Kitchen & Cleaning","Dish Detergents","Dishwasher Detergent","Finish","Finish Quantum Powerball Quantum Max Shine & Protect Lemon Sparkle Automatic Dishwasher Detergent","","Finish Quantum Powerball Quantum Max Shine & Protect Lemon Sparkle Automatic Dishwasher Detergent","7.39","1.0","Market Basket","14.6 oz","14.6 oz","16849.jpg","","15"
"6005","Beverages & Juices","Energy & Sports Drinks","Energy & Sports Drinks","Monster","Monster Energy Ultra Rosa","","Monster Energy Ultra Rosa","2.49","0.0","Market Basket","16 fl oz","16 fl oz","No Image.jpg","","17"
"7948","Cooking Needs","Canned Food","Soup, Broth & Bouillon","Campbell's","Campbell's Condensed Campbell's Condensed Chicken with Rice Soup","","Campbell's Condensed Campbell's Condensed Chicken with Rice Soup","2.09","0.0","Market Basket","10.5 oz","10.5 oz","5303.jpg","","2"
"6336","Beverages & Juices","Soft Drinks & Seltzers","Seltzer","Polar","Polar Lemon Seltzer","","Polar Lemon Seltzer","1.24","0.0","Market Basket","2 L","2 L","No Image.jpg","","11"
"34259","Breakfast & Dairy","Bars & Pastries","Chewy Bars","Quaker ","Quaker Chewy Dips Chocolate Chip","030000312698","Quaker Chewy Dips Chocolate Chip","3.13","0.0","Market Basket","6 x 1.09 oz","6 x 1.09 oz","X3857.jpg","","5"
"4422","Meat & Seafood","Hot Dogs, Bacon & Sausage","Hot Dogs","Hebrew National","Hebrew National Franks Hotdogs","","Hebrew National Franks Hotdogs","4.89","0.0","Market Basket","11 oz","11 oz","4196.jpg","","1"
"4167","Meat & Seafood","Packaged Meat & Seafood","Beef","85% Lean","85% Lean Ground Beef","","85% Lean Ground Beef","5.36","0.0","Market Basket","1 lb","1 lb","16689.jpg","","22"
"3999","Fresh Produce","Fresh Vegetables","Squash","Market Basket","Long Squash (Approx: 2 - 2.5 lb)","","Long Squash (Approx: 2 - 2.5 lb)","5.86","0.0","Market Basket","1 count","1 count","f282.jpg","","20"
"13947","Breakfast & Dairy","Dairy & Eggs","Specialty Cheeses","Market Basket","Jalsberg Cheese","","Jalsberg Cheese","8.59","0.0","Market Basket","1 lb","1 lb","Market Basket.jpg","","1"
"32969","Cooking Needs","Canned Food","Canned Tomatoes","Market Basket","Market Basket Italian Style Diced Tomatoes in Tomato Juice","049705036822","Market Basket Italian Style Diced Tomatoes in Tomato Juice","1.66","0.0","Market Basket","14.5 oz","14.5 oz","X1350.jpg","","4"
"35227","Meat & Seafood","Packaged Meat & Seafood","Chicken","Yummy","Yummy Chicken Breast Whole Grain Fries","064563064563","Yummy Chicken Breast Whole Grain Fries","12.49","0.0","Market Basket","35 oz","35 oz","X4783.jpg","","1"
"6061","Beverages & Juices","Soft Drinks & Seltzers","Soft Drinks","Barq's","Barq's Diet Root Beer Box of Cans","","Barq's Diet Root Beer Box of Cans","6.86","0.0","Market Basket","12 x 12 fl oz","12 x 12 fl oz","16587.jpg","","17"
"6535","Chips, Cookies & Snacks","Nuts, Seeds & Dried Fruit","Nuts, Seeds & Dried Fruit","Sunmaid","Sunmaid California Sun-dried Raisins","","Sunmaid California Sun-dried Raisins","3.74","0.0","Market Basket","13 oz","13 oz","No Image.jpg","","6"
"34817","Condiments & Dressings","Marinades, Ketchup & Sauces","Sauce","The Ginger People ","The Ginger People Ginger Juice ","734027901605","The Ginger People Ginger Juice ","4.99","0.0","Market Basket","5 fl oz","5 fl oz","X5381.jpg","","3"
"8069","Cooking Needs","Canned Food","Soup, Broth & Bouillon","Maruchan","Maruchan Ramen Noodle Soup with Shrimp","","Maruchan Ramen Noodle Soup with Shrimp","2.49","0.0","Market Basket","6 x 2.25 oz","6 x 2.25 oz","5337.jpg","","9"
"33884","Condiments & Dressings","Pickled Goods & Olives","Pickled Goods & Olives","Pastene","Pastene Sun Dried Halves Premium Ready  to Eat ","066086100991","Pastene Sun Dried Halves Premium Ready  to Eat ","3.74","0.0","Market Basket","3.5 oz","3.5 oz","X2321.jpg","","2"
"4946","Chips, Cookies & Snacks","Chips & Fruit Snacks","Chips & Pretzels","Snyder's of Hanover","Snyder's of Hanover Pretzels, Sourdough Hard Pretzels","","Snyder's of Hanover Pretzels, Sourdough Hard Pretzels","3.91","0.0","Market Basket","16 oz","16 oz","906.jpg","","0"
"4783","Meat & Seafood","Frozen Meat & Seafood","Frozen Shrimp","Market Basket","Market Basket 41 50 Per Pound Cooked Extra Large Shrimp","","Market Basket 41 50 Per Pound Cooked Extra Large Shrimp","10.99","0.0","Market Basket","16 oz","16 oz","Market Basket.jpg","","22"
"9167","Frozen Food","Frozen Dinners & Entrees","Frozen Appetizers & Sides","Monterey","Pepperidge Farm Texas Toast Frozen Mozzarella & Monterey Jack Bread","","Pepperidge Farm Texas Toast Frozen Mozzarella & Monterey Jack Bread","2.49","0.0","Market Basket","9.5 oz","9.5 oz","15837.jpg","","18"
"3984","Fresh Produce","Fresh Vegetables","Speciality Produce","Market Basket","Taro Root","","Taro Root","1.18","0.0","Market Basket","1 count","1 count","14425.jpg","","20"
"14680","Personal Care","Body Wash, Soap & Hair Care","Body Lotion","Topcare","TopCare Epsom Salt","","TopCare Epsom Salt","3.21","1.0","Market Basket","4 lb","4 lb","17756.jpg","","13"
"14659","Breakfast & Dairy","Tea & Coffee","Tea","Yogi","Yogi Tea Bedtime Soothing Caramel Caffeine Free, Box","","Yogi Tea Bedtime Soothing Caramel Caffeine Free, Box","4.89","0.0","Market Basket","16 count","16 count","3509.jpg","","8"
"14879","Personal Care","Feminine Care","Menstrual Pads","Always","Always Pads, Maxi, Regular, Lightly Scented","","Always Pads, Maxi, Regular, Lightly Scented","4.7","1.0","Market Basket","22 count","22 count","6494.jpg","","13"
"31471","Breakfast & Dairy","Cereal","Cereal","General Mills","General Mills Cocoa Puffs Family Size","016000151420","General Mills Cocoa Puffs Family Size","4.99","0.0","Market Basket","19.3 oz","19.3 oz","X3448.jpg","","5"
"7463","Cooking Needs","Canned Food","Canned & Jarred Vegetables","Green Giant","Green Giant SteamCrisp White Shoepeg Whole Kernel Corn","","Green Giant SteamCrisp White Shoepeg Whole Kernel Corn","1.89","0.0","Market Basket","11 oz","11 oz","5086.jpg","","9"
"4635","Meat & Seafood","Canned Meat & Seafood","Canned Clams","Bumble Bee","Bumble Bee Minced Clams in Clam Juice","","Bumble Bee Minced Clams in Clam Juice","1.49","0.0","Market Basket","6.5 oz","6.5 oz","5193.jpg","","2"
"34426","Meat & Seafood","Canned Meat & Seafood","Salmon","Rubinstein's ","Rubinstein's Fancy Wild Alaska Pink Salmon","","Rubinstein's Fancy Wild Alaska Pink Salmon","4.99","0.0","Market Basket","14.75 oz","14.75 oz","X1883.jpg","","2"
"5978","Beverages & Juices","Cocoa & Drink Mixes","Cocoa & Drink Mixes","Master of Mixes","Master of Mixes Grenadine Syrup","","Master of Mixes Grenadine Syrup","3.74","0.0","Market Basket","375 ml","375 ml","No Image.jpg","","17"
"32025","Breakfast & Dairy","Bars & Pastries","Granola Bars","Kashi","Kashi Chocolate Peanut Butter Chewy Granola Bars","018627108399","Kashi Chocolate Peanut Butter Chewy Granola Bars","3.75","0.0","Market Basket","7.4 oz","7.4 oz","X3921.jpg","","5"
"30979","Breakfast & Dairy","Granola & Oats","Granola","Clif","Clif White Chocolate Macadamia Crunch Granola","722252922014","Clif White Chocolate Macadamia Crunch Granola","5.61","0.0","Market Basket","10 oz","10 oz","X3760.jpg","","5"
"31142","Frozen Food","Frozen Breakfast","Frozen Pancakes","De Wafelbakkers ","De Wafelbakkers Buttermilk Pancakes","679844104573","De Wafelbakkers Buttermilk Pancakes","3.36","0.0","Market Basket","8.8 oz","8.8 oz","X5066.jpg","","19"
"7964","Cooking Needs","Canned Food","Soup, Broth & Bouillon","Campbell's","Campbell's Condensed Campbell's Condensed Healthy Request Homestyle Chicken Noodle Soup","","Campbell's Condensed Campbell's Condensed Healthy Request Homestyle Chicken Noodle Soup","2.09","0.0","Market Basket","10.5 oz","10.5 oz","5320.jpg","","9"
"5457","Chips, Cookies & Snacks","Candy & Chocolates","Candy & Chocolate","Hershey's","Hershey's Kisses Milk Chocolates","","Hershey's Kisses Milk Chocolates","12.19","0.0","Market Basket","40 Oz","40 Oz","987.jpg","","3"
"35312","Richardson's Farm Ice Cream","Ice Cream","Peanut Butter","Richarson's Farm","Richarson's Farm Peanut Butter Cup with Reesesï¿½ Ice Cream 16% Butterfat","","Peanut butter ice cream with chocolate chips and Reeseï¿½sï¿½ Peanut Butter Cups","7.99","0.0","Richardson's Farm","1-2 Gal. Container","1-2 Gal. Container","RichardsonsFarm.jpg","",""
"4003","Fresh Produce","Fresh Vegetables","Squash","Market Basket","Acorn Squash","","Acorn Squash","2.97","0.0","Market Basket","1 count","1 count","14344.jpg","","20"
"33003","Pasta & Sauces","Pasta Sauce","Pasta Sauce","Market Basket","Market Basket Pasta Sauce Homestyle Traditional","049705034422","Market Basket Pasta Sauce Homestyle Traditional","3.13","0.0","Market Basket","45 oz","45 oz","X1468.jpg","","4"
"34688","Beverages & Juices","Tea, Coffee, Milk & Coconut Water","Tea","Straight Up Tea","Straight Up Tea Unsweetened","076183002247","Straight Up Tea Unsweetened","1.25","0.0","Market Basket","6 x 18.5 fl oz","6 x 18.5 fl oz","X3034.jpg","","10"
"8006","Cooking Needs","Canned Food","Soup, Broth & Bouillon","Healthy Choice","Healthy Choice Split Pea & Ham Soup","","Healthy Choice Split Pea & Ham Soup","1.69","0.0","Market Basket","15 oz","15 oz","5370.jpg","","2"
"30602","Beverages & Juices","Energy & Sports Drinks","Energy & Sports Drinks","Body Armor","Body Armor Super Drink Strawberry Banana","858176002317","Body Armor Super Drink Strawberry Banana","2.08","0.0","Market Basket","28 fl oz","28 fl oz","X2686.jpg","","10"
"7937","Cooking Needs","Canned Food","Soup, Broth & Bouillon","Campbell's","Campbell's Chunky Soup, Grilled Chicken & Sausage Gumbo","","Campbell's Chunky Soup, Grilled Chicken & Sausage Gumbo","3.09","0.0","Market Basket","18.8 oz","18.8 oz","18092.jpg","","2"
"33417","Cooking Needs","Canned Food","Canned Fruit & Applesauce","Musselman's ","Musselman's Chunky Apple Sauce ","","Musselman's Chunky Apple Sauce ","3.74","0.0","Market Basket","48 oz","48 oz","X633.jpg","","3"
"421","Kitchen & Cleaning","Trash Bags & Liners","Large Trash Bags","Glad","Glad Strong Quick Tie Large Trash Bags","","Glad Strong Quick Tie Large Trash Bags","9.19","1.0","Market Basket","40 count","40 count","4674.jpg","","12"
"31994","Beverages & Juices","Juices & Refrigerated Drinks","Juice & Nectars","Juicy Juice","Juicy Juice Grape","889497874574","Juicy Juice Grape","3.13","0.0","Market Basket","8 x 6.75 fl oz","8 x 6.75 fl oz","X3080.jpg","","10"
"15357","Personal Care","Vitamins & Proteins","Vitamins & Supplements","Sundown Naturals","Sundown Naturals Folic Acid 800mcg Vitamin Supplement Tablets - 100 CT","","Sundown Naturals Folic Acid 800mcg Vitamin Supplement Tablets - 100 CT","3.55","1.0","Market Basket","100 count","100 count","6696.jpg","","13"
"31364","Condiments & Dressings","Marinades, Ketchup & Sauces","Ketchup","French's ","French's Love Us Or It's Free Tomato Ketchup ","041500932163","French's Love Us Or It's Free Tomato Ketchup ","1.88","0.0","Market Basket","8 fl oz","8 fl oz","X2134.jpg","","2"
"9950","Frozen Food","Ice Cream & Ice","Ice Cream & Ice","Ben & Jerry's","Ben & Jerry's Ice Cream Oat Of This SwirledÃ¢âÂ¢","","Ben & Jerry's Ice Cream Oat Of This SwirledÃ¢âÂ¢","4.79","0.0","Market Basket","1 pint","1 pint","18035.jpg","","21"
"372","Kitchen & Cleaning","Food Storage & Kitchen Supplies","Utensils & Kitchen Supplies","Good Cook","Good Cook Scoop","","Good Cook Scoop","6.59","1.0","Market Basket","1 ct","1 ct","4475.jpg","","12"
"15340","Personal Care","Vitamins & Proteins","Vitamins & Supplements","Nature Made","Nature Made Melatonin 5 mg Tablets","","Nature Made Melatonin 5 mg Tablets","11.26","1.0","Market Basket","90 count","90 count","6677.jpg","","13"
"31565","Meat & Seafood","Canned Meat & Seafood","Clam","Gordon's ","Gordon's Chesapeake Classics Clam BrothJuice ","","Gordon's Chesapeake Classics Clam BrothJuice ","3.13","0.0","Market Basket","14 fl oz","14 fl oz","X1895.jpg","","2"
"35238","Breakfast & Dairy","Breads & Rolls","Bagels","Zeppy","Zeppy Bagels Blueberry","023698102207","Zeppy Bagels Blueberry","3.74","0.0","Market Basket","20 oz","20 oz","X2633.jpg","","18"
"15019","Personal Care","Personal Needs","Deodorants","Ban","Ban Unscented Invisible Solid Antiperspirant/Deodorant","","Ban Unscented Invisible Solid Antiperspirant/Deodorant","4.24","1.0","Market Basket","2.6 oz","2.6 oz","6321.jpg","","13"
"34298","Pasta & Sauces","Pasta Sauce","Pasta Sauce","Ragu","Ragu Mushroom and Green Pepper Chunky Sauce","036200004418","Ragu Mushroom and Green Pepper Chunky Sauce","2.5","0.0","Market Basket","24 oz","24 oz","X1449.jpg","","4"
"30999","Meat & Seafood","Packaged Meat & Seafood","Sausage","Colman","Colman Organic Apple Chicken Sausage ","","Colman Organic Apple Chicken Sausage ","5.61","0.0","Market Basket","12 oz","12 oz","X4473.jpg","","1"
"13873","Breakfast & Dairy","Dairy & Eggs","Soy & Lactose-Free","Blue Diamond Almond Breeze Almondmilk","Blue Diamond Almond Breeze Almondmilk Blue Diamond Almonds Almond Breeze Almondmilk Vanilla","","Blue Diamond Almond Breeze Almondmilk Blue Diamond Almonds Almond Breeze Almondmilk Vanilla","3.69","0.0","Market Basket","64 fl oz","64 fl oz","745.jpg","","1"
"3736","Fresh Produce","Fresh Herbs","Basil","Infinite Herbs","Infinite Herbs Basil","","Infinite Herbs Basil","2.86","0.0","Market Basket","0.66 oz","0.66 oz","FP48.jpg","","20"
"5356","Chips, Cookies & Snacks","Cookies & Crackers","Crackers","Cheez-It","Cheez-it 12 Pack Extra Toasty","","Cheez-it 12 Pack Extra Toasty","6.23","0.0","Market Basket","12 oz","12 oz","No Image.jpg","","6"
"3894","Fresh Produce","Fresh Vegetables","Mushroom","Phillips Gourmet","Phillips Gourmet Mushrooms Baby Bella","","Phillips Gourmet Mushrooms Baby Bella","4.24","0.0","Market Basket","10 oz container","10 oz container","14402.jpg","","20"
"5586","Chips, Cookies & Snacks","Candy & Chocolates","Candy & Chocolate","Starburst","Starburst Original Fruit Chews Candy","","Starburst Original Fruit Chews Candy","3.75","0.0","Market Basket","15.6 oz","15.6 oz","14970.jpg","","3"
"32285","Condiments & Dressings","Salad Dressings & Toppings","Salad Dressing & Toppings","Ken's Steak House","Ken's Seak House Farm House Ranch  Dressing ","014335000297","Ken's Seak House Farm House Ranch  Dressing ","1.25","0.0","Market Basket","16 fl oz","16 fl oz","X453.jpg","","2"
"34848","Breakfast & Dairy","Breads & Rolls","English Muffins","Thomas","Thomas English Muffins Blueberry","048121207069","Thomas English Muffins Blueberry","6.24","0.0","Market Basket","13 oz","13 oz","X2617.jpg","","18"
"7560","Cooking Needs","Canned Food","Canned & Jarred Vegetables","Pastene","Pastene Artichoke Hearts Quartered","","Pastene Artichoke Hearts Quartered","3.09","0.0","Market Basket","14 oz","14 oz","4967.jpg","","9"
"5276","Chips, Cookies & Snacks","Chips & Fruit Snacks","Chips & Pretzels","Good Health","Good Health Organic Baked Cheese Fries Cheddar","","Good Health Organic Baked Cheese Fries Cheddar","3.13","0.0","Market Basket","5.5 oz","5.5 oz","No Image.jpg","","0"
"14730","Personal Care","Body Wash, Soap & Hair Care","Hair Care","Garnier","Garnier Fructis For Frizzy, Dry, Unmanageable Hair Sleek & Shine Conditioner","","Garnier Fructis For Frizzy, Dry, Unmanageable Hair Sleek & Shine Conditioner","4.93","1.0","Market Basket","13 fl oz","13 fl oz","6609.jpg","","13"
"6135","Beverages & Juices","Ginger Ale & Ginger Beer","Ginger Ale","Market Basket","Market Basket Ginger Ale","","Market Basket Ginger Ale","1.1","0.0","Market Basket","2 L","2 L","Market Basket.jpg","","17"
"32735","Frozen Food","Frozen Dinners & Entrees","Frozen Meal","Marie Callender's","Marie Callender's Salisbury Steak","021131506759","Marie Callender's Salisbury Steak","3.13","0.0","Market Basket","14 oz","14 oz","X4040.jpg","","18"
"30105","Frozen Food","Frozen Pasta","Frozen Pasta","Angy's","Angy's Meat Tortellini ","075662241115","Angy's Meat Tortellini ","4.99","0.0","Market Basket","24 oz","24 oz","X4351.jpg","","18"
"7454","Cooking Needs","Canned Food","Canned & Jarred Vegetables","Goya","Goya Sliced Beets","","Goya Sliced Beets","1.29","0.0","Market Basket","15 oz","15 oz","5043.jpg","","9"
"34974","Beverages & Juices","Juices & Refrigerated Drinks","Juice & Nectars","V8","V8 High Fiber Vegetable Juice","051000178619","V8 High Fiber Vegetable Juice","3.74","0.0","Market Basket","46 fl oz","46 fl oz","X3130.jpg","","10"
"6477","Chips, Cookies & Snacks","Nuts, Seeds & Dried Fruit","Nuts, Seeds & Dried Fruit","River Queen","River Queen Salted Fancy Mixed Nuts","","River Queen Salted Fancy Mixed Nuts","6.24","0.0","Market Basket","8 oz","8 oz","No Image.jpg","","6"
"33491","Breakfast & Dairy","Breads & Rolls","Bread","Nature's Own","Nature's Own Butter Bread","072250049191","Nature's Own Butter Bread","4.36","0.0","Market Basket","20 oz","20 oz","X2476.jpg","","18"
"13413","Breakfast & Dairy","Dairy & Eggs","Eggs","Land O' Lakes","Land O' Lakes Eggs, Large Brown, Grade A","","Land O' Lakes Eggs, Large Brown, Grade A","3.61","0.0","Market Basket","12 count","12 count","604.jpg","","1"
"30353","Breakfast & Dairy","Granola & Oats","Granola","Bear Naked ","Bear Naked Granola V''nilla Almond  ","856416000710","Bear Naked Granola V''nilla Almond  ","4.74","0.0","Market Basket","12 oz","12 oz","X3777.jpg","","5"
"6397","Beverages & Juices","Soft Drinks & Seltzers","Seltzer","Polar","Polar Seltzer Watermelon Lemonade","","Polar Seltzer Watermelon Lemonade","4.18","0.0","Market Basket","8 x 12 fl oz","8 x 12 fl oz","No Image.jpg","","11"
"5050","Chips, Cookies & Snacks","Cookies & Crackers","Cookies & Cakes","Keebler","Keebler Deluxe Grahams Original","","Keebler Deluxe Grahams Original","3.91","0.0","Market Basket","12.5 oz","12.5 oz","No Image.jpg","","6"
"4736","Meat & Seafood","Frozen Meat & Seafood","Chicken Products","Perdue","Perdue Breaded Chicken Breast Tenders","","Perdue Breaded Chicken Breast Tenders","8.19","0.0","Market Basket","1.81 lb","1.81 lb","2892.jpg","","22"
"32410","Condiments & Dressings","Salad Dressings & Toppings","Salad Dressing & Toppings","Kraft","Kraft Classic Ranch Dressing","021000643615","Kraft Classic Ranch Dressing","2.5","0.0","Market Basket","16 fl oz","16 fl oz","X467.jpg","","2"
"33692","Breakfast & Dairy","Dairy & Eggs","Yogurt","Oikos","Oikos Triple Zero Raspberry Flavor ","","Oikos Triple Zero Raspberry Flavor ","1.25","0.0","Market Basket","5.3 oz","5.3 oz","X690.jpg","","1"
"13590","Breakfast & Dairy","Dairy & Eggs","Other Creams & Cheeses","Market Basket","Market Basket Garden Vegetable Cream Cheese","","Market Basket Garden Vegetable Cream Cheese","2.09","0.0","Market Basket","8 oz","8 oz","Market Basket.jpg","","1"
"33409","Cooking Needs","Canned Food","Canned Tomatoes","Muir Glen","Muir Glen Organic Stewed Tomatoes","725342283712","Muir Glen Organic Stewed Tomatoes","1.86","0.0","Market Basket","14.5 oz","14.5 oz","X1356.jpg","","4"
"6630","Beverages & Juices","Juices & Refrigerated Drinks","Refrigerated Drinks","Oakhurst","Oakhurst Orange Juice","","Oakhurst Orange Juice","1.89","0.0","Market Basket","32 fl oz","32 fl oz","No Image.jpg","","1"
"8020","Cooking Needs","Canned Food","Soup, Broth & Bouillon","Kitchen Basics","Kitchen Basics All Natural Unsalted Chicken Stock","","Kitchen Basics All Natural Unsalted Chicken Stock","3.09","0.0","Market Basket","32 oz","32 oz","17171.jpg","","2"
"14976","Personal Care","First Aid & Healthcare","Muscles, Joints & Pain Relief","Advil","Advil Ibuprofen","","Advil Ibuprofen","11.26","1.0","Market Basket","40 count","40 count","6621.jpg","","13"
"35292","Richardson's Farm Ice Cream","Ice Cream","Cake Batter","Richarson's Farm","Richarson's Farm Cake Batter Ice Cream 16% Butterfat","","Vanilla cake batter base with chunks of cake","32.99","0.0","Richardson's Farm","3 Gal. Tub","3 Gal. Tub","RichardsonsFarm.jpg","",""
"5096","Chips, Cookies & Snacks","Cookies & Crackers","Cookies & Cakes","Nonni's","Nonni's Biscotti Original","","Nonni's Biscotti Original","4.36","0.0","Market Basket","5.52 oz","5.52 oz","15007.jpg","","6"
"34770","Condiments & Dressings","Marinades, Ketchup & Sauces","Marinades & Meat Preparation","Sweet Baby Ray's","Sweet Baby Ray's Gourmet Sauces Honey Chipotle Barbecue Sauce ","013409515198","Sweet Baby Ray's Gourmet Sauces Honey Chipotle Barbecue Sauce ","2.86","0.0","Market Basket","16 fl oz","16 fl oz","X2079.jpg","","2"
"34505","Frozen Food","Frozen Dinners & Entrees","Frozen Meal","Smart Ones","Smart Ones Ham and Cheese Scramble","025800020409","Smart Ones Ham and Cheese Scramble","2.5","0.0","Market Basket","6.49 oz","6.49 oz","X4187.jpg","","18"
"33785","Pasta & Sauces","Pasta Sauce","Pasta Sauce","Paesana","Paesana Cooking Sauce Francesa","076050170116","Paesana Cooking Sauce Francesa","4.99","0.0","Market Basket","15.75 oz","15.75 oz","X1432.jpg","","4"
"5393","Chips, Cookies & Snacks","Cookies & Crackers","Crackers","Mary's Gone Crackers","Mary's Gone Crackers Herb Crackers","","Mary's Gone Crackers Herb Crackers","6.23","0.0","Market Basket","6.5 oz","6.5 oz","No Image.jpg","","6"
"35126","Pasta & Sauces","Instant Pasta","Instant Pasta","Wisconsin's Finest","Wisconsin's Finest Organic Aged Cheddar Shells Macaroni & Cheese","080364180242","Wisconsin's Finest Organic Aged Cheddar Shells Macaroni & Cheese","2.5","0.0","Market Basket","6 oz","6 oz","X1232.jpg","","4"
"3631","Fresh Produce","Fresh Fruits","Apple","Market Basket","Pink Lady Cripps Apple","","Pink Lady Cripps Apple","1.0","0.0","Market Basket","1 count","1 count","14196.jpg","","20"
"32599","Beverages & Juices","Tea, Coffee, Milk & Coconut Water","Tea","Lipton","Lipton Iced Tea Peach","012000112270","Lipton Iced Tea Peach","4.11","0.0","Market Basket","128 fl oz","128 fl oz","X3037.jpg","","10"
"549","Laundry & Paper Goods","Laundry","Laundry Detergent","Gain","Gain Fireworks in wash scent moonlight breeze Laundry Detergent","","Gain Fireworks in wash scent moonlight breeze Laundry Detergent","8.74","1.0","Market Basket","285 g","285 g","No Image.jpg","","15"
"10059","Frozen Food","Ice Cream & Ice","Ice Cream & Ice","Good Humor","Good Humor Frozen Dessert Bars Strawberry Shortcake","","Good Humor Frozen Dessert Bars Strawberry Shortcake","3.69","0.0","Market Basket","6 x 3 fl oz","6 x 3 fl oz","17989.jpg","","21"
"5840","Breakfast & Dairy","Bars & Pastries","Protien Bars","thinkThin","thinkThin Protein & Fiber Bar Pumpkin Spice","","thinkThin Protein & Fiber Bar Pumpkin Spice","1.89","0.0","Market Basket","1.41 oz","1.41 oz","15263.jpg","","3"
"344","Kitchen & Cleaning","Food Storage & Kitchen Supplies","Storage Bags","Ziploc","Ziploc Slider Freezer Bags Quart","","Ziploc Slider Freezer Bags Quart","1.89","1.0","Market Basket","15 count","15 count","4390.jpg","","12"
"8025","Cooking Needs","Canned Food","Soup, Broth & Bouillon","Knorr","Knorr Cube Bouillon Chicken","","Knorr Cube Bouillon Chicken","1.49","0.0","Market Basket","6 x 2.5 oz","6 x 2.5 oz","18091.jpg","","9"
"35076","Beverages & Juices","Juices & Refrigerated Drinks","Juice & Nectars","Welch's","Welch's White Grape 100% Juice No Sugar Added","041800227006","Welch's White Grape 100% Juice No Sugar Added","4.74","0.0","Market Basket","64 fl oz","64 fl oz","X2892.jpg","","10"
"6559","Chips, Cookies & Snacks","Chips & Fruit Snacks","Rice Cake","Suzie's","Suzie's Thin Puffed Cakes Spelt & Flax","","Suzie's Thin Puffed Cakes Spelt & Flax","3.13","0.0","Market Basket","4.6 oz","4.6 oz","No Image.jpg","","19"
"13319","Breakfast & Dairy","Dairy & Eggs","Cream","Cabot","Cabot Whipped Cream","","Cabot Whipped Cream","3.09","0.0","Market Basket","7 oz","7 oz","14753.jpg","","1"
"6521","Chips, Cookies & Snacks","Nuts, Seeds & Dried Fruit","Nuts, Seeds & Dried Fruit","Sunmaid","Sunmaid California Golden Raisins","","Sunmaid California Golden Raisins","4.36","0.0","Market Basket","15 oz","15 oz","No Image.jpg","","6"
"6112","Beverages & Juices","Soft Drinks & Seltzers","Soft Drinks","Crush","Crush Pineapple Soda","","Crush Pineapple Soda","2.5","0.0","Market Basket","2 L","2 L","No Image.jpg","","17"
"6960","Cooking Needs","Baking & Cooking","Doughs, Gelatins & Bake Mixes","Shake 'N Bake","Shake 'N Bake Extra Crispy Seasoned Coating Mix","","Shake 'N Bake Extra Crispy Seasoned Coating Mix","2.49","0.0","Market Basket","5 oz","5 oz","15612.jpg","","1"
"7729","Cooking Needs","Canned Food","Canned Meals & Beans","Del Monte","Del Monte Fresh Cut Green Beans","","Del Monte Fresh Cut Green Beans","1.09","0.0","Market Basket","14.5 oz","14.5 oz","5182.jpg","","9"
"8261","Condiments & Dressings","Marinades, Ketchup & Sauces","Condiments","Oscar Mayer","Oscar Mayer Organic Yellow Mustard","","Oscar Mayer Organic Yellow Mustard","2.49","0.0","Market Basket","8 oz","8 oz","15372.jpg","","2"
"31921","Meat & Seafood","Packaged Meat & Seafood","Hot Dogs & Franks","Jenni-O","Jennie-O Turkey Franks ","","Jennie-O Turkey Franks ","1.61","0.0","Market Basket","12 oz","12 oz","X4583.jpg","","1"
"31537","Beverages & Juices","Tea, Coffee, Milk & Coconut Water","Tea","Gold Peak Tea","Gold Peak Tea Unsweetened","049000064070","Gold Peak Tea Unsweetened","2.5","0.0","Market Basket","64 fl oz","64 fl oz","X3044.jpg","","10"
"13311","Breakfast & Dairy","Dairy & Eggs","Butter","Organic Valley","Organic Valley Cultured Pasture Butter","","Organic Valley Cultured Pasture Butter","4.79","0.0","Market Basket","8 oz","8 oz","14782.jpg","","1"
"5329","Breakfast & Dairy","Bars & Pastries","Breakfast Bars","Nature's Bakery","Nature's Bakery Fig Bar Apple Cinnamon","","Nature's Bakery Fig Bar Apple Cinnamon","4.69","0.0","Market Basket","6 x 2 oz","6 x 2 oz","No Image.jpg","","6"
"5259","Chips, Cookies & Snacks","Chips & Fruit Snacks","Chips & Pretzels","Kettle","Kettle Brand Potato Chips Sea Salt","","Kettle Brand Potato Chips Sea Salt","4.69","0.0","Market Basket","8.5 oz","8.5 oz","No Image.jpg","","0"
"32502","Frozen Food","Frozen Dinners & Entrees","Frozen Meal","Lean Cuisine ","Lean Cuisine Swdish Meatballs","013800188076","Lean Cuisine Swdish Meatballs","2.5","0.0","Market Basket","                  9 1/8  oz","                  9 1/8  oz","X4219.jpg","","18"
"34705","Cooking Needs","Rice & Grains","Instant Rice","Success","Success Boil in Bag Precooked Brown Rice Whole Grain-Family Size Bags","017400100414","Success Boil in Bag Precooked Brown Rice Whole Grain-Family Size Bags","4.99","0.0","Market Basket","32 oz","32 oz","X982.jpg","","4"
"30998","Meat & Seafood","Hot Dogs, Bacon & Sausage","Hot Dogs","Coleman","Colman Natural Beef Uncured Hot Dogs ","","Colman Natural Beef Uncured Hot Dogs ","7.49","0.0","Market Basket","12 oz","12 oz","X4482.jpg","","1"
"32293","Condiments & Dressings","Marinades, Ketchup & Sauces","Sauce","Kikkoman ","Kikkoman Soy Sause ","04139247","Kikkoman Soy Sause ","2.08","0.0","Market Basket","10 fl oz","10 fl oz","X5354.jpg","","3"
"9087","Frozen Food","Frozen Dinners & Entrees","Frozen Appetizers & Sides","Alexia","Alexia All Natural House Cut Fries with Sea Salt","","Alexia All Natural House Cut Fries with Sea Salt","3.69","0.0","Market Basket","1.75 lb","1.75 lb","2593.jpg","","19"
"7144","Cooking Needs","Oils & Vinegars","Oils & Vinegars","Mazola","Mazola Corn Oil Cholesterol Free","","Mazola Corn Oil Cholesterol Free","10.99","0.0","Market Basket","128 fl oz","128 fl oz","15488.jpg","","2"
"7976","Cooking Needs","Canned Food","Soup, Broth & Bouillon","Campbell's","Campbell's Homestyle Chicken Noodle Soup","","Campbell's Homestyle Chicken Noodle Soup","2.49","0.0","Market Basket","18.6 oz","18.6 oz","17241.jpg","","2"
"5430","Chips, Cookies & Snacks","Candy & Chocolates","Candy & Chocolate","Cadbury","Cadbury Dairy Milk Fruit & Nut Milk Chocolate Bar","","Cadbury Dairy Milk Fruit & Nut Milk Chocolate Bar","1.89","0.0","Market Basket","3.5 oz","3.5 oz","1050.jpg","","3"
"14480","Beverages & Juices","Tea, Coffee, Milk & Coconut Water","Coffee","StarBucks","Starbucks Frappuccino Chilled Coffee Drink Mocha Light","","Starbucks Frappuccino Chilled Coffee Drink Mocha Light","7.99","0.0","Market Basket","4 x 9.5 oz","4 x 9.5 oz","3299.jpg","","8"
"35013","Condiments & Dressings","Honey, Syrup & Nectars","Syrup","Vermont Maid ","Vermont Maid Sugar Free Syrup","024000052272","Vermont Maid Sugar Free Syrup","2.49","0.0","Market Basket","24 fl oz","24 fl oz","X3201.jpg","","2"
"8284","Condiments & Dressings","Fresh Dips & Tapenades","Hommus","Cedar","Cedar Hommus Zesty Lemon","","Cedar Hommus Zesty Lemon","2.49","0.0","Market Basket","8 oz","8 oz","5508.jpg","","1"
"33641","Beverages & Juices","Juices & Refrigerated Drinks","Juice & Nectars","Northland","Northland Cranberry Pomegranate 100% Juice No Sugar Added","753792002317","Northland Cranberry Pomegranate 100% Juice No Sugar Added","3.74","0.0","Market Basket","64 fl oz","64 fl oz","X2790.jpg","","10"
"33399","Condiments & Dressings","Pickled Goods & Olives","Pickles","Mt. Olive","Mt.Olive Sweet Heat Bread & Butter Chips Made With Sea Salt ","009300001328","Mt.Olive Sweet Heat Bread & Butter Chips Made With Sea Salt ","2.86","0.0","Market Basket","16 fl oz","16 fl oz","X3276.jpg","","2"
"32330","Cooking Needs","Rice & Grains","Grains, Rice & Dried Goods","kitchen of love Cucina & Amore","kitchen of love Cucina & A More Arborio Superfino Italian Rice ","728119430050","kitchen of love Cucina & A More Arborio Superfino Italian Rice ","3.75","0.0","Market Basket","17.6 oz","17.6 oz","X1101.jpg","","4"
"33094","Breakfast & Dairy","Granola & Oats","Oats","Market Basket ","Market Basket Cinnamon & Spice Instant Oatmeal","049705008195","Market Basket Cinnamon & Spice Instant Oatmeal","2.5","0.0","Market Basket","10 x 1.51 oz","10 x 1.51 oz","X3564.jpg","","5"
"13318","Breakfast & Dairy","Dairy & Eggs","Cream","Baileys","Baileys Non Alcoholic Mudslide Coffee Creamer","","Baileys Non Alcoholic Mudslide Coffee Creamer","3.69","0.0","Market Basket","32 fl oz","32 fl oz","579.jpg","","1"
"5085","Chips, Cookies & Snacks","Cookies & Crackers","Cookies & Cakes","Mi-Del","Mi Del Ginger Snaps","","Mi Del Ginger Snaps","5.47","0.0","Market Basket","8 oz","8 oz","15100.jpg","","6"
"4121","Meat & Seafood","Meat & Seafood Counter","Chicken Breast","Market Basket","Market Basket Boneless Skinless Chicken Breast with rib meat","","Market Basket Boneless Skinless Chicken Breast with rib meat","11.99","0.0","Market Basket","Approx: 2.41 lb at $5.29/lb","Approx: 2.41 lb at $5.29/lb","4053.jpg","","22"
"4281","Meat & Seafood","Packaged Meat & Seafood","Turkey","Butterball","Butterball Turkey","","Butterball Turkey","26.99","0.0","Market Basket","9 lb","9 lb","No Image.jpg","","22"
"7350","Cooking Needs","Spices & Seasonings","Spices & Seasonings","McCormick","McCormick Rum Extract With Other Natural Flavors","","McCormick Rum Extract With Other Natural Flavors","3.69","0.0","Market Basket","1 fl oz","1 fl oz","2180.jpg","","9"
"33982","Breakfast & Dairy","Breads & Rolls","Buns","Pepperidge Farm","Pepperidge Farm 8 Sesame Topped Hamburger Buns","014100071617","Pepperidge Farm 8 Sesame Topped Hamburger Buns","4.36","0.0","Market Basket","15 oz","15 oz","X2498.jpg","","18"
"30881","Pasta & Sauces","Instant Pasta","Instant Pasta","Chef Boyardee","Chef Boyardee Lasagna Pasta in Tomato Sauce Seasoned with Hearty Meat ","064144043040","Chef Boyardee Lasagna Pasta in Tomato Sauce Seasoned with Hearty Meat ","1.25","0.0","Market Basket","15 oz","15 oz","X1249.jpg","","4"
"8570","Cooking Needs","Oils & Vinegars","Oils & Vinegars","Pure Wesson","Pure Wesson Vegetable Oil","","Pure Wesson Vegetable Oil","4.29","0.0","Market Basket","48 fl oz","48 fl oz","1822.jpg","","2"
"5559","Chips, Cookies & Snacks","Candy & Chocolates","Candy & Chocolate","Nutter Butter","Nutter Butter Peanut Butter Sandwich Cookies","","Nutter Butter Peanut Butter Sandwich Cookies","3.69","0.0","Market Basket","11.8 oz","11.8 oz","14952.jpg","","6"
"160","Kitchen & Cleaning","Cleaning Products","Other Cleaning Products","Market Basket","Market Basket Clear Ammonia","","Market Basket Clear Ammonia","1.89","1.0","Market Basket","64 fl oz","64 fl oz","Market Basket.jpg","","15"
"503","Laundry & Paper Goods","Laundry","Laundry Detergent","Tide","Tide Plus Bleach Original 59 Loads Laundry Detergent","","Tide Plus Bleach Original 59 Loads Laundry Detergent","14.99","1.0","Market Basket","92 fl oz","92 fl oz","No Image.jpg","","15"
"34843","Breakfast & Dairy","Breads & Rolls","English Muffins","Thomas","Thomas English Muffins Original","048121102081","Thomas English Muffins Original","6.24","0.0","Market Basket","13 oz","13 oz","X2612.jpg","","18"
"5675","Chips, Cookies & Snacks","Candy & Chocolates","Mint & Gum","Trident","Trident Spearmint Sugar Free Gum","","Trident Spearmint Sugar Free Gum","3.12","0.0","Market Basket","3 ct","3 ct","1478.jpg","","3"
"14674","Personal Care","Body Wash, Soap & Hair Care","Body Lotion","Suave","Suave Sea Mineral Infusion Body Lotion","","Suave Sea Mineral Infusion Body Lotion","3.55","1.0","Market Basket","10 oz","10 oz","17752.jpg","","13"
"30651","Beverages & Juices","Tea, Coffee, Milk & Coconut Water","Tea","Bragg ","Bragg Apple Cider Vinegar Refreshers Prebiotic Honey & Green Tea","074305050169","Bragg Apple Cider Vinegar Refreshers Prebiotic Honey & Green Tea","3.11","0.0","Market Basket","16 fl oz","16 fl oz","X3011.jpg","","10"
"30125","Pasta & Sauces","Instant Pasta","Instant Pasta","Annie's ","Annies Homegrown Real Aged Cheddar Macaroni & Cheese","013562000593","Annies Homegrown Real Aged Cheddar Macaroni & Cheese","3.99","0.0","Market Basket","2 x 2.01 oz","2 x 2.01 oz","X1195.jpg","","4"
"31492","Breakfast & Dairy","Cereal","Cereal","General Mills","General Mills Wheaties","016000275652","General Mills Wheaties","4.99","0.0","Market Basket","15.6 oz","15.6 oz","X3469.jpg","","5"
"455","Kitchen & Cleaning","Trash Bags & Liners","Tall Trash Bags","Market Basket","Market Basket Tall Kitchen Black Drawstring Bags","","Market Basket Tall Kitchen Black Drawstring Bags","6.09","1.0","Market Basket","40 count","40 count","Market Basket.jpg","","12"
"31557","Frozen Food","Frozen Dinners & Entrees","Frozen Meal","Good Food Made Simple","Good Food Made Simple Chicken Pad Thai","080618476145","Good Food Made Simple Chicken Pad Thai","3.13","0.0","Market Basket","9.5 oz","9.5 oz","X4180.jpg","","18"
"6835","Cooking Needs","Baking & Cooking","Baking Ingredients","Goya","Goya Extra Fine Yellow Corn Meal","","Goya Extra Fine Yellow Corn Meal","1.89","0.0","Market Basket","24 oz","24 oz","2351.jpg","","8"
"4348","Meat & Seafood","Meat & Seafood Counter","Scip","Market Basket","Market Basket Wild Whole Scup","","Market Basket Wild Whole Scup","6.09","0.0","Market Basket","Approx: 1.00 lb at $6.09/lb","Approx: 1.00 lb at $6.09/lb","Market Basket.jpg","","22"
"33453","Breakfast & Dairy","Bars & Pastries","Oatmeal Squares","Nature Valley","Nature Valley Soft-baked Oatmeal Squares Banana Bread & Dark Chocolate","016000485525","Nature Valley Soft-baked Oatmeal Squares Banana Bread & Dark Chocolate","3.75","0.0","Market Basket","6 x 1.24 oz","6 x 1.24 oz","X3833.jpg","","5"
"31028","Breakfast & Dairy","Breads & Rolls","Bread","Country Kitchen","Country Kitchen Giant White Bread","073402104409","Country Kitchen Giant White Bread","3.74","0.0","Market Basket","22 oz","22 oz","X2466.jpg","","18"
"33617","Chips, Cookies & Snacks","Candy & Chocolates","Candy & Chocolate","Nips","Nips Chocolate Parfait Rich & Creamy Hard Candy With Soft,Chewy Center ","","Nips Chocolate Parfait Rich & Creamy Hard Candy With Soft,Chewy Center ","1.24","0.0","Market Basket","4 oz","4 oz","X664.jpg","","3"
"8520","Cooking Needs","Oils & Vinegars","Oils & Vinegars","LouAna","LouAna Organic Coconut Oil","","LouAna Organic Coconut Oil","7.39","0.0","Market Basket","14 fl oz","14 fl oz","15516.jpg","","2"
"3587","Fresh Produce","Fresh Vegetables","Celery","Northeast","Northeast Fresh Celery Hearts","","Northeast Fresh Celery Hearts","3.55","0.0","Market Basket","20 oz bag","20 oz bag","FP64.jpg","","20"
"598","Laundry & Paper Goods","Paper Goods","Bathroom Tissues / Toilet Paper","Market Basket","Market Basket Premium Bathroom Tissue Ultra Strong","","Market Basket Premium Bathroom Tissue Ultra Strong","3.13","1.0","Market Basket","4 count","4 count","Market Basket.jpg","","14"
"31124","Breakfast & Dairy","Breads & Rolls","Bread","Dave's Killer Bread","Dave's Killer Bread Organic Bread Thin Sliced Good Seed","013764027121","Dave's Killer Bread Organic Bread Thin Sliced Good Seed","6.61","0.0","Market Basket","20.5 oz","20.5 oz","X2434.jpg","","18"
"4061","Meat & Seafood","Meat & Seafood Counter","Beef","Market Basket","Beef Stock","","Beef Stock","2.49","0.0","Market Basket","1 lb","1 lb","Market Basket.jpg","","22"
"13652","Breakfast & Dairy","Dairy & Eggs","Packaged Cheese","Cacique","Cacique Queso Fresco Part Skim Milk Cheese","","Cacique Queso Fresco Part Skim Milk Cheese","4.89","0.0","Market Basket","10 oz","10 oz","14582.jpg","","1"
"13895","Breakfast & Dairy","Dairy & Eggs","Soy & Lactose-Free","Nasoya","Nasoya TofuBaked Sesame Ginger","","Nasoya TofuBaked Sesame Ginger","4.59","0.0","Market Basket","8 oz","8 oz","14802.jpg","","20"
"3980","Fresh Produce","Fresh Vegetables","Speciality Produce","Market Basket","Mung Bean Sprouts","","Mung Bean Sprouts","1.71","0.0","Market Basket","12 oz bag","12 oz bag","14371.jpg","","20"
"33274","Condiments & Dressings","Pickled Goods & Olives","Pickled Goods & Olives","Mezzetta ","Mezzetta Snice 1935 Family Golden Greek Peperoncini Tender & Crispy Midium Heat ","073214001057","Mezzetta Snice 1935 Family Golden Greek Peperoncini Tender & Crispy Midium Heat ","3.74","0.0","Market Basket","16 fl oz","16 fl oz","X3244.jpg","","2"
"30861","Frozen Food","Frozen Dinners & Entrees","Frozen Appetizers & Sides","Celentano","Celentano Eggplant Parmigiana","041646123678","Celentano Eggplant Parmigiana","3.74","0.0","Market Basket","14 oz","14 oz","X4345.jpg","","18"
"32948","Cooking Needs","Canned Food","Tomato Sauce","Market Basket","Market Basket Select Tomato Sauce","049705037027","Market Basket Select Tomato Sauce","0.5","0.0","Market Basket","8 oz","8 oz","X1290.jpg","","4"
"33569","Cooking Needs","Rice & Grains","Instant Rice","Near East ","Near East Rice Pilaf Mix Spanish Rice","072251000306","Near East Rice Pilaf Mix Spanish Rice","1.88","0.0","Market Basket","6.75 oz","6.75 oz","X1031.jpg","","4"
"31468","Breakfast & Dairy","Cereal","Cereal","General Mills","General Mills Corn Chex","016000487963","General Mills Corn Chex","3.13","0.0","Market Basket","12 oz","12 oz","X3445.jpg","","5"
"33796","Frozen Food","Frozen Dinners & Entrees","Frozen Appetizers & Sides","Pagoda","Pagoda Cream Cheese Wontons","072180698568","Pagoda Cream Cheese Wontons","6.86","0.0","Market Basket","7.27 oz","7.27 oz","X3964.jpg","","18"
"31010","Cooking Needs","Canned Food","Tomato Sauce","Contadina","Contadina Roma Tomatoes Sauce","024000343462","Contadina Roma Tomatoes Sauce","1.24","0.0","Market Basket","15 oz","15 oz","X1274.jpg","","4"
"4168","Meat & Seafood","Packaged Meat & Seafood","Beef","Angus Beef","Angus Beef Xtra Lean Round Stew","","Angus Beef Xtra Lean Round Stew","4.89","0.0","Market Basket","1 lb","1 lb","16690.jpg","","22"
"4187","Meat & Seafood","Packaged Meat & Seafood","Chicken","Market Basket","Market Basket Stir Fry Chicken","","Market Basket Stir Fry Chicken","4.89","0.0","Market Basket","Approx: 1.00 lb at $4.89/lb","Approx: 1.00 lb at $4.89/lb","Market Basket.jpg","","22"
"13636","Breakfast & Dairy","Dairy & Eggs","Packaged Cheese","Cabot","Cabot Classic Vermont Extra Sharp Cheddar Cheese","","Cabot Classic Vermont Extra Sharp Cheddar Cheese","7.39","0.0","Market Basket","1 lb","1 lb","Market Basket.jpg","","1"
"10410","Cooking Needs","Canned Food","Canned Food","Goya","Goya Green Split Peas","","Goya Green Split Peas","1.29","0.0","Market Basket","16 oz","16 oz","5823.jpg","","7"
"4600","Meat & Seafood","Lunch Meat","Turkey","Market Basket","Market Basket Oven Roasted Turkey Breast","","Market Basket Oven Roasted Turkey Breast","8.59","0.0","Market Basket","1 lb","1 lb","Market Basket.jpg","","22"
"6041","Beverages & Juices","Juices & Refrigerated Drinks","Juice & Nectars","Rose's","Rose's Sweetened Lime Juice","","Rose's Sweetened Lime Juice","4.99","0.0","Market Basket","25 fl oz","25 fl oz","No Image.jpg","","17"
"6367","Beverages & Juices","Soft Drinks & Seltzers","Seltzer","Polar","Polar Seltzer Black Cherry","","Polar Seltzer Black Cherry","3.74","0.0","Market Basket","6 x 16.9 fl oz","6 x 16.9 fl oz","No Image.jpg","","11"
"30619","Condiments & Dressings","Preserved Dips & Spreads","Spreads","Bonne Maman","Bonne Maman Fig Preserves","","Bonne Maman Fig Preserves","4.38","0.0","Market Basket","13 oz","13 oz","X54.jpg","","3"
"32267","Condiments & Dressings","Salad Dressings & Toppings","Salad Dressing & Toppings","Ken's Steak House","Ken's Seak House Creamy French Dressing ","041335000518","Ken's Seak House Creamy French Dressing ","3.49","0.0","Market Basket","16 fl oz","16 fl oz","X435.jpg","","2"
"14834","Personal Care","Body Wash, Soap & Hair Care","Soap","Dove","Dove Beauty Bar Cucumber And Green Tea","","Dove Beauty Bar Cucumber And Green Tea","4.82","1.0","Market Basket","8 oz","8 oz","6343.jpg","","13"
"6265","Beverages & Juices","Water","Water","Fiji","Fiji Natural Artesian Water","","Fiji Natural Artesian Water","2.74","0.0","Market Basket","1.5 L","1.5 L","16255.jpg","","11"
"33372","Condiments & Dressings","Salad Dressings & Toppings","Croutons","Mrs Cubbison's ","Mrs Cubbison's Caesar Salad Croutons ","","Mrs Cubbison's Caesar Salad Croutons ","1.49","0.0","Market Basket","5 oz","5 oz","X1754.jpg","","2"
"6179","Beverages & Juices","Soft Drinks & Seltzers","Soft Drinks","Pepsi","Pepsi Original Mini","","Pepsi Original Mini","4.38","0.0","Market Basket","8 x 12 fl oz","8 x 12 fl oz","No Image.jpg","","17"
"32914","Breakfast & Dairy","Dairy & Eggs","Yogurt","Market Basket","Market Basket Light Nonfat Yogurt Banana Creme Naturally Flavored ","","Market Basket Light Nonfat Yogurt Banana Creme Naturally Flavored ","0.63","0.0","Market Basket","6 oz","6 oz","X552.jpg","","1"
"3788","Fresh Produce","Fresh Organic Fruits","Pear","Market Basket","Organic D'Anjou Pears","","Organic D'Anjou Pears","1.44","0.0","Market Basket","1 count","1 count","14226.jpg","","20"
"13473","Breakfast & Dairy","Dairy & Eggs","Milk","Hood","Hood Chocolate Milk","","Hood Chocolate Milk","4.36","0.0","Market Basket","0.5 gal","0.5 gal","493.jpg","","1"
"6810","Cooking Needs","Baking & Cooking","Baking Ingredients","Carnation ","Carnation Sweetened Condensed Milk","","Carnation Sweetened Condensed Milk","3.09","0.0","Market Basket","14 oz","14 oz","2367.jpg","","8"
"211","Kitchen & Cleaning","Cleaning Products","Scrub Sponge","SOS","SOS Sponges","","SOS Sponges","1.39","1.0","Market Basket","4 count","4 count","16768.jpg","","15"
"4031","Fresh Produce","Fresh Vegetables","Tomato","Market Basket","Roma Plum Tomatoes","","Roma Plum Tomatoes","1.29","0.0","Market Basket","1 lb","1 lb","FP204.jpg","","20"
"4565","Meat & Seafood","Lunch Meat","Pepperoni","Margherita","Margherita Stick Pepperoni","","Margherita Stick Pepperoni","3.69","0.0","Market Basket","7 oz","7 oz","17286.jpg","","22"
"33216","Meat & Seafood","Packaged Meat & Seafood","Kielbasa","Market Basket ","Market Basket Light Polska Kielbasa ","","Market Basket Light Polska Kielbasa ","4.36","0.0","Market Basket","14 oz","14 oz","X4612.jpg","","1"
"31626","Breakfast & Dairy","Dairy & Eggs","Yogurt","Green Valley ","Green Valley Lactose Free Creamery Organic Plain Low Fat Yogurt","","Green Valley Lactose Free Creamery Organic Plain Low Fat Yogurt","5.49","0.0","Market Basket","24 oz","24 oz","X315.jpg","","1"
"468","Laundry & Paper Goods","Laundry","Laundry Detergent","Method","method laundry detergent ginger mango","","method laundry detergent ginger mango","14.99","1.0","Market Basket","1.58 L","1.58 L","No Image.jpg","","15"
"14803","Personal Care","Body Wash, Soap & Hair Care","Hair Care","TRESemme","TRESemme Conditioner Moisture Rich","","TRESemme Conditioner Moisture Rich","4.93","1.0","Market Basket","28 oz","28 oz","18164.jpg","","13"
"6811","Cooking Needs","Baking & Cooking","Baking Ingredients","Carnation ","Carnation Vitamin D Added Evaporated Milk","","Carnation Vitamin D Added Evaporated Milk","0.79","0.0","Market Basket","5 fl oz","5 fl oz","2369.jpg","","8"
"7271","Cooking Needs","Spices & Seasonings","Spices & Seasonings","McCormick","McCormick Freeze Dried Chives","","McCormick Freeze Dried Chives","4.89","0.0","Market Basket","0.16 oz container","0.16 oz container","2153.jpg","","9"
"9411","Frozen Food","Frozen Dinners & Entrees","Frozen Meal","Barber Foods","Barber Foods Stuffed Chicken Breasts, Raw, Kiev","","Barber Foods Stuffed Chicken Breasts, Raw, Kiev","4.29","0.0","Market Basket","2 count","2 count","15899.jpg","","18"
"31939","Frozen Food","Frozen Breakfast","Frozen Breakfast","JimmyDean","JimmyDean Sausage & Gravy ","077900471414","JimmyDean Sausage & Gravy ","3.49","0.0","Market Basket","7 oz","7 oz","X4981.jpg","","19"
"32253","Condiments & Dressings","Salad Dressings & Toppings","Salad Dressing & Toppings","Ken's Steak House","Ken's Seak House Simply Lite Creamy Caesar Dressing","041335334255","Ken's Seak House Simply Lite Creamy Caesar Dressing","3.49","0.0","Market Basket","16 fl oz","16 fl oz","X421.jpg","","2"
"4020","Fresh Produce","Fresh Vegetables","Tomato","Market Basket","Candy Clamshell Tomatoes","","Candy Clamshell Tomatoes","3.7","0.0","Market Basket","1 lb","1 lb","f291.jpg","","20"
"8761","Condiments & Dressings","Preserved Dips & Spreads","Preserved Dips & Salsa","Mrs. Renfro's","Mrs. Renfro's Jalapeno Green Salsa Hot","","Mrs. Renfro's Jalapeno Green Salsa Hot","3.69","0.0","Market Basket","16 oz","16 oz","2002.jpg","","1"
"31658","Frozen Food","Frozen Dinners & Entrees","Frozen Meal","Healthy Choice","Healthy Choice Sweet Sesame Chicken","072655001046","Healthy Choice Sweet Sesame Chicken","3.13","0.0","Market Basket","9.75 oz","9.75 oz","X4071.jpg","","18"
"35096","Chips, Cookies & Snacks","Chips & Fruit Snacks","Fruit & Vegetable Snacks","Welch's","Welch's Berries 'N Cherries Fruit Snacks ","034856028826","Welch's Berries 'N Cherries Fruit Snacks ","2.5","0.0","Market Basket","9 oz","9 oz","X5151.jpg","","19"
"15177","Personal Care","Personal Needs","Oral Hygiene","Colgate","Colgate Total Toothpaste Gel Whitening","","Colgate Total Toothpaste Gel Whitening","4.24","1.0","Market Basket","6 oz","6 oz","6380.jpg","","13"
"4981","Chips, Cookies & Snacks","Chips & Fruit Snacks","Chips & Pretzels","Utz","Utz Honey Barbeque Potato Chips","","Utz Honey Barbeque Potato Chips","4.69","0.0","Market Basket","9 oz","9 oz","844.jpg","","0"
"5052","Chips, Cookies & Snacks","Cookies & Crackers","Cookies & Cakes","Keebler","Keebler E.L. Fudge Elfwich Double Stuffed","","Keebler E.L. Fudge Elfwich Double Stuffed","3.91","0.0","Market Basket","12 oz","12 oz","No Image.jpg","","6"
"3451","Fresh Produce","Fresh Fruits","Grapes","Market Basket","Bag of Red Seedless Grapes","","Bag of Red Seedless Grapes","7.49","0.0","Market Basket","2 lb bag","2 lb bag","No Image.jpg","","20"
"7888","Cooking Needs","Canned Food","Canned Meat & Seafood","StarKist","Chunk Light Tuna In Sunflower Oil","","Chunk Light Tuna In Sunflower Oil","3.09","0.0","Market Basket","6.4 oz","6.4 oz","5210.jpg","","2"
"31890","Condiments & Dressings","Marinades, Ketchup & Sauces","Mustard Sauce","inglehoffer","Inglehoffer AppleWood Smoked Bacon Flavored Mustard","071828011028","Inglehoffer AppleWood Smoked Bacon Flavored Mustard","2.49","0.0","Market Basket","7.5 oz","7.5 oz","X2159.jpg","","2"
"34724","Breakfast & Dairy","Bars & Pastries","Granola Bars","Sunbelt Bakery ","Sunbelt Bakery Fudge Dipped Chocolate Chip Granola Bars","024300033049","Sunbelt Bakery Fudge Dipped Chocolate Chip Granola Bars","4.36","0.0","Market Basket","16.91 oz","16.91 oz","X3784.jpg","","5"
"4360","Meat & Seafood","Meat & Seafood Counter","Steak","Market Basket","Market Basket London Broil Thin Shoulder Steak","","Market Basket London Broil Thin Shoulder Steak","4.99","0.0","Market Basket","1 lb","1 lb","Market Basket.jpg","","22"
"31178","Chips, Cookies & Snacks","Candy & Chocolates","Candy & Chocolate","Divine ","Divine Chocolate Dark Chocolate With Mint Crisp & Cocoa","","Divine Chocolate Dark Chocolate With Mint Crisp & Cocoa","3.74","0.0","Market Basket","3 oz","3 oz","X225.jpg","","3"
"30981","Breakfast & Dairy","Dairy & Eggs","Yogurt","Clio ","Clio Blueberry Greek Yogurt Bar Wrapped in Chocolate 8g Protein Sweet & Tart ","","Clio Blueberry Greek Yogurt Bar Wrapped in Chocolate 8g Protein Sweet & Tart ","1.24","0.0","Market Basket","7 oz","7 oz","X160.jpg","","1"
"7741","Cooking Needs","Canned Food","Canned Meals & Beans","Goya","Goya Beans Red Kidney","","Goya Beans Red Kidney","2.19","0.0","Market Basket","29 oz","29 oz","5114.jpg","","7"
"3461","Fresh Produce","Fresh Fruits","Orange","Market Basket","Bag Cara Cara Oranges","","Bag Cara Cara Oranges","5.49","0.0","Market Basket","1 bag(s)","1 bag(s)","No Image.jpg","","20"
"34436","Breakfast & Dairy","Bars & Pastries","Breakfast Bars","RX","RXBAR Coconut Chocolate","858030008448","RXBAR Coconut Chocolate","11.24","0.0","Market Basket","5 x 1.83 oz","5 x 1.83 oz","X3889.jpg","","5"
"8425","Condiments & Dressings","Marinades, Ketchup & Sauces","Marinades & Meat Preparation","Knorr","Knorr Gravy Mix Roasted Turkey","","Knorr Gravy Mix Roasted Turkey","2.49","0.0","Market Basket","1.2 oz","1.2 oz","15576.jpg","","9"
"3958","Fresh Produce","Fresh Vegetables","Radish","Market Basket","Horseradish Root","","Horseradish Root","5.62","0.0","Market Basket","1 count","1 count","FP73.jpg","","20"
"32915","Breakfast & Dairy","Dairy & Eggs","Yogurt","Market Basket","Market Basket Greek Nonfat Yogurt Strawberry ","","Market Basket Greek Nonfat Yogurt Strawberry ","3.75","0.0","Market Basket","5.3 oz","5.3 oz","X553.jpg","","1"
"7208","Cooking Needs","Spices & Seasonings","Spices & Seasonings","Concord Foods","Concord Foods Guacamole Mix Mild","","Concord Foods Guacamole Mix Mild","1.09","0.0","Market Basket","1.1 oz","1.1 oz","15666.jpg","","9"
"4690","Meat & Seafood","Canned Meat & Seafood","Canned Tuna","StarKistÃÂ®","StarKistÃÂ® StarKist Chunk Light Tuna In Sunflower Oil","","StarKistÃÂ® StarKist Chunk Light Tuna In Sunflower Oil","3.09","0.0","Market Basket","6.4 oz","6.4 oz","5210.jpg","","2"
"7897","Cooking Needs","Canned Food","Canned Meat & Seafood","StarKist","Tuna Creations Ranch","","Tuna Creations Ranch","1.69","0.0","Market Basket","2.6 oz","2.6 oz","5208.jpg","","2"
"30555","Cooking Needs","Baking & Cooking","Flour","Bob's Red Mill","Bob's Red Mill Grain Free Cassava Flour Great For Baking ","039978001788","Bob's Red Mill Grain Free Cassava Flour Great For Baking ","8.74","0.0","Market Basket","20 oz","20 oz","X5263.jpg","","3"
"33084","Breakfast & Dairy","Cereal","Cereal","Market Basket ","Market Basket Honey Nut Toasted Oats","049705004890","Market Basket Honey Nut Toasted Oats","2.5","0.0","Market Basket","12.25 oz","12.25 oz","X3395.jpg","","5"
"33280","Condiments & Dressings","Pickled Goods & Olives","Peppers","Mezzetta ","Mezzetta Snice 1935 Family Co Sweet Cherry Peppers Mild ","073214001156","Mezzetta Snice 1935 Family Co Sweet Cherry Peppers Mild ","3.74","0.0","Market Basket","16 fl oz","16 fl oz","X3245.jpg","","2"
"34513","Frozen Food","Frozen Dinners & Entrees","Frozen Meal","Smart Ones","Smart Ones Broccoli Cheddar Roasted Potatoes","025800020119","Smart Ones Broccoli Cheddar Roasted Potatoes","2.5","0.0","Market Basket","9 oz","9 oz","X4196.jpg","","18"
"33765","Breakfast & Dairy","Dairy & Eggs","Yogurt","Yoplait","Oui By Yoplait Maple French Style Yogurt","","Oui By Yoplait Maple French Style Yogurt","1.74","0.0","Market Basket","5 oz","5 oz","X714.jpg","","1"
"5431","Chips, Cookies & Snacks","Candy & Chocolates","Candy & Chocolate","Champion","Charleston Chew Mini Vanilla Chewy Flavored Chocolate Nougats","","Charleston Chew Mini Vanilla Chewy Flavored Chocolate Nougats","1.29","0.0","Market Basket","4 oz","4 oz","14927.jpg","","3"
"32860","Breakfast & Dairy","Breads & Rolls","Bread","Market Basket","Market Basket Butter Bread","049705544433","Market Basket Butter Bread","2.11","0.0","Market Basket","20 oz","20 oz","X2385.jpg","","18"
"5290","Chips, Cookies & Snacks","Chips & Fruit Snacks","Chips & Pretzels","Pringles","Pringles Original Lunch 12 Pack","","Pringles Original Lunch 12 Pack","7.8","0.0","Market Basket","12 x 0.67 oz","12 x 0.67 oz","No Image.jpg","","0"
"31518","Frozen Food","Frozen Pasta","Frozen Pasta","Giosanmi Rama ","Giosanmi Rama Spinch & Ricotta Ravioli Frozen Pasta","","Giosanmi Rama Spinch & Ricotta Ravioli Frozen Pasta","4.99","0.0","Market Basket","10 oz","10 oz","X4673.jpg","","1"
"31136","Pasta & Sauces","Raw Pasta","Raw Pasta","De Cecco","De Cecco Pasta Cavatappi No. 87","024094070879","De Cecco Pasta Cavatappi No. 87","2.08","0.0","Market Basket","1 lb","1 lb","X1545.jpg","","4"
"13573","Breakfast & Dairy","Dairy & Eggs","Other Creams & Cheeses","Kraft","Kraft Philadelphia Jalapeno Cream Cheese Spread","","Kraft Philadelphia Jalapeno Cream Cheese Spread","3.69","0.0","Market Basket","8 oz","8 oz","689.jpg","","1"
"8188","Condiments & Dressings","Marinades, Ketchup & Sauces","Condiments","Gulden's","Gulden's Spicy Brown Mustard","","Gulden's Spicy Brown Mustard","1.59","0.0","Market Basket","12 oz","12 oz","15353.jpg","","2"
"4777","Meat & Seafood","Frozen Meat & Seafood","Frozen Haddock","Market Basket","Frozen Haddock","","Frozen Haddock","16.59","0.0","Market Basket","32 oz","32 oz","Market Basket.jpg","","18"
"13823","Breakfast & Dairy","Dairy & Eggs","Refrigerated Pudding & Desserts","Jell-O","Jell O Ready to Eat Sugar Free Dark Chocolate Pudding Cups","","Jell O Ready to Eat Sugar Free Dark Chocolate Pudding Cups","2.49","0.0","Market Basket","4 x 3.625 oz","4 x 3.625 oz","794.jpg","","19"
"3767","Fresh Produce","Fresh Herbs","Tarragon","Infinite Herbs","Infinite Herbs Tarragon","","Infinite Herbs Tarragon","2.86","0.0","Market Basket","1 oz","1 oz","89.jpg","","20"
"5581","Chips, Cookies & Snacks","Candy & Chocolates","Candy & Chocolate","Sour Patch Kids","Sour Patch Candy","","Sour Patch Candy","1.29","0.0","Market Basket","3.5 oz","3.5 oz","14965.jpg","","3"
"4342","Meat & Seafood","Meat & Seafood Counter","Sausage","Deli","Deli Sliced Liverwurst","","Deli Sliced Liverwurst","5.59","0.0","Market Basket","1 lb","1 lb","No Image.jpg","","22"
"31959","Meat & Seafood","Packaged Meat & Seafood","Bacon","Jones Dairy Farm","Jones Dairy Farm Uncured Turkey Bacon ","","Jones Dairy Farm Uncured Turkey Bacon ","3.74","0.0","Market Basket","8 oz","8 oz","X4463.jpg","","1"
"32209","Breakfast & Dairy","Cereal","Cereal","Kellogg's ","Kellogg's Rice Krispies","038000199943","Kellogg's Rice Krispies","3.13","0.0","Market Basket","12 oz","12 oz","X3381.jpg","","5"
"15176","Personal Care","Personal Needs","Oral Hygiene","Colgate","Colgate Total Anticavity Fluoride and Antigingivitis Toothpaste Clean Mint","","Colgate Total Anticavity Fluoride and Antigingivitis Toothpaste Clean Mint","4.24","1.0","Market Basket","6 oz","6 oz","6386.jpg","","13"
"4806","Meat & Seafood","Frozen Meat & Seafood","Frozen Shrimp","SeaMazz","SeaMazz Cooked Shrimp Ring with Cocktail Sauce","","SeaMazz Cooked Shrimp Ring with Cocktail Sauce","8.59","0.0","Market Basket","10 oz","10 oz","16057.jpg","","18"
"514","Laundry & Paper Goods","Laundry","Laundry Detergent","Market Basket","Market Basket Laundry Detergent High Efficiency","","Market Basket Laundry Detergent High Efficiency","6.86","1.0","Market Basket","100 fl oz","100 fl oz","Market Basket.jpg","","15"
"3466","Fresh Produce","Fresh Fruits","Pear","Market Basket","Large Bartlett Pears","","Large Bartlett Pears","2.19","0.0","Market Basket","1 lb","1 lb","f51.jpg","","20"
"34070","Breakfast & Dairy","Bars & Pastries","Pastries","Pop Tarts","Pop Tarts Unfrosted Brown Sugar Cinnamon","038000222498","Pop Tarts Unfrosted Brown Sugar Cinnamon","2.5","0.0","Market Basket","13.5 oz","13.5 oz","X3502.jpg","","5"
"30017","Condiments & Dressings","Marinades, Ketchup & Sauces","Sauce","Ah-So","Ah So Chinese Style Duck Sauce ","073992001133","Ah So Chinese Style Duck Sauce ","3.13","0.0","Market Basket","10 oz","10 oz","X5389.jpg","","3"
"13716","Breakfast & Dairy","Dairy & Eggs","Packaged Cheese","Market Basket","El Cortijo Manchego Cheese","","El Cortijo Manchego Cheese","13.49","0.0","Market Basket","1 lb","1 lb","Market Basket.jpg","","1"
"33360","Cooking Needs","Canned Food","Canned Fruit & Applesauce","Mott's ","Mott's No Sugar Added Applesause Granny Smith ","","Mott's No Sugar Added Applesause Granny Smith ","2.74","0.0","Market Basket","3.9 oz","3.9 oz","X622.jpg","","3"
"34932","Cooking Needs","Rice & Grains","Instant Rice","Uncle Ben's","Uncle Ben's Ready Rice Rice Long Grain & Wild with Herbs & Seasonings","054800030774","Uncle Ben's Ready Rice Rice Long Grain & Wild with Herbs & Seasonings","2.5","0.0","Market Basket","8.8 oz","8.8 oz","X962.jpg","","4"
"34737","Breakfast & Dairy","Bars & Pastries","Granola Bars","Sunbelt Bakery ","Sunbelt Bakery Banana Oat Granola Bars","024300031014","Sunbelt Bakery Banana Oat Granola Bars","3.13","0.0","Market Basket","8.79 oz","8.79 oz","X3797.jpg","","5"
"33695","Breakfast & Dairy","Dairy & Eggs","Yogurt","Oikos","Oikos Triple Zero Blended Greek Yogurt Strawberry Flavor ","","Oikos Triple Zero Blended Greek Yogurt Strawberry Flavor ","5.49","0.0","Market Basket","32 oz","32 oz","X693.jpg","","1"
"4998","Chips, Cookies & Snacks","Chips & Fruit Snacks","Chips & Pretzels","Utz","Utz Ripples Original Reduced Fat Potato Chips Family Size","","Utz Ripples Original Reduced Fat Potato Chips Family Size","4.69","0.0","Market Basket","9.5 oz","9.5 oz","838.jpg","","0"
"35050","Condiments & Dressings","Pickled Goods & Olives","Dill Spears","Vlasic","Vlasic Kosher Dill Spears Lightly Salted ","054100117205","Vlasic Kosher Dill Spears Lightly Salted ","2.5","0.0","Market Basket","24 fl oz","24 fl oz","X3291.jpg","","2"
"33549","Breakfast & Dairy","Granola & Oats","Granola","Nature's Path ","Nature's Path Orignal Coconut Chia Granola","058449890331","Nature's Path Orignal Coconut Chia Granola","4.99","0.0","Market Basket","12.34 oz","12.34 oz","X3731.jpg","","5"
"4057","Meat & Seafood","Meat & Seafood Counter","Beef","Market Basket","90% Lean Ground Sirloin","","90% Lean Ground Sirloin","6.49","0.0","Market Basket","1 lb","1 lb","16664.jpg","","22"
"5114","Chips, Cookies & Snacks","Cookies & Crackers","Cookies & Cakes","Pepperidge Farm","Pepperidge Farm Montauk Soft Baked Milk Chocolate Cookies","","Pepperidge Farm Montauk Soft Baked Milk Chocolate Cookies","4.69","0.0","Market Basket","8.6 oz","8.6 oz","15017.jpg","","6"
"5515","Chips, Cookies & Snacks","Candy & Chocolates","Candy & Chocolate","M&M's","M&M's Milk Chocolate Chocolate Candies Medium Bag","","M&M's Milk Chocolate Chocolate Candies Medium Bag","3.69","0.0","Market Basket","14 oz","14 oz","1002.jpg","","3"
"8773","Condiments & Dressings","Preserved Dips & Spreads","Preserved Dips & Salsa","Santa Barbara","Santa Barbara Medium Salsa","","Santa Barbara Medium Salsa","3.09","0.0","Market Basket","24 oz","24 oz","15591.jpg","","1"
"10013","Frozen Food","Ice Cream & Ice","Ice Cream & Ice","Edy's/dreyer's","Edy's/Dreyer's Mint Chocolate Chip Ice Cream","","Edy's/Dreyer's Mint Chocolate Chip Ice Cream","3.69","0.0","Market Basket","1.5 quart","1.5 quart","3024.jpg","","21"
"34240","Breakfast & Dairy","Granola & Oats","Cup Oatmeal","Quaker","Quaker Honey & Almonds","030000319574","Quaker Honey & Almonds","1.25","0.0","Market Basket","1.76 oz","1.76 oz","X3615.jpg","","5"
"5065","Chips, Cookies & Snacks","Cookies & Crackers","Cookies & Cakes","Lu","Lu Digestive Biscuits","","Lu Digestive Biscuits","4.69","0.0","Market Basket","5.29 oz","5.29 oz","No Image.jpg","","6"
"33009","Pasta & Sauces","Raw Pasta","Raw Pasta","Market Basket","Market Basket Pasta Ziti","049795032671","Market Basket Pasta Ziti","1.25","0.0","Market Basket","16 oz","16 oz","X1664.jpg","","4"
"5513","Chips, Cookies & Snacks","Candy & Chocolates","Candy & Chocolate","M&M's","M&M's Milk Chocolate","","M&M's Milk Chocolate","3.69","0.0","Market Basket","11.4 oz","11.4 oz","1008.jpg","","3"
"8082","Cooking Needs","Canned Food","Soup, Broth & Bouillon","Nongshim","Nongshim Shin Ramyun Noodles (Case)","","Nongshim Shin Ramyun Noodles (Case)","1.29","0.0","Market Basket","4.2 oz","4.2 oz","17184.jpg","","9"
"8550","Cooking Needs","Oils & Vinegars","Oils & Vinegars","Mazola","Mazola Vegetable Plus! Oil","","Mazola Vegetable Plus! Oil","4.69","0.0","Market Basket","40 fl oz","40 fl oz","15524.jpg","","2"
"4695","Meat & Seafood","Canned Meat & Seafood","Canned Tuna","StarKistÃÂ®","StarKistÃÂ® StarKist Solid White Albacore Tuna In Water","","StarKistÃÂ® StarKist Solid White Albacore Tuna In Water","1.59","0.0","Market Basket","5 oz","5 oz","5200.jpg","","2"
"8317","Condiments & Dressings","Fresh Dips & Tapenades","Fresh Dips & Tapenades","Joseph's","Josephs Spinach & Onion Dip","","Josephs Spinach & Onion Dip","3.69","0.0","Market Basket","12 oz","12 oz","17325.jpg","","1"
"6662","Beverages & Juices","Juices & Refrigerated Drinks","Refrigerated Drinks","Simply","Simply Orange PULP FREE  fruit  NOT FROM CONCENTRATE 100% Orange JUICE","","Simply Orange PULP FREE  fruit  NOT FROM CONCENTRATE 100% Orange JUICE","3.74","0.0","Market Basket","52 fl oz","52 fl oz","X770.jpg","","1"
"10159","Frozen Food","Ice Cream & Ice","Ice Cream & Ice","Market Basket","Market Basket Cookies N Creme Ice Cream","","Market Basket Cookies N Creme Ice Cream","3.09","0.0","Market Basket","1.5 quart","1.5 quart","Market Basket.jpg","","21"
"625","Laundry & Paper Goods","Paper Goods","Wipes","Scotties","Scotties everyday comfort","","Scotties everyday comfort","2.86","1.0","Market Basket","230 count","230 count","No Image.jpg","","14"
"30567","Cooking Needs","Baking & Cooking","Flour","Bob's Red Mill","Bob's Red Mill Organic Whole Grain Quinoa Flour Good Source Of Fiber ","039978033208","Bob's Red Mill Organic Whole Grain Quinoa Flour Good Source Of Fiber ","11.24","0.0","Market Basket","18 oz","18 oz","X5275.jpg","","3"
"10169","Frozen Food","Ice Cream & Ice","Ice Cream & Ice","Market Basket","Market Basket Light Ice Cream Vanilla","","Market Basket Light Ice Cream Vanilla","2.49","0.0","Market Basket","1.75 quart","1.75 quart","Market Basket.jpg","","21"
"3723","Fresh Produce","Fresh Fruits","Strawberries","Market Basket","Florida Star Strawberries","","Florida Star Strawberries","6.23","0.0","Market Basket","16 oz","16 oz","FP17.jpg","","20"
"9780","Frozen Food","Frozen Produce","Frozen Produce","Birds Eye","Birds Eye Steamfresh Roasted Red Potatoes with Chive Butter Sauce Vegetables","","Birds Eye Steamfresh Roasted Red Potatoes with Chive Butter Sauce Vegetables","2.49","0.0","Market Basket","12 oz","12 oz","2462.jpg","","19"
"31414","Beverages & Juices","Energy & Sports Drinks","Energy & Sports Drinks","Gatorade","Gatorade Frost Thirst Quencher Rain Berry","052000324310","Gatorade Frost Thirst Quencher Rain Berry","1.25","0.0","Market Basket","32 fl oz","32 fl oz","X2661.jpg","","10"
"13784","Breakfast & Dairy","Dairy & Eggs","Packaged Cheese","Olympiana","Olympiana 100% Greek Feta Cheese","","Olympiana 100% Greek Feta Cheese","6.09","0.0","Market Basket","14.1 oz","14.1 oz","Market Basket.jpg","","1"
"31810","Meat & Seafood","Packaged Meat & Seafood","Bacon","Hormel ","Hormel Black Lable Maple Bacon","","Hormel Black Lable Maple Bacon","6.24","0.0","Market Basket","12 oz","12 oz","X4453.jpg","","1"
"6123","Beverages & Juices","Soft Drinks & Seltzers","Soft Drinks","Fanta","Fanta Orange Zero Sugar","","Fanta Orange Zero Sugar","1.24","0.0","Market Basket","2 L","2 L","No Image.jpg","","17"
"32217","Breakfast & Dairy","Cereal","Cup Cereal","Kellogg's ","Kellogg's Apple Jacks ","038000863509","Kellogg's Apple Jacks ","1.25","0.0","Market Basket","1.5 oz","1.5 oz","X3643.jpg","","5"
"6837","Cooking Needs","Baking & Cooking","Baking Ingredients","Fisher","Fisher Walnuts Halves & Pieces","","Fisher Walnuts Halves & Pieces","5.49","0.0","Market Basket","10 oz","10 oz","15701.jpg","","8"
"31299","Frozen Food","Frozen Dinners & Entrees","Frozen Appetizers & Sides","Feel Good Foods","Feel Good Foods Chicken Egg Rolls","899039002068","Feel Good Foods Chicken Egg Rolls","5.49","0.0","Market Basket","9 oz","9 oz","X4806.jpg","","19"
"5934","Beverages & Juices","Tea, Coffee, Milk & Coconut Water","Single To-Go Coffee","Snickers","Snickers Chocolate Lowfat Milk","","Snickers Chocolate Lowfat Milk","3.74","0.0","Market Basket","14 fl oz","14 fl oz","No Image.jpg","","17"
"13534","Breakfast & Dairy","Dairy & Eggs","Milk","Stonyfield Organic","Stonyfield Organic Low Fat Milk","","Stonyfield Organic Low Fat Milk","4.89","0.0","Market Basket","0.5 gal","0.5 gal","525.jpg","","1"
"13670","Breakfast & Dairy","Dairy & Eggs","Packaged Cheese","Chevrine","Chevrine Fresh Goat Cheese Natural","","Chevrine Fresh Goat Cheese Natural","6.09","0.0","Market Basket","8 oz","8 oz","Market Basket.jpg","","1"
"31302","Chips, Cookies & Snacks","Candy & Chocolates","Candy & Chocolate","Ferrero Rocher","Ferrero Rocher The Golden Experience Fine Hazelnut Chocolates","","Ferrero Rocher The Golden Experience Fine Hazelnut Chocolates","4.99","0.0","Market Basket","5.3 oz","5.3 oz","X264.jpg","","3"
"31961","Meat & Seafood","Packaged Meat & Seafood","Liverwurst","Jones Dairy Farm","Jones Dairy Farm Sliced Barunschweiger Liverwurst ","","Jones Dairy Farm Sliced Barunschweiger Liverwurst ","3.36","0.0","Market Basket","8 oz","8 oz","X4513.jpg","","1"
"13742","Breakfast & Dairy","Dairy & Eggs","Packaged Cheese","Market Basket","Market Basket Medium Cheddar Cheese Block","","Market Basket Medium Cheddar Cheese Block","6.09","0.0","Market Basket","24 oz","24 oz","Market Basket.jpg","","1"
"6654","Beverages & Juices","Tea, Coffee, Milk & Coconut Water","Coconut Water","Purity Organic","Purity Organic Purity Organic Coconut Water","","Purity Organic Purity Organic Coconut Water","5.49","0.0","Market Basket","33.8 fl oz","33.8 fl oz","16515.jpg","","7"
"32942","Cooking Needs","Canned Food","Canned Fruit & Applesauce","Market Basket","Market Basket Appleasuce Cinnamon Naturally Fat Free ","","Market Basket Appleasuce Cinnamon Naturally Fat Free ","2.86","0.0","Market Basket","24 oz","24 oz","X544.jpg","","3"
"6422","Chips, Cookies & Snacks","Chips & Fruit Snacks","Rice Cake","Quaker","Quaker Rice Cakes Chocolate Crunch","","Quaker Rice Cakes Chocolate Crunch","2.5","0.0","Market Basket","7.23 oz","7.23 oz","1196.jpg","","6"
"30720","Personal Care","Vitamins & Proteins","Protien Powders","Bulletproof ","Bulletproof Unflavored Collagen Protein ","815709023133","Bulletproof Unflavored Collagen Protein ","37.49","0.0","Market Basket","17.6 oz","17.6 oz","X5207.jpg","","3"
"3905","Fresh Produce","Fresh Vegetables","Onion","Auerpak","Auerpak Brand Cipolline Onions","","Auerpak Brand Cipolline Onions","3.21","0.0","Market Basket","8 oz","8 oz","14432.jpg","","20"
"30409","Chips, Cookies & Snacks","Chips & Fruit Snacks","Fruit & Vegetable Snacks","Betty Crocker","Fruit By The Foot Fruit Flavored Snacks BerryTie-Dye ","016000277007","Fruit By The Foot Fruit Flavored Snacks BerryTie-Dye ","2.5","0.0","Market Basket","4.5 oz","4.5 oz","X5174.jpg","","19"
"33897","Condiments & Dressings","Pickled Goods & Olives","Peppers","Pastene","Pastene Imported Since 1874 Fire Chipotle  Peppers ","066086100850","Pastene Imported Since 1874 Fire Chipotle  Peppers ","2.49","0.0","Market Basket","7 fl oz","7 fl oz","X2325.jpg","","2"
"7755","Cooking Needs","Canned Food","Canned Meals & Beans","Goya","Goya Pinto Beans","","Goya Pinto Beans","2.19","0.0","Market Basket","29 oz","29 oz","5118.jpg","","7"
"7733","Cooking Needs","Canned Food","Canned Meals & Beans","Eden","Eden Foods Organic Garbanzo Beans, No Salt Added","","Eden Foods Organic Garbanzo Beans, No Salt Added","3.09","0.0","Market Basket","15 oz","15 oz","17134.jpg","","9"
"8129","Cooking Needs","Canned Food","Soup, Broth & Bouillon","Swanson","Swanson 100% Natural Unsalted Beef Broth","","Swanson 100% Natural Unsalted Beef Broth","3.09","0.0","Market Basket","32 oz","32 oz","5396.jpg","","9"
"30447","Breakfast & Dairy","Pancake & Waffle Mix","Pancake & Waffle Mix","Bob's Red Mill","Bob's Red Mill Gluten Free Pancake Mix","039978114624","Bob's Red Mill Gluten Free Pancake Mix","4.99","0.0","Market Basket","24 oz","24 oz","X3162.jpg","","2"
"13434","Breakfast & Dairy","Dairy & Eggs","Eggs","Market Basket","Market Basket Pure Whites 100% Liquid Egg Whites","","Market Basket Pure Whites 100% Liquid Egg Whites","6.09","0.0","Market Basket","32 oz","32 oz","Market Basket.jpg","","1"
"6622","Beverages & Juices","Juices & Refrigerated Drinks","Refrigerated Drinks","Naked","Naked Pure Fruit Strawberry Banana Juice Smoothie","","Naked Pure Fruit Strawberry Banana Juice Smoothie","3.69","0.0","Market Basket","15.2 fl oz","15.2 fl oz","3849.jpg","","20"
"35128","Pasta & Sauces","Instant Pasta","Instant Pasta","Wisconsin's Finest","Wisconsin's Finest Organic White Cheddar Shells Macaroni & Cheese","080364188255","Wisconsin's Finest Organic White Cheddar Shells Macaroni & Cheese","2.5","0.0","Market Basket","6 oz","6 oz","X1234.jpg","","4"
"5897","Beverages & Juices","Tea, Coffee, Milk & Coconut Water","Single To-Go Coffee","StarBucks","Starbucks Tripleshot Energy Caramel","","Starbucks Tripleshot Energy Caramel","3.36","0.0","Market Basket","15 fl oz","15 fl oz","No Image.jpg","","17"
"9421","Frozen Food","Frozen Dinners & Entrees","Frozen Meal","Birds Eye","Birds Eye Veggie Made Rotini Marinara Vegetable Pasta","","Birds Eye Veggie Made Rotini Marinara Vegetable Pasta","3.89","0.0","Market Basket","10 oz","10 oz","2787.jpg","","19"
"9820","Frozen Food","Frozen Produce","Frozen Produce","Green Giant","Green Giant Pasta, Broccoli, Carrots & Cheese Sauce, Family Size","","Green Giant Pasta, Broccoli, Carrots & Cheese Sauce, Family Size","3.69","0.0","Market Basket","24 oz","24 oz","2448.jpg","","19"
"32718","Condiments & Dressings","Salad Dressings & Toppings","Salad Dressing & Toppings","Maple Grove Farms","Maple Grove Farms of Vermont Fat Free Wasabi Dijon Dressing","","Maple Grove Farms of Vermont Fat Free Wasabi Dijon Dressing","3.11","0.0","Market Basket","8 fl oz","8 fl oz","X497.jpg","","2"
"33793","Pasta & Sauces","Pasta Sauce","Pasta Sauce","Paesana","Paesana Pasta Sauce Tomato Basil","076050170406","Paesana Pasta Sauce Tomato Basil","7.49","0.0","Market Basket","40 oz","40 oz","X1533.jpg","","4"
"7777","Cooking Needs","Canned Food","Canned Meals & Beans","Kuner's","Kuner's Refried Black Beans","","Kuner's Refried Black Beans","2.09","0.0","Market Basket","15.5 oz","15.5 oz","17125.jpg","","2"
"30847","Pasta & Sauces","Pasta Sauce","Pasta Sauce","Casa Visco","Casa Visco Italian Style Spaghetti Sauce","081319819309","Casa Visco Italian Style Spaghetti Sauce","4.99","0.0","Market Basket","32 oz","32 oz","X1508.jpg","","4"
"35152","Condiments & Dressings","Marinades, Ketchup & Sauces","Sauces","Woeber's","Woeber's Sandwich Pal Snice 1905 horseradish Sauce Made With Fresh Ground Horseradish ","074680000841","Woeber's Sandwich Pal Snice 1905 horseradish Sauce Made With Fresh Ground Horseradish ","3.75","0.0","Market Basket","15 oz","15 oz","X2144.jpg","","2"
"32530","Frozen Food","Frozen Pasta","Frozen Pasta","Lean Cuisine ","Lean Cuisine Alfredo Pasta with Chicken & Broccoli","013800174192","Lean Cuisine Alfredo Pasta with Chicken & Broccoli","2.5","0.0","Market Basket","10 oz","10 oz","X4225.jpg","","18"
"9151","Frozen Food","Frozen Dinners & Entrees","Frozen Appetizers & Sides","Market Basket","Market Basket Shoestring Potatoes","","Market Basket Shoestring Potatoes","1.89","0.0","Market Basket","24 oz","24 oz","Market Basket.jpg","","18"
"30653","Cooking Needs","Oils & Vinegars","Oils & Vinegars","Bragg ","Bragg Liquid Aminaos Soy Sauce All Prupose Seasons From Soy Protein","","Bragg Liquid Aminaos Soy Sauce All Prupose Seasons From Soy Protein","5.61","0.0","Market Basket","16 fl oz","16 fl oz","X1790.jpg","","2"
"32571","Frozen Food","Frozen Pasta","Frozen Pasta","Life Cuisine ","Life Cuisine Ricotta & Spinach Meatless Meatballs Pasta Bowl","013800418197","Life Cuisine Ricotta & Spinach Meatless Meatballs Pasta Bowl","4.36","0.0","Market Basket","11 oz","11 oz","X4250.jpg","","18"
"30724","Cooking Needs","Canned Food","Baked Beans","Bush's","Bush's Best Since 1908 Homestyle Brown Sugar Hickory Baked Beans ","","Bush's Best Since 1908 Homestyle Brown Sugar Hickory Baked Beans ","1.25","0.0","Market Basket","8.3 oz","8.3 oz","X1819.jpg","","2"
"34671","Frozen Food","Frozen Dinners & Entrees","Frozen Meal","Stouffer's ","Stouffer's Lasagna With Meat & Sauce","013800558121","Stouffer's Lasagna With Meat & Sauce","4.36","0.0","Market Basket","19 oz","19 oz","X4285.jpg","","18"
"14479","Breakfast & Dairy","Tea & Coffee","Coffee","StarBucks","Starbucks Decaf House Blend Medium Roast Ground Coffee","","Starbucks Decaf House Blend Medium Roast Ground Coffee","9.79","0.0","Market Basket","12 oz","12 oz","3315.jpg","","8"
"6860","Cooking Needs","Baking & Cooking","Baking Ingredients","Hershey's","Hershey's Milk Chocolate Chips","","Hershey's Milk Chocolate Chips","2.49","0.0","Market Basket","11.5 oz","11.5 oz","2372.jpg","","8"
"6311","Beverages & Juices","Water","Sparkling Water","Poland Spring","Poland Spring Sparkling Water, Raspberry Lime","","Poland Spring Sparkling Water, Raspberry Lime","3.74","0.0","Market Basket","8 x 16.9 fl oz","8 x 16.9 fl oz","No Image.jpg","","11"
"8114","Cooking Needs","Canned Food","Soup, Broth & Bouillon","Progresso","Progresso Soup, Traditional, Chicken and Herb Dumplings Soup","","Progresso Soup, Traditional, Chicken and Herb Dumplings Soup","2.79","0.0","Market Basket","18.5 oz","18.5 oz","5277.jpg","","9"
"30130","Pasta & Sauces","Instant Pasta","Instant Pasta","Annie's ","Annies Homegrown Penne & 4 Cheese with a blend of aged cheddar, Monetery jack, Parmesan & Ricotta Cheesy Macaroni & Cheese","013562300167","Annies Homegrown Penne & 4 Cheese with a blend of aged cheddar, Monetery jack, Parmesan & Ricotta Cheesy Macaroni & Cheese","1.88","0.0","Market Basket","5.5 oz","5.5 oz","X1219.jpg","","4"
"31065","Pasta & Sauces","Pasta Sauce","Pasta Sauce","Cucina and Amore","Cucina and Amore Bruchetta Olive Medley","728119098830","Cucina and Amore Bruchetta Olive Medley","4.99","0.0","Market Basket","7.9 oz","7.9 oz","X1418.jpg","","4"
"7876","Cooking Needs","Canned Food","Canned Meat & Seafood","Roland","Roland Escargots Very Large Snails","","Roland Escargots Very Large Snails","4.89","0.0","Market Basket","7.75 oz","7.75 oz","5245.jpg","","2"
"33448","Condiments & Dressings","Honey, Syrup & Nectars","Honey","Nature Nates","Nature Nates Raw & Unfiltered Honey","038778830321","Nature Nates Raw & Unfiltered Honey","12.49","0.0","Market Basket","32 oz","32 oz","X3182.jpg","","2"
"33371","Condiments & Dressings","Salad Dressings & Toppings","Croutons","Mrs Cubbison's ","Mrs Cubbison's Classic Seasoned Croutons ","","Mrs Cubbison's Classic Seasoned Croutons ","1.49","0.0","Market Basket","5 oz","5 oz","X1753.jpg","","2"
"30495","Cooking Needs","Rice & Grains","Grains, Rice & Dried Goods","Bob's Red Mill","Bob's Red Mill Organic Whole Grain Red Bulgur Gluten Free Non GMO The traditional grain of Middle East","039978111241","Bob's Red Mill Organic Whole Grain Red Bulgur Gluten Free Non GMO The traditional grain of Middle East","4.74","0.0","Market Basket","24 oz","24 oz","X1083.jpg","","4"
"31118","Breakfast & Dairy","Breads & Rolls","Bagels","Dave's Killer Bread","Dave's Killer Bread Organic Bagels Plain Awsome","013764028012","Dave's Killer Bread Organic Bagels Plain Awsome","6.61","0.0","Market Basket","16.75 oz","16.75 oz","X2428.jpg","","18"
"31817","Meat & Seafood","Packaged Meat & Seafood","Turkey","Hormel ","Hormel Natural Choice Applewood Smoked Garlic & Herb Turkey Breast ","","Hormel Natural Choice Applewood Smoked Garlic & Herb Turkey Breast ","4.99","0.0","Market Basket","6 oz","6 oz","X4504.jpg","","1"
"31589","Frozen Food","Frozen Fruit & Juice","Frozen Fruit","Goya","Goya Fruta Guanabana Pulp","041331090810","Goya Fruta Guanabana Pulp","2.49","0.0","Market Basket","14 oz","14 oz","X4434.jpg","","18"
"6585","Beverages & Juices","Juices & Refrigerated Drinks","Refrigerated Drinks","Dole","Dole Strawberry Kiwi 100% Juice","","Dole Strawberry Kiwi 100% Juice","3.59","0.0","Market Basket","59 fl oz","59 fl oz","3880.jpg","","1"
"7021","Cooking Needs","Baking & Cooking","Doughs, Gelatins & Bake Mixes","Pillsbury","Pillsbury Pizza Crust Thin Crust","","Pillsbury Pizza Crust Thin Crust","2.49","0.0","Market Basket","11 oz","11 oz","2029.jpg","","1"
"14916","Personal Care","Feminine Care","Tampon","Tampax","Tampax Pearl, Regular, Plastic Tampons, Unscented","","Tampax Pearl, Regular, Plastic Tampons, Unscented","6.31","1.0","Market Basket","18 count","18 count","6509.jpg","","13"
"9342","Frozen Food","Frozen Dessert","Frozen Dessert","Hershey's","Edwards Hershey's Chocolate CrÃÂ©me Pie","","Edwards Hershey's Chocolate CrÃÂ©me Pie","7.39","0.0","Market Basket","25.5 oz","25.5 oz","2973.jpg","","19"
"13307","Breakfast & Dairy","Dairy & Eggs","Butter","Land O' Lakes","Land O' Lakes Unsalted Butter Sticks","","Land O' Lakes Unsalted Butter Sticks","4.59","0.0","Market Basket","4 x 1 lb","4 x 1 lb","620.jpg","","1"
"9761","Frozen Food","Frozen Produce","Frozen Produce","Birds Eye","Birds Eye Broccoli Florets, Cauliflower & Carrots","","Birds Eye Broccoli Florets, Cauliflower & Carrots","2.49","0.0","Market Basket","1 lb","1 lb","2423.jpg","","19"
"32850","Breakfast & Dairy","Breads & Rolls","Bread","Market Basket","Market Basket Rasin Bread","049705811214","Market Basket Rasin Bread","2.5","0.0","Market Basket","16 oz","16 oz","X2375.jpg","","18"
"33599","Condiments & Dressings","Salad Dressings & Toppings","Salad Dressing & Toppings","Newmen's Own","Newmen's Own Organics Ranch Dressing","020662003744","Newmen's Own Organics Ranch Dressing","4.11","0.0","Market Basket","12 fl oz","12 fl oz","X648.jpg","","2"
"33677","Beverages & Juices","Juices & Refrigerated Drinks","Juice & Nectars","Ocean Spray","Ocean Spray Cran Grape Juice Drink from Concentrate","031200202987","Ocean Spray Cran Grape Juice Drink from Concentrate","5.36","0.0","Market Basket","3 L","3 L","X2843.jpg","","10"
"10043","Frozen Food","Ice Cream & Ice","Ice Cream & Ice","Friendly's","Friendly's Premium Ice Cream Mint Chocolate Chip","","Friendly's Premium Ice Cream Mint Chocolate Chip","3.69","0.0","Market Basket","1.5 quart","1.5 quart","3046.jpg","","21"
"14383","Breakfast & Dairy","Tea & Coffee","Coffee","Gevalia","Gevalia House Blend Ground Arabica Coffee","","Gevalia House Blend Ground Arabica Coffee","7.39","0.0","Market Basket","12 oz","12 oz","16297.jpg","","8"
"7761","Cooking Needs","Canned Food","Canned Meals & Beans","Goya","Goya Red Kidney Beans","","Goya Red Kidney Beans","1.09","0.0","Market Basket","15.5 oz","15.5 oz","5094.jpg","","7"
"34604","Cooking Needs","Oils & Vinegars","Oils & Vinegars","Spectrum","Spectrum Culinary Partners In Cooking Organic Canola Oil Expeller Pressed ReFind Hight Heat ","022506137103","Spectrum Culinary Partners In Cooking Organic Canola Oil Expeller Pressed ReFind Hight Heat ","8.49","0.0","Market Basket","16 oz","16 oz","X1954.jpg","","2"
"32940","Cooking Needs","Canned Food","Canned Fruit & Applesauce","Market Basket","Market Basket  No Sugar Added  Applesuac Apple Naturally Fat Free Unsweetened  ","","Market Basket  No Sugar Added  Applesuac Apple Naturally Fat Free Unsweetened  ","2.86","0.0","Market Basket","23 oz","23 oz","X542.jpg","","3"
"9978","Frozen Food","Ice Cream & Ice","Ice Cream & Ice","Breyer's","Breyers Frozen Dairy Dessert Chocolate Chip Cookie Dough","","Breyers Frozen Dairy Dessert Chocolate Chip Cookie Dough","4.09","0.0","Market Basket","48 oz","48 oz","17999.jpg","","21"
"13630","Breakfast & Dairy","Dairy & Eggs","Packaged Cheese","Cabot","Cabot American Cheese Food","","Cabot American Cheese Food","2.69","0.0","Market Basket","12 oz","12 oz","180.jpg","","1"
"4786","Meat & Seafood","Frozen Meat & Seafood","Frozen Shrimp","Market Basket","Market Basket 8 12 Per Pound Shell On Extra Colossal Shrimp","","Market Basket 8 12 Per Pound Shell On Extra Colossal Shrimp","36.59","0.0","Market Basket","32 oz","32 oz","Market Basket.jpg","","18"
"4929","Chips, Cookies & Snacks","Chips & Fruit Snacks","Chips & Pretzels","Smartfood","Smartfood White Cheddar","","Smartfood White Cheddar","6.23","0.0","Market Basket","10 x 0.62 oz","10 x 0.62 oz","No Image.jpg","","0"
"32792","Chips, Cookies & Snacks","Candy & Chocolates","Candy & Chocolate","Market Basket","Market Basket Sea Salt Caramel 53% Cacao Premium Dark Chocolate ","","Market Basket Sea Salt Caramel 53% Cacao Premium Dark Chocolate ","1.88","0.0","Market Basket","3.5 oz","3.5 oz","X508.jpg","","3"
"6108","Beverages & Juices","Soft Drinks & Seltzers","Soft Drinks","Crush","Crush Orange Diet Soda","","Crush Orange Diet Soda","2.5","0.0","Market Basket","2 L","2 L","16628.jpg","","17"
"4632","Meat & Seafood","Canned Meat & Seafood","Canned Tuna","Bumble Bee","Bumble Bee Chunk Light Tuna In Water","","Bumble Bee Chunk Light Tuna In Water","1.29","0.0","Market Basket","5 oz","5 oz","5187.jpg","","2"
"4758","Meat & Seafood","Frozen Meat & Seafood","Frozen Shrimp","41/50","41/50 Count Previously Frozen Raw Shrimp","","41/50 Count Previously Frozen Raw Shrimp","13.69","0.0","Market Basket","1 lb","1 lb","No Image.jpg","","18"
"35023","Condiments & Dressings","Marinades, Ketchup & Sauces","Sauce","Viet Huong","Viet Huong Fish Sauce","050561846326","Viet Huong Fish Sauce","6.24","0.0","Market Basket","24 fl oz","24 fl oz","X3221.jpg","","2"
"15006","Personal Care","Personal Needs","Deodorants","Arm & Hammer","Arm & Hammer Fresh Rosemary Lavender Deodorant","","Arm & Hammer Fresh Rosemary Lavender Deodorant","4.82","1.0","Market Basket","2.5 oz","2.5 oz","6317.jpg","","13"
"6136","Beverages & Juices","Soft Drinks & Seltzers","Soft Drinks","Market Basket","Market Basket Orange Soda","","Market Basket Orange Soda","1.1","0.0","Market Basket","2 L","2 L","Market Basket.jpg","","17"
"13901","Breakfast & Dairy","Dairy & Eggs","Soy & Lactose-Free","Parmalat","Parmalat Whole Milk Vitamin D","","Parmalat Whole Milk Vitamin D","3.99","0.0","Market Basket","1 count","1 count","14795.jpg","","1"
"31143","Frozen Food","Frozen Breakfast","Frozen Pancakes","De Wafelbakkers ","De Wafelbakkers Buttermilk Mini Pancakes","679844104429","De Wafelbakkers Buttermilk Mini Pancakes","3.36","0.0","Market Basket","5.2 oz","5.2 oz","X5067.jpg","","19"
"6010","Beverages & Juices","Energy & Sports Drinks","Energy & Sports Drinks","Mountain Dew","Mountain Dew Kickstart Black Cherry","","Mountain Dew Kickstart Black Cherry","2.49","0.0","Market Basket","16 fl oz","16 fl oz","3784.jpg","","17"
"6412","Beverages & Juices","Water","Sparkling Water","Spindrift","Spindrift Sparkling Water Lime","","Spindrift Sparkling Water Lime","6.24","0.0","Market Basket","8 x 12 fl oz","8 x 12 fl oz","No Image.jpg","","11"
"14350","Breakfast & Dairy","Tea & Coffee","Coffee","Chock Full O' Nuts","Chock Full O' Nuts 100% Colombian Medium Ground Coffee","","Chock Full O' Nuts 100% Colombian Medium Ground Coffee","4.89","0.0","Market Basket","10.3 oz","10.3 oz","16302.jpg","","8"
"34274","Frozen Food","Frozen Dessert","Frozen Dessert","Quality Farms ","Quality Farms Whipped Topping ","811271001111","Quality Farms Whipped Topping ","2.49","0.0","Market Basket","8 oz","8 oz","X4969.jpg","","19"
"10278","Frozen Food","Ice Cream & Ice","Ice Cream & Ice","Yasso","Yasso Frozen Greek Yogurt, Vanilla Bean Bars","","Yasso Frozen Greek Yogurt, Vanilla Bean Bars","4.89","0.0","Market Basket","4 x 3.5 oz","4 x 3.5 oz","18004.jpg","","21"
"9880","Frozen Food","Frozen Produce","Frozen Produce","Market Basket","Market Basket Quick And Steamy Mixed Vegetables","","Market Basket Quick And Steamy Mixed Vegetables","1.29","0.0","Market Basket","12 oz","12 oz","Market Basket.jpg","","19"
"6946","Cooking Needs","Baking & Cooking","Doughs, Gelatins & Bake Mixes","Betty Crocker","Betty Crocker Wild Blueberry Muffin and Quick Bread Mix","","Betty Crocker Wild Blueberry Muffin and Quick Bread Mix","4.89","0.0","Market Basket","16.9 oz","16.9 oz","2085.jpg","","8"
"4525","Meat & Seafood","Lunch Meat","Ham","Smithfield","Smithfield Hardwood Smoked Ham","","Smithfield Hardwood Smoked Ham","31.9","0.0","Market Basket","Approx: 10.0 lb at $3.19/lb","Approx: 10.0 lb at $3.19/lb","No Image.jpg","","22"
"258","Kitchen & Cleaning","Dish Detergents","Dishwasher Detergent","Cascade","Cascade Complete Lemon ActionPacs Dishwasher Detergent","","Cascade Complete Lemon ActionPacs Dishwasher Detergent","9.19","1.0","Market Basket","15.8 oz","15.8 oz","4336.jpg","","15"
"7942","Cooking Needs","Canned Food","Soup, Broth & Bouillon","Campbell's","Campbell's Condensed Campbell's Condensed 98% Fat Free Cream of Chicken Soup","","Campbell's Condensed Campbell's Condensed 98% Fat Free Cream of Chicken Soup","2.09","0.0","Market Basket","10.5 oz","10.5 oz","5306.jpg","","2"
"3774","Fresh Produce","Fresh Organic Fruits","Banana","Market Basket","Organic Bananas","","Organic Bananas","0.47","0.0","Market Basket","1 count","1 count","14243.jpg","","20"
"5317","Chips, Cookies & Snacks","Cookies & Crackers","Cookies & Cakes","Oreo","Oreo Chocolate Peanut Butter Pie Cookie Fmily Size","","Oreo Chocolate Peanut Butter Pie Cookie Fmily Size","5.47","0.0","Market Basket","482 g","482 g","No Image.jpg","","6"
"8130","Cooking Needs","Canned Food","Soup, Broth & Bouillon","Swanson","Swanson 50% Less Sodium Beef Broth","","Swanson 50% Less Sodium Beef Broth","1.29","0.0","Market Basket","14.5 oz","14.5 oz","5398.jpg","","2"
"34396","Pasta & Sauces","Raw Pasta","Raw Pasta","Riesa","Riesa Egg Noodles Porcini Mushroom","822160333640","Riesa Egg Noodles Porcini Mushroom","3.74","0.0","Market Basket","12.3 oz","12.3 oz","X1590.jpg","","4"
"13937","Breakfast & Dairy","Dairy & Eggs","Specialty Cheeses","BelGioioso","BelGioioso Cheese Provolone Extra Sharp","","BelGioioso Cheese Provolone Extra Sharp","4.29","0.0","Market Basket","8 oz","8 oz","5461.jpg","","1"
"302","Kitchen & Cleaning","Food Storage & Kitchen Supplies","Multi Purpose Pans","Hefty","Hefty Ez Foil 13 1/4 In. X 9 5/8 In. X 2 3/4 In. All-Purpose Pan","","Hefty Ez Foil 13 1/4 In. X 9 5/8 In. X 2 3/4 In. All-Purpose Pan","3.09","1.0","Market Basket","1 count","1 count","4463.jpg","","12"
"14699","Personal Care","Body Wash, Soap & Hair Care","Body Wash","Ivory","Ivory Simply Ivory Body Wash","","Ivory Simply Ivory Body Wash","3.21","1.0","Market Basket","12 oz","12 oz","No Image.jpg","","13"
"7022","Cooking Needs","Baking & Cooking","Doughs, Gelatins & Bake Mixes","Pillsbury","Pillsbury Premium Cake Mix Strawberry","","Pillsbury Premium Cake Mix Strawberry","1.49","0.0","Market Basket","15.25 oz","15.25 oz","2035.jpg","","8"
"8181","Condiments & Dressings","Marinades, Ketchup & Sauces","Condiments","Goya","Goya Hot Sauce Salsa Picante","","Goya Hot Sauce Salsa Picante","1.29","0.0","Market Basket","6 fl oz","6 fl oz","1579.jpg","","7"
"6684","Beverages & Juices","Juices & Refrigerated Drinks","Refrigerated Drinks","Turkey Hill","Turkey Hill Raspberry Tea","","Turkey Hill Raspberry Tea","1.89","0.0","Market Basket","0.5 gal","0.5 gal","3873.jpg","","1"
"7728","Cooking Needs","Canned Food","Canned Meals & Beans","Del Monte","Del Monte Fresh Cut French Style Green Beans No Salt Added","","Del Monte Fresh Cut French Style Green Beans No Salt Added","1.09","0.0","Market Basket","14.5 oz","14.5 oz","5184.jpg","","2"
"33155","Condiments & Dressings","Salad Dressings & Toppings","Salad Dressing & Toppings","Market Basket ","Marke Basket Great as a Dip Honey Mustard Dressing","049705014998","Marke Basket Great as a Dip Honey Mustard Dressing","2.24","0.0","Market Basket","16 fl oz","16 fl oz","X597.jpg","","2"
"5018","Chips, Cookies & Snacks","Chips & Fruit Snacks","Chips & Pretzels","Wise","Wise BBQ Flavored Potato Chips","","Wise BBQ Flavored Potato Chips","4.69","0.0","Market Basket","8.75 oz","8.75 oz","948.jpg","","0"
"32922","Breakfast & Dairy","Dairy & Eggs","Yogurt","Market Basket","Market Basket Greek Nonfat Yogurt Coconut ","","Market Basket Greek Nonfat Yogurt Coconut ","3.75","0.0","Market Basket","5.3 oz","5.3 oz","X560.jpg","","1"
"15287","Personal Care","Vitamins & Proteins","Protien Drinks","Boost","Boost Plus Very Vanilla","","Boost Plus Very Vanilla","13.33","1.0","Market Basket","6 x 8 fl oz","6 x 8 fl oz","6749.jpg","","13"
"33991","Breakfast & Dairy","Breads & Rolls","Buns","Pepperidge Farm","Pepperidge Farm 12 Butter Slider Buns","014100049791","Pepperidge Farm 12 Butter Slider Buns","4.36","0.0","Market Basket","15 oz","15 oz","X2507.jpg","","18"
"7368","Cooking Needs","Spices & Seasonings","Spices & Seasonings","Nu-Salt","Nu Salt Salt Substitute","","Nu Salt Salt Substitute","2.19","0.0","Market Basket","3 oz","3 oz","15652.jpg","","9"
"15131","Personal Care","Personal Needs","Facial Wipes","Yes To Cucumbers","Yes To Cucumbers Soothing Facial Wipes","","Yes To Cucumbers Soothing Facial Wipes","7.58","1.0","Market Basket","30 count","30 count","17740.jpg","","13"
"9768","Frozen Food","Frozen Produce","Frozen Produce","Birds Eye","Birds Eye Southland Butternut Squash","","Birds Eye Southland Butternut Squash","1.99","0.0","Market Basket","12 oz","12 oz","2420.jpg","","19"
"31441","Breakfast & Dairy","Bars & Pastries","Cereal Bars","General Mills","General Mills Cinnamon Toast Crunch Treats Cereal Bars","016000467853","General Mills Cinnamon Toast Crunch Treats Cereal Bars","3.75","0.0","Market Basket","8 x 0.85 oz","8 x 0.85 oz","X3851.jpg","","5"
"33621","Breakfast & Dairy","Dairy & Eggs","Yogurt","Noosa","Noosa raspberry","","Noosa raspberry","2.5","0.0","Market Basket","8 oz","8 oz","X669.jpg","","1"
"33144","Condiments & Dressings","Pickled Goods & Olives","Pickles","Market Basket ","Market Basket Sweet Bread & Butter Chips ","049705018606","Market Basket Sweet Bread & Butter Chips ","1.88","0.0","Market Basket","16 fl oz","16 fl oz","X3288.jpg","","2"
"7704","Cooking Needs","Canned Food","Canned Meals & Beans","Bush's Best","Bush's Best Light Red Kidney Beans","","Bush's Best Light Red Kidney Beans","1.29","0.0","Market Basket","16 oz","16 oz","5144.jpg","","2"
"9339","Frozen Food","Frozen Dessert","Frozen Dessert","Edwards","Edwards Limited Edition Creme Pie Pumpkin","","Edwards Limited Edition Creme Pie Pumpkin","7.39","0.0","Market Basket","25.9 oz","25.9 oz","16064.jpg","","19"
"35263","Richardson's Farm Ice Cream","Ice Cream","Vanilla","Richarson's Farm","Richarson's Farm Totally Turtle Ice Cream 16% Butterfat","","Vanilla ice cream with cashews, pieces of fudge and a caramel twirl","32.99","0.0","Richardson's Farm","3 Gal. Tub","3 Gal. Tub","RichardsonsFarm.jpg","",""
"32547","Condiments & Dressings","Pickled Goods & Olives","Pickled Goods & Olives","Levant ","Levant Mediterranean Delicacies Tabouli Mediterranean Salad Mix All Natural","","Levant Mediterranean Delicacies Tabouli Mediterranean Salad Mix All Natural","3.74","0.0","Market Basket","16.6 fl oz","16.6 fl oz","X2287.jpg","","2"
"13718","Breakfast & Dairy","Dairy & Eggs","Packaged Cheese","Market Basket","Field Roast Grain Meat Chao Vegan Slices Tomato Cayenne","","Field Roast Grain Meat Chao Vegan Slices Tomato Cayenne","4.89","0.0","Market Basket","7 oz","7 oz","14616.jpg","","20"
"13755","Breakfast & Dairy","Dairy & Eggs","Packaged Cheese","Market Basket","Market Basket Provolone Cheese Slices","","Market Basket Provolone Cheese Slices","2.69","0.0","Market Basket","8 oz","8 oz","Market Basket.jpg","","1"
"6879","Cooking Needs","Baking & Cooking","Baking Ingredients","Market Basket","Market Basket Cotton Swabs","","Market Basket Cotton Swabs","2.49","0.0","Market Basket","375 count","375 count","Market Basket.jpg","","8"
"6944","Cooking Needs","Baking & Cooking","Doughs, Gelatins & Bake Mixes","Betty Crocker","Betty Crocker Super Moist Devil's Food Cake Mix","","Betty Crocker Super Moist Devil's Food Cake Mix","1.49","0.0","Market Basket","15.25 oz","15.25 oz","2077.jpg","","8"
"6968","Cooking Needs","Baking & Cooking","Doughs, Gelatins & Bake Mixes","Jell-O","Jell O Cherry Sugar Free Low Calorie Gelatin Dessert Mix","","Jell O Cherry Sugar Free Low Calorie Gelatin Dessert Mix","0.99","0.0","Market Basket","0.3 oz","0.3 oz","2070.jpg","","8"
"15087","Personal Care","Personal Needs","Eye & Ear Care","Visine","Visine Advanced Redness + Irritation Relief Lubricant/Redness Reliever Eye Drops","","Visine Advanced Redness + Irritation Relief Lubricant/Redness Reliever Eye Drops","7.0","1.0","Market Basket","0.5 fl oz","0.5 fl oz","6472.jpg","","13"
"3652","Fresh Produce","Fresh Fruits","Clementine","Market Basket","Mandarin/Clementine Bag","","Mandarin/Clementine Bag","9.19","0.0","Market Basket","5 lb","5 lb","FP25.jpg","","20"
"4269","Meat & Seafood","Packaged Meat & Seafood","Salmon","Ruby Bay","Ruby Bay All Natural Smoked Salmon","","Ruby Bay All Natural Smoked Salmon","6.89","0.0","Market Basket","3 oz","3 oz","4130.jpg","","22"
"14540","Breakfast & Dairy","Tea & Coffee","Tea","Bigelow ","Bigelow Vanilla Caramel Black Tea","","Bigelow Vanilla Caramel Black Tea","3.69","0.0","Market Basket","20 x 1.73 oz","20 x 1.73 oz","3430.jpg","","8"
"31443","Breakfast & Dairy","Bars & Pastries","Cereal Bars","General Mills","General Mills Reese's Puff Treats Cereal Bars","016000144811","General Mills Reese's Puff Treats Cereal Bars","3.75","0.0","Market Basket","8 x 0.85 oz","8 x 0.85 oz","X3853.jpg","","5"
"9111","Frozen Food","Frozen Dinners & Entrees","Frozen Appetizers & Sides","Coleman","Coleman Breaded Chicken Breast Nuggets","","Coleman Breaded Chicken Breast Nuggets","5.79","0.0","Market Basket","0.5 lb","0.5 lb","15844.jpg","","18"
"4373","Meat & Seafood","Meat & Seafood Counter","Turkey","Shady Brook Farms","Shady Brooks Farms Ground Turkey","","Shady Brooks Farms Ground Turkey","4.09","0.0","Market Basket","1 lb","1 lb","16681.jpg","","22"
"32592","Beverages & Juices","Tea, Coffee, Milk & Coconut Water","Tea","Lipton","Lipton Iced Tea Lemon","012000012730","Lipton Iced Tea Lemon","6.24","0.0","Market Basket","12 x 16.9 fl oz","12 x 16.9 fl oz","X3027.jpg","","10"
"30355","Breakfast & Dairy","Granola & Oats","Granola","Bear Naked ","Bear Naked Granola Chocolate ","884623469662","Bear Naked Granola Chocolate ","4.74","0.0","Market Basket","12 oz","12 oz","X3779.jpg","","5"
"30779","Pasta & Sauces","Instant Pasta","Instant Pasta","Campbell's","Campbell's Sphagetti Sphagetti in Tomato Sauce & cheese ","051000232823","Campbell's Sphagetti Sphagetti in Tomato Sauce & cheese ","1.25","0.0","Market Basket","15.8 oz","15.8 oz","X1256.jpg","","4"
"13536","Breakfast & Dairy","Dairy & Eggs","Milk","Stonyfield Organic","Stonyfield Organic Organic Reduced Fat Milk","","Stonyfield Organic Organic Reduced Fat Milk","4.99","0.0","Market Basket","0.5 gal","0.5 gal","526.jpg","","1"
"34156","Personal Care","Vitamins & Proteins","Protien Powders","Premier Protien ","Premier Protien Caramel ","643843715047","Premier Protien Caramel ","9.99","0.0","Market Basket","44 fl oz","44 fl oz","X5185.jpg","","3"
"30356","Breakfast & Dairy","Granola & Oats","Granola","Bear Naked ","Bear Naked Granola Toasted Coconut Almond ","884623102408","Bear Naked Granola Toasted Coconut Almond ","4.74","0.0","Market Basket","12 oz","12 oz","X3780.jpg","","5"
"30681","Condiments & Dressings","Salad Dressings & Toppings","Salad Dressing & Toppings","Briannas ","Briannas Organic Mango Vinaigrette Dressing","","Briannas Organic Mango Vinaigrette Dressing","6.24","0.0","Market Basket","12 fl oz","12 fl oz","X81.jpg","","2"
"4893","Chips, Cookies & Snacks","Chips & Fruit Snacks","Chips & Pretzels","Market Basket","Market Basket No Salt Potato Chips","","Market Basket No Salt Potato Chips","3.13","0.0","Market Basket","9.5 oz","9.5 oz","Market Basket.jpg","","0"
"34120","Beverages & Juices","Energy & Sports Drinks","Energy & Sports Drinks","Powerade","Powerade Zero Sugar Sports Drink Mixed Berry","049000079326","Powerade Zero Sugar Sports Drink Mixed Berry","1.1","0.0","Market Basket","28 fl oz","28 fl oz","X2701.jpg","","10"
"15014","Personal Care","Personal Needs","Deodorants","Axe","Axe Body Spray For Men Essence","","Axe Body Spray For Men Essence","7.0","1.0","Market Basket","4 oz","4 oz","6292.jpg","","13"
"13425","Breakfast & Dairy","Dairy & Eggs","Eggs","Market Basket","Market Basket Eggs","","Market Basket Eggs","2.09","0.0","Market Basket","12 count","12 count","Market Basket.jpg","","1"
"40","Kitchen & Cleaning","Air Fresheners & Candles","Air Freshener","Air Wick","Air Wick Cool Linen & White Lilac Air Freshener","","Air Wick Cool Linen & White Lilac Air Freshener","1.49","1.0","Market Basket","8 oz","8 oz","4211.jpg","","15"
"4889","Chips, Cookies & Snacks","Chips & Fruit Snacks","Chips & Pretzels","Market Basket","Market Basket Classic Potato Chips","","Market Basket Classic Potato Chips","3.13","0.0","Market Basket","10 oz","10 oz","Market Basket.jpg","","0"
"31984","Beverages & Juices","Juices & Refrigerated Drinks","Juice & Nectars","Juicy Juice","Juicy Juice Organics Apple 100% Juice","889497000539","Juicy Juice Organics Apple 100% Juice","4.11","0.0","Market Basket","48 fl oz","48 fl oz","X2862.jpg","","10"
"4306","Meat & Seafood","Meat & Seafood Counter","Pollock","Market Basket","Market Basket Pollock Fillets","","Market Basket Pollock Fillets","7.39","0.0","Market Basket","Approx: 1.00 lb at $7.39/lb","Approx: 1.00 lb at $7.39/lb","4069.jpg","","22"
"617","Laundry & Paper Goods","Paper Goods","Wipes","Puffs","Puffs Ultra Soft Comforts Needy Noses","","Puffs Ultra Soft Comforts Needy Noses","2.74","1.0","Market Basket","124 count","124 count","No Image.jpg","","14"
"6959","Cooking Needs","Baking & Cooking","Doughs, Gelatins & Bake Mixes","Duncan Hines","Duncan Hines Signature Spice Cake Cake Mix","","Duncan Hines Signature Spice Cake Cake Mix","1.89","0.0","Market Basket","16.5 oz","16.5 oz","2095.jpg","","8"
"15029","Personal Care","Personal Needs","Deodorants","Dove","Dove Antiperspirant Deodorant Powder","","Dove Antiperspirant Deodorant Powder","2.86","1.0","Market Basket","1.6 oz","1.6 oz","18128.jpg","","13"
"33458","Breakfast & Dairy","Bars & Pastries","Chewy Bars","Nature Valley ","Nature Valley Protien Chewy Bars Salted Caremel Nut","016000412699","Nature Valley Protien Chewy Bars Salted Caremel Nut","4.36","0.0","Market Basket","5 x 1.42 oz","5 x 1.42 oz","X3827.jpg","","5"
"13349","Breakfast & Dairy","Dairy & Eggs","Cream","Hood","Hood Half & Half, Fat Free","","Hood Half & Half, Fat Free","2.39","0.0","Market Basket","1 count","1 count","574.jpg","","1"
"13981","Breakfast & Dairy","Dairy & Eggs","Specialty Cheeses","President","President Triple Creme Brie","","President Triple Creme Brie","9.79","0.0","Market Basket","1 per lb","1 per lb","Market Basket.jpg","","1"
"5552","Chips, Cookies & Snacks","Candy & Chocolates","Candy & Chocolate","Milk Duds","Milk Duds Candy","","Milk Duds Candy","1.29","0.0","Market Basket","5 oz","5 oz","14944.jpg","","3"
"6538","Chips, Cookies & Snacks","Nuts, Seeds & Dried Fruit","Nuts, Seeds & Dried Fruit","Market Basket","Market Basket Sun Dried Raisins","","Market Basket Sun Dried Raisins","3.11","0.0","Market Basket","12 oz","12 oz","Market Basket.jpg","","6"
"235","Kitchen & Cleaning","Dish Detergents","Dish Liquid","Dawn","Dawn Dishwashing Liquid Dish Soap, Refreshing Rain","","Dawn Dishwashing Liquid Dish Soap, Refreshing Rain","3.74","1.0","Market Basket","18 fl oz","18 fl oz","18059.jpg","","15"
"32740","Frozen Food","Frozen Dinners & Entrees","Frozen Meal","Marie Callender's","Marie Callender's Italiano Lasagna ","021131905385","Marie Callender's Italiano Lasagna ","3.13","0.0","Market Basket","10.5 oz","10.5 oz","X4045.jpg","","18"
"4173","Meat & Seafood","Packaged Meat & Seafood","Beef","Market Basket","Market Basket Certified Angus Beef Prime Boneless Rib Eye Steak","","Market Basket Certified Angus Beef Prime Boneless Rib Eye Steak","21.49","0.0","Market Basket","1 lb","1 lb","Market Basket.jpg","","22"
"9177","Frozen Food","Frozen Dinners & Entrees","Frozen Appetizers & Sides","Ore-Ida","Ore Ida Potatoes O'Brien with Onions & Peppers","","Ore Ida Potatoes O'Brien with Onions & Peppers","3.09","0.0","Market Basket","28 oz","28 oz","2570.jpg","","18"
"4882","Chips, Cookies & Snacks","Chips & Fruit Snacks","Ready Popcorn","Lay's","Lay's Poppables Sea Salt & Vinegar Crispy Potato Bites","","Lay's Poppables Sea Salt & Vinegar Crispy Potato Bites","3.91","0.0","Market Basket","5 oz","5 oz","No Image.jpg","","0"
"14727","Personal Care","Body Wash, Soap & Hair Care","Hair Care","Garnier","Garnier Fructis Creation Mousse Curl Construct","","Garnier Fructis Creation Mousse Curl Construct","4.82","1.0","Market Basket","6.8 fl oz","6.8 fl oz","6619.jpg","","13"
"14633","Breakfast & Dairy","Tea & Coffee","Tea","Twinings","Twinings of London 100% Pure Black Tea K Cup Pods English Breakfast","","Twinings of London 100% Pure Black Tea K Cup Pods English Breakfast","8.59","0.0","Market Basket","12 count","12 count","3447.jpg","","8"
"34284","Beverages & Juices","Juices & Refrigerated Drinks","Juice & Nectars","R.W. Knudsen","R.W. Knudsen Organic Pear Juice 100% Juice from Concentrate","074682107043","R.W. Knudsen Organic Pear Juice 100% Juice from Concentrate","6.24","0.0","Market Basket","32 fl oz","32 fl oz","X2897.jpg","","10"
"12733","Breakfast & Dairy","Breads & Rolls","Bread","Market Basket","Olive Loaf","","Olive Loaf","6.09","0.0","Market Basket","1 lb","1 lb","Market Basket.jpg","","18"
"8308","Condiments & Dressings","Fresh Dips & Tapenades","Hommus","Joseph's","Joseph's Hommus Original","","Joseph's Hommus Original","4.29","0.0","Market Basket","16 oz","16 oz","5520.jpg","","1"
"5654","Chips, Cookies & Snacks","Candy & Chocolates","Mint & Gum","Gum","Juicy Fruit Original Bubble Gum multi","","Juicy Fruit Original Bubble Gum multi","3.09","0.0","Market Basket","15 ct","15 ct","15337.jpg","","3"
"30925","Breakfast & Dairy","Dairy & Eggs","Yogurt","Chobani","Chobani Greek Yogurt Non-Fat Plain ","","Chobani Greek Yogurt Non-Fat Plain ","4.36","0.0","Market Basket","5.3 oz","5.3 oz","X132.jpg","","1"
"33681","Beverages & Juices","Juices & Refrigerated Drinks","Juice & Nectars","Ocean Spray","Ocean Spray Sparkling Cranberry Juice Beverage 4 pack","031200013576","Ocean Spray Sparkling Cranberry Juice Beverage 4 pack","4.61","0.0","Market Basket","4 x 11.5 fl oz","4 x 11.5 fl oz","X2847.jpg","","10"
"15303","Personal Care","Vitamins & Proteins","Protien Drinks","MET-Rx","MET-Rx Protein Plus RTD 51 Creamy Vanilla","","MET-Rx Protein Plus RTD 51 Creamy Vanilla","4.24","1.0","Market Basket","15 fl oz","15 fl oz","17857.jpg","","13"
"30876","Pasta & Sauces","Instant Pasta","Instant Pasta","Chef Boyardee","Chef Boyardee Beefaroni past in tomato & meat sauce","064144043026","Chef Boyardee Beefaroni past in tomato & meat sauce","1.25","0.0","Market Basket","15 oz","15 oz","X1244.jpg","","4"
"8574","Cooking Needs","Oils & Vinegars","Oils & Vinegars","Smart Balance","Smart Balance Cholesterol Free Vegetable Oil Blend","","Smart Balance Cholesterol Free Vegetable Oil Blend","5.19","0.0","Market Basket","48 fl oz","48 fl oz","15479.jpg","","2"
"33253","Pasta & Sauces","Pasta Sauce","Pasta Sauce","Mezzetta","Mezzetta Pasta Sauce Three Cheese","073214009503","Mezzetta Pasta Sauce Three Cheese","5.49","0.0","Market Basket","25 oz","25 oz","X1428.jpg","","4"
"6648","Beverages & Juices","Juices & Refrigerated Drinks","Refrigerated Drinks","POM Wonderful","POM Wonderful 100% Juice, Pomegranate Blueberry","","POM Wonderful 100% Juice, Pomegranate Blueberry","12.19","0.0","Market Basket","48 oz","48 oz","16549.jpg","","20"
"9772","Frozen Food","Frozen Produce","Frozen Produce","Birds Eye","Birds Eye Steamfresh Brussels Sprouts","","Birds Eye Steamfresh Brussels Sprouts","3.69","0.0","Market Basket","12 oz","12 oz","2466.jpg","","19"
"31316","Breakfast & Dairy","Breads & Rolls","Bread","Fiber One","Fiber One Honey Wheat Bread","835841005101","Fiber One Honey Wheat Bread","4.36","0.0","Market Basket","16 oz","16 oz","X2569.jpg","","18"
"30542","Cooking Needs","Baking & Cooking","Baking Mix","Bob's Red Mill","Bob's Red Mill Browinie Mix ","039978114648","Bob's Red Mill Browinie Mix ","6.24","0.0","Market Basket","21 oz","21 oz","X5250.jpg","","3"
"34964","Beverages & Juices","Juices & Refrigerated Drinks","Juice & Nectars","V8","V8 Original Vegetable Juice","051000000200","V8 Original Vegetable Juice","3.74","0.0","Market Basket","6 x 5.5 fl oz","6 x 5.5 fl oz","X3120.jpg","","10"
"14772","Personal Care","Body Wash, Soap & Hair Care","Hair Care","Pantene","Pantene Pro-V Classic Clean Conditioner","","Pantene Pro-V Classic Clean Conditioner","6.66","1.0","Market Basket","12 fl oz","12 fl oz","18171.jpg","","13"
"7510","Cooking Needs","Canned Food","Canned & Jarred Vegetables","Market Basket","Market Basket Italian Style Stewed Tomatoes In Tomato Juice","","Market Basket Italian Style Stewed Tomatoes In Tomato Juice","0.89","0.0","Market Basket","14.5 oz","14.5 oz","Market Basket.jpg","","9"
"34652","Frozen Food","Frozen Dinners & Entrees","Frozen Meal","Stouffer's ","Stouffer's Turkey Tetrazzini","013800447906","Stouffer's Turkey Tetrazzini","3.36","0.0","Market Basket","12 oz","12 oz","X4266.jpg","","18"
"32636","Cooking Needs","Rice & Grains","Grains, Rice & Dried Goods","Lundberg Family Farms","LundBerg Jubilee Rice Gluten Free Whole Grain","073416003255","LundBerg Jubilee Rice Gluten Free Whole Grain","4.99","0.0","Market Basket","16 oz","16 oz","X1106.jpg","","4"
"12782","Breakfast & Dairy","Breads & Rolls","Bread","Stonefire","Stonefire Organic Naan Original 2 PK","","Stonefire Organic Naan Original 2 PK","4.29","0.0","Market Basket","8.8 oz","8.8 oz","16982.jpg","","18"
"10144","Frozen Food","Ice Cream & Ice","Ice Cream & Ice","Magnum","Magnum Ice Cream Bars Double Caramel","","Magnum Ice Cream Bars Double Caramel","4.29","0.0","Market Basket","3 x 3.38 fl oz","3 x 3.38 fl oz","17991.jpg","","21"
"13296","Breakfast & Dairy","Dairy & Eggs","Butter","Kate's Creamery","Kate's Creamery 100% Pure Butter Sea Salted","","Kate's Creamery 100% Pure Butter Sea Salted","3.29","0.0","Market Basket","8 oz","8 oz","662.jpg","","1"
"9963","Frozen Food","Ice Cream & Ice","Ice Cream & Ice","Ben & Jerry's","Ben & Jerry's Non dairy Frozen Dessert Cherry Garcia","","Ben & Jerry's Non dairy Frozen Dessert Cherry Garcia","5.39","0.0","Market Basket","16 oz","16 oz","18031.jpg","","21"
"13291","Breakfast & Dairy","Dairy & Eggs","Butter","I Can't Believe It's Not Butter","I Can't Believe It's Not Butter Buttery Spread Original","","I Can't Believe It's Not Butter Buttery Spread Original","3.29","0.0","Market Basket","7.5 oz","7.5 oz","633.jpg","","1"
"33713","Condiments & Dressings","Salad Dressings & Toppings","Croutons","Olive Garden ","Olive Garden Italian Kitchen Signature Recipe Croutons Garlic & Romano","","Olive Garden Italian Kitchen Signature Recipe Croutons Garlic & Romano","2.88","0.0","Market Basket","5 oz","5 oz","X1758.jpg","","2"
"30193","Meat & Seafood","Packaged Meat & Seafood","Ham","Armour","Armour Ham Cracker Cruchers ","","Armour Ham Cracker Cruchers ","1.24","0.0","Market Basket","2.44 oz","2.44 oz","X4552.jpg","","1"
"15031","Personal Care","Personal Needs","Deodorants","Dry Idea","Dry Idea Advanced Dry Clear Gel Unscented Antiperspirant & Deodorant","","Dry Idea Advanced Dry Clear Gel Unscented Antiperspirant & Deodorant","5.39","1.0","Market Basket","3 fl oz","3 fl oz","17693.jpg","","13"
"14438","Breakfast & Dairy","Tea & Coffee","Coffee","New England Coffee","New England Coffee Breakfast Blend Ground Coffee","","New England Coffee Breakfast Blend Ground Coffee","12.19","0.0","Market Basket","24 oz","24 oz","3366.jpg","","8"
"3713","Fresh Produce","Fresh Fruits","Plantain","Market Basket","Plantain","","Plantain","0.68","0.0","Market Basket","1 count","1 count","14214.jpg","","20"
"6460","Chips, Cookies & Snacks","Jerkies","Jerky","Vermont","Vermont Original Beef & Pork Sticks","","Vermont Original Beef & Pork Sticks","6.24","0.0","Market Basket","3 oz","3 oz","No Image.jpg","","6"
"3793","Fresh Produce","Fresh Organic Fruits","Strawberries","Market Basket","Fresh Organic Strawberry","","Fresh Organic Strawberry","8.5","0.0","Market Basket","16 oz container","16 oz container","18.jpg","","20"
"14909","Personal Care","Feminine Care","Tampon","Tampax","Tampax Cardboard Tampons Regular","","Tampax Cardboard Tampons Regular","8.5","1.0","Market Basket","40 count","40 count","6505.jpg","","13"
"14662","Personal Care","Body Wash, Soap & Hair Care","Body Lotion","Aveeno","AveenoÂ® Skin Relief 24 Hour Moisturizing Lotion","","AveenoÂ® Skin Relief 24 Hour Moisturizing Lotion","12.64","1.0","Market Basket","12 fl oz","12 fl oz","17761.jpg","","13"
"7859","Cooking Needs","Canned Food","Canned Meat & Seafood","King Oscar","King Oscar Sardines In Extra Virgin Olive Oil","","King Oscar Sardines In Extra Virgin Olive Oil","3.69","0.0","Market Basket","3.75 oz","3.75 oz","5232.jpg","","2"
"32292","Condiments & Dressings","Marinades, Ketchup & Sauces","Sauce","Kikkoman ","Kikkoman Less Sodium Soy Sause ","041390001055","Kikkoman Less Sodium Soy Sause ","2.5","0.0","Market Basket","10 fl oz","10 fl oz","X5353.jpg","","3"
"34906","Beverages & Juices","Juices & Refrigerated Drinks","Refrigerated Drinks","Tropicana ","Tropicana TWISTER Watermelon flavored drink with other natural flavored","","Tropicana TWISTER Watermelon flavored drink with other natural flavored","1.88","0.0","Market Basket","59 fl oz","59 fl oz","X861.jpg","","1"
"15162","Personal Care","Personal Needs","Oral Hygiene","Colgate","Colgate Cavity Protection Toothpaste, Anticavity Fluoride, Great Regular Flavor","","Colgate Cavity Protection Toothpaste, Anticavity Fluoride, Great Regular Flavor","2.86","1.0","Market Basket","6 oz","6 oz","6378.jpg","","13"
"6851","Cooking Needs","Baking & Cooking","Baking Ingredients","Goya","Goya Coarse Yellow Corn Meal","","Goya Coarse Yellow Corn Meal","1.99","0.0","Market Basket","24 oz","24 oz","2353.jpg","","8"
"32435","Condiments & Dressings","Marinades, Ketchup & Sauces","Sauce","La Choy ","La Choy Teriyaki Stir Fry Sauce Marinade ","044300120839","La Choy Teriyaki Stir Fry Sauce Marinade ","3.24","0.0","Market Basket","14.50 oz","14.50 oz","X5371.jpg","","3"
"14591","Breakfast & Dairy","Tea & Coffee","Tea","Red Rose","Red Rose Original Full Flavored Black Tea Bags","","Red Rose Original Full Flavored Black Tea Bags","3.09","0.0","Market Basket","40 count","40 count","3532.jpg","","8"
"31241","Cooking Needs","Oils & Vinegars","Oils & Vinegars","Emperor","Emperor Sesame Chili Hot Oil","081652033974","Emperor Sesame Chili Hot Oil","4.36","0.0","Market Basket","6 fl oz","6 fl oz","X3216.jpg","","2"
"31880","Breakfast & Dairy","Dairy & Eggs","Yogurt","Icelandic ","Icelandic Traditional Skyr Provisions Vanilla ","","Icelandic Traditional Skyr Provisions Vanilla ","1.74","0.0","Market Basket","5.3 oz","5.3 oz","X360.jpg","","1"
"4995","Chips, Cookies & Snacks","Chips & Fruit Snacks","Chips & Pretzels","Utz","Utz Potato Stix","","Utz Potato Stix","4.2","0.0","Market Basket","6.5 oz","6.5 oz","847.jpg","","0"
"31003","Condiments & Dressings","Marinades, Ketchup & Sauces","Mustard Sauce","Colman's ","ColMan's Est 1814 Original Norwich Enilish Mustard ","667803000059","ColMan's Est 1814 Original Norwich Enilish Mustard ","3.74","0.0","Market Basket","10.25 oz","10.25 oz","X2164.jpg","","2"
"13515","Breakfast & Dairy","Dairy & Eggs","Milk","McArthur","McArthur Skim Milk","","McArthur Skim Milk","1.69","0.0","Market Basket","32 fl oz","32 fl oz","522.jpg","","1"
"179","Kitchen & Cleaning","Cleaning Products","Other Cleaning Products","Simple Green","Simple Green All-Purpose Cleaner Concentrated","","Simple Green All-Purpose Cleaner Concentrated","3.89","1.0","Market Basket","22 fl oz","22 fl oz","16798.jpg","","15"
"4459","Meat & Seafood","Hot Dogs, Bacon & Sausage","Sausage","Bianco & Sons","Bianco & Sons Breakfast Sausage","","Bianco & Sons Breakfast Sausage","4.59","0.0","Market Basket","16 oz","16 oz","No Image.jpg","","1"
"9847","Frozen Food","Frozen Produce","Frozen Produce","Market Basket","Market Basket Crinkle Cut Carrots","","Market Basket Crinkle Cut Carrots","1.89","0.0","Market Basket","24 oz","24 oz","Market Basket.jpg","","19"
"14454","Breakfast & Dairy","Tea & Coffee","Coffee","Peet's Coffee","Peet's Coffee CafÃÂ© Domingo Medium Roast Ground Coffee","","Peet's Coffee CafÃÂ© Domingo Medium Roast Ground Coffee","10.99","0.0","Market Basket","12 oz","12 oz","3320.jpg","","8"
"5120","Chips, Cookies & Snacks","Cookies & Crackers","Cookies & Cakes","Pepperidge Farm","Pepperidge Farm Santa Cruz Soft Baked Oatmeal Raisin Cookies","","Pepperidge Farm Santa Cruz Soft Baked Oatmeal Raisin Cookies","4.69","0.0","Market Basket","8.6 oz","8.6 oz","15019.jpg","","6"
"32960","Frozen Food","Frozen Dinners & Entrees","Frozen Appetizers & Sides","Market Basket","Market Basket 10 Breaded Fish Fillets","049705696071","Market Basket 10 Breaded Fish Fillets","4.99","0.0","Market Basket","19.4 oz","19.4 oz","X4399.jpg","","18"
"34712","Condiments & Dressings","Preserved Dips & Spreads","Spreads","Sun Butter ","Sun Butter NO Sugar Added Sunflower Butter ","","Sun Butter NO Sugar Added Sunflower Butter ","7.49","0.0","Market Basket","16 oz","16 oz","X816.jpg","","3"
"33954","Breakfast & Dairy","Breads & Rolls","Bread","Pepperidge Farm","Pepperidge Farm Party Appetizers Jeweish Rye Bread","014100077091","Pepperidge Farm Party Appetizers Jeweish Rye Bread","3.74","0.0","Market Basket","12 oz","12 oz","X2521.jpg","","18"
"13925","Breakfast & Dairy","Dairy & Eggs","Soy & Lactose-Free Milk","Lactaid","Lactaid Whole Milk","","Lactaid Whole Milk","4.86","0.0","Market Basket","0.5 gal","0.5 gal","768.jpg","","1"
"10171","Frozen Food","Ice Cream & Ice","Ice Cream & Ice","Market Basket","Market Basket Sparkling Ice","","Market Basket Sparkling Ice","1.29","0.0","Market Basket","5 lb","5 lb","Market Basket.jpg","","21"
"3489","Fresh Produce","Fresh Organic Fruits","Mango","Market Basket","Organic Mango","","Organic Mango","2.19","0.0","Market Basket","1 count","1 count","f82.jpg","","20"
"9844","Frozen Food","Frozen Produce","Frozen Produce","Market Basket","Market Basket Chopped Spinach","","Market Basket Chopped Spinach","1.09","0.0","Market Basket","10 oz","10 oz","Market Basket.jpg","","19"
"4852","Chips, Cookies & Snacks","Chips & Fruit Snacks","Chips & Pretzels","Kettle","Kettle Brand Jalapeno Jack Potato Chips","","Kettle Brand Jalapeno Jack Potato Chips","4.69","0.0","Market Basket","8.5 oz","8.5 oz","14874.jpg","","0"
"32890","Breakfast & Dairy","Granola & Oats","Granola","Market Basket","Market Basket Maple Almond Butter Granola ","049705117859","Market Basket Maple Almond Butter Granola ","3.75","0.0","Market Basket","12 oz","12 oz","X3771.jpg","","5"
"15120","Personal Care","Personal Needs","Facial Care","Oxy","Oxy Acne Medication Cleansing Face Pads Daily Defense","","Oxy Acne Medication Cleansing Face Pads Daily Defense","7.69","1.0","Market Basket","90 count","90 count","17687.jpg","","13"
"35149","Condiments & Dressings","Marinades, Ketchup & Sauces","Mustard Sauce","Woeber's","Woebers Reserve Honey Mastard  ","074680003729","Woebers Reserve Honey Mastard  ","4.36","0.0","Market Basket","3.53 oz","3.53 oz","X2171.jpg","","2"
"14993","Personal Care","First Aid & Healthcare","Muscles, Joints & Pain Relief","Market Basket","Market Basket 81 mg Adult Low Strength Aspirin Coated Tablets","","Market Basket 81 mg Adult Low Strength Aspirin Coated Tablets","4.24","1.0","Market Basket","300 count","300 count","Market Basket.jpg","","13"
"30694","Chips, Cookies & Snacks","Candy & Chocolates","Candy & Chocolate","Bubble gum","America's Original Dubble Bubble Bubble gum ","","America's Original Dubble Bubble Bubble gum ","3.13","0.0","Market Basket","12 oz","12 oz","X86.jpg","","3"
"31786","Breakfast & Dairy","Dairy & Eggs","Eggnog","Hood","Hood LIMITED EDITION PUMPKIN EGGNOG ULTRA - PASTEURIZED made with Real Pumpkin","","Hood LIMITED EDITION PUMPKIN EGGNOG ULTRA - PASTEURIZED made with Real Pumpkin","3.74","0.0","Market Basket","32 fl oz","32 fl oz","X353.jpg","","1"
"6383","Beverages & Juices","Water","Sparkling Water","Polar","Polar Kiwi Pink Grapefruit Sparkling Water","","Polar Kiwi Pink Grapefruit Sparkling Water","1.24","0.0","Market Basket","1 L","1 L","No Image.jpg","","11"
"33311","Cooking Needs","Rice & Grains","Instant Rice","Minute Rice","Minute Organic White & Red Quinoa","017400222611","Minute Organic White & Red Quinoa","2.5","0.0","Market Basket","8.8 oz","8.8 oz","X1006.jpg","","4"
"34718","Condiments & Dressings","Marinades, Ketchup & Sauces","Sauce","Sun Luck","Sun Luck Seasoned Wok Oil All Natural ","048002005852","Sun Luck Seasoned Wok Oil All Natural ","4.99","0.0","Market Basket","10 fl oz","10 fl oz","X5348.jpg","","3"
"32326","Cooking Needs","Rice & Grains","Grains, Rice & Dried Goods","Kitchen & Love","Kitchen & Love Quinoa Quick Cup with Basil pesto Fully Cooked","7.28119E+11","Kitchen & Love Quinoa Quick Cup with Basil pesto Fully Cooked","4.99","0.0","Market Basket","7.9 oz","7.9 oz","X1059.jpg","","4"
"33840","Cooking Needs","Baking & Cooking","Pizza Sauce","Pastene","Pastene California Pizza Sauce ","066086080190","Pastene California Pizza Sauce ","1.88","0.0","Market Basket","15 oz","15 oz","X1323.jpg","","4"
"5858","Richardson's Farm Ice Cream","Ice Cream Toppings","Ice Cream Toppings","Market Basket","Market Basket Strawberry Syrup","","Market Basket Strawberry Syrup","1.89","0.0","Market Basket","22 oz","22 oz","Market Basket.jpg","","20"
"6510","Chips, Cookies & Snacks","Nuts, Seeds & Dried Fruit","Nuts, Seeds & Dried Fruit","True North","True North Almond Pecan Crunch","","True North Almond Pecan Crunch","3.74","0.0","Market Basket","5 oz","5 oz","No Image.jpg","","6"
"32262","Condiments & Dressings","Salad Dressings & Toppings","Salad Dressing & Toppings","Ken's Steak House","Ken's Seak House Peppercorn Ranch Dressing ","041335001348","Ken's Seak House Peppercorn Ranch Dressing ","3.49","0.0","Market Basket","16 fl oz","16 fl oz","X430.jpg","","2"
"5353","Chips, Cookies & Snacks","Cookies & Crackers","Crackers","Austin","Austin Sandwich Crackers Cheddar Cheese on Cheese Crackers","","Austin Sandwich Crackers Cheddar Cheese on Cheese Crackers","7.02","0.0","Market Basket","37.2 oz","37.2 oz","No Image.jpg","","6"
"4314","Meat & Seafood","Meat & Seafood Counter","Pork","Market Basket","Market Basket Center Cut Thick Pork Chops","","Market Basket Center Cut Thick Pork Chops","5.76","0.0","Market Basket","Approx: 1.65 lb at $3.49/lb","Approx: 1.65 lb at $3.49/lb","Market Basket.jpg","","22"
"8988","Condiments & Dressings","Preserved Dips & Spreads","Spreads","Jif","Jif Natural Honey Peanut Butter Creamy","","Jif Natural Honey Peanut Butter Creamy","3.09","0.0","Market Basket","16 oz","16 oz","1655.jpg","","3"
"15010","Personal Care","Personal Needs","Deodorants","Arrid","Arrid Antiperspirant Deodorant Extra Extra Dry Regular Solid","","Arrid Antiperspirant Deodorant Extra Extra Dry Regular Solid","4.82","1.0","Market Basket","2.6 fl oz","2.6 fl oz","17704.jpg","","13"
"7945","Cooking Needs","Canned Food","Soup, Broth & Bouillon","Campbell's","Campbell's Condensed Campbell's Condensed Cheddar Cheese Soup","","Campbell's Condensed Campbell's Condensed Cheddar Cheese Soup","2.19","0.0","Market Basket","10.5 oz","10.5 oz","5318.jpg","","2"
"4088","Meat & Seafood","Meat & Seafood Counter","Beef","Market Basket","Market Basket Beef Rib Eye Select Delmonico Steak","","Market Basket Beef Rib Eye Select Delmonico Steak","12.95","0.0","Market Basket","Approx: 0.97 lb at $13.4/lb","Approx: 0.97 lb at $13.4/lb","Market Basket.jpg","","22"
"313","Kitchen & Cleaning","Food Storage & Kitchen Supplies","Plastic/Cling Wrap","Market Basket","Market Basket Clear Plastic Wrap","","Market Basket Clear Plastic Wrap","1.89","1.0","Market Basket","200 sq ft","200 sq ft","Market Basket.jpg","","12"
"5029","Chips, Cookies & Snacks","Cookies & Crackers","Cookies & Cakes","Annas","Annas Swedish Thins Ginger","","Annas Swedish Thins Ginger","2.34","0.0","Market Basket","5.25 oz","5.25 oz","15022.jpg","","6"
"7997","Cooking Needs","Canned Food","Soup, Broth & Bouillon","Emeril's","Emeril's Organic Beef Stock","","Emeril's Organic Beef Stock","3.09","0.0","Market Basket","32 oz","32 oz","17239.jpg","","2"
"34684","Beverages & Juices","Tea, Coffee, Milk & Coconut Water","Tea","Straight Up Tea","Straight Up Tea Sweet","076183002490","Straight Up Tea Sweet","7.49","0.0","Market Basket","6 x 18.5 fl oz","6 x 18.5 fl oz","X2966.jpg","","10"
"35191","Breakfast & Dairy","Dairy & Eggs","Yogurt","YoCrunch","Yo Crunch Oreo Cookie Pieces","","Yo Crunch Oreo Cookie Pieces","0.94","0.0","Market Basket","6 oz","6 oz","X929.jpg","","1"
"30091","Pasta & Sauces","Gluten Free Pasta","Raw Pasta","Ancient Harvest","Ancient Harvest Protien Organic Pasta Spaghetti Gluten Free","089125250002","Ancient Harvest Protien Organic Pasta Spaghetti Gluten Free","3.74","0.0","Market Basket","8 oz","8 oz","X1567.jpg","","4"
"31268","Breakfast & Dairy","Dairy & Eggs","Yogurt","Fage ","Fage Total 0% Milkfat With Raspberry","","Fage Total 0% Milkfat With Raspberry","1.25","0.0","Market Basket","5.3 oz","5.3 oz","X251.jpg","","1"
"30978","Breakfast & Dairy","Granola & Oats","Granola","Clif","Clif Cinnamon Almond Crunch  Granola","722252922038","Clif Cinnamon Almond Crunch  Granola","5.61","0.0","Market Basket","10 oz","10 oz","X3759.jpg","","5"
"13904","Breakfast & Dairy","Dairy & Eggs","Soy & Lactose-Free","Silk","Silk Dark Chocolate Almondmilk","","Silk Dark Chocolate Almondmilk","3.69","0.0","Market Basket","64 fl oz","64 fl oz","714.jpg","","1"
"5837","Breakfast & Dairy","Bars & Pastries","Protien Bars","thinkThin","Think Thin Salted Caramel Chocolate Dipped Bars","","Think Thin Salted Caramel Chocolate Dipped Bars","1.56","0.0","Market Basket","1.41 oz","1.41 oz","15218.jpg","","3"
"10313","Pasta & Sauces","Raw Pasta","Raw Pasta","Light 'n Fluffy","Light 'N Fluffy Medium Egg Noodles","","Light 'N Fluffy Medium Egg Noodles","3.29","0.0","Market Basket","12 oz","12 oz","17346.jpg","","4"
"7447","Cooking Needs","Canned Food","Canned & Jarred Vegetables","Goya","Goya Peas Green Pigeon","","Goya Peas Green Pigeon","1.49","0.0","Market Basket","15 oz","15 oz","5042.jpg","","9"
"7932","Cooking Needs","Canned Food","Soup, Broth & Bouillon","Campbell's","Campbell's Chunky Sirloin Burger with Country Vegetables Soup Microwavable Bowl","","Campbell's Chunky Sirloin Burger with Country Vegetables Soup Microwavable Bowl","3.09","0.0","Market Basket","15.25 oz","15.25 oz","5351.jpg","","2"
"520","Laundry & Paper Goods","Laundry","Laundry Detergent","Arm & Hammer","Arm & Hammer Plus the Power of OxiClean Stain Fighters Sparkling Waters Laundry Detergent","","Arm & Hammer Plus the Power of OxiClean Stain Fighters Sparkling Waters Laundry Detergent","4.99","1.0","Market Basket","43.75 fl oz","43.75 fl oz","No Image.jpg","","15"
"4185","Meat & Seafood","Packaged Meat & Seafood","Chicken","Market Basket","Market Basket Fresh Roaster Whole Chicken","","Market Basket Fresh Roaster Whole Chicken","5.56","0.0","Market Basket","Approx: 4.00 lb at $1.39/lb","Approx: 4.00 lb at $1.39/lb","Market Basket.jpg","","22"
"15079","Personal Care","Personal Needs","Eye & Ear Care","Re Nu","Re Nu Rewetting Drops","","Re Nu Rewetting Drops","9.19","1.0","Market Basket","0.5 oz","0.5 oz","17799.jpg","","13"
"9331","Frozen Food","Frozen Dessert","Frozen Dessert","Bridgford","Bridgford Bread, Cinnamon, Monkey, Pull Apart","","Bridgford Bread, Cinnamon, Monkey, Pull Apart","4.29","0.0","Market Basket","16 oz","16 oz","16067.jpg","","19"
"14753","Personal Care","Body Wash, Soap & Hair Care","Hair Care","It's a 10","It's a 10 Miracle Leave-In Plus Keratin","","It's a 10 Miracle Leave-In Plus Keratin","24.25","1.0","Market Basket","4 fl oz","4 fl oz","17814.jpg","","13"
"15358","Personal Care","Vitamins & Proteins","Vitamins & Supplements","Sundown Naturals","Sundown Naturals Saw Palmetto Herbal Supplememt","","Sundown Naturals Saw Palmetto Herbal Supplememt","9.19","1.0","Market Basket","100 count","100 count","No Image.jpg","","13"
"10139","Frozen Food","Ice Cream & Ice","Ice Cream & Ice","Luigi's","Luigi's Lemon Strawberry Real Italian Ice","","Luigi's Lemon Strawberry Real Italian Ice","2.49","0.0","Market Basket","6 fl oz","6 fl oz","16082.jpg","","21"
"7452","Cooking Needs","Canned Food","Canned & Jarred Vegetables","Goya","Goya Sauce Tomato","","Goya Sauce Tomato","0.69","0.0","Market Basket","8 oz","8 oz","5048.jpg","","9"
"14780","Personal Care","Body Wash, Soap & Hair Care","Hair Care","Revlon","Revlon Permanent Hair Color, Medium Golden Chestnut Brown 46","","Revlon Permanent Hair Color, Medium Golden Chestnut Brown 46","5.62","1.0","Market Basket","1 count","1 count","17836.jpg","","13"
"9482","Frozen Food","Frozen Dinners & Entrees","Frozen Meal","InnovAsian","InnovAsian Cuisine Chicken Fried Rice","","InnovAsian Cuisine Chicken Fried Rice","6.09","0.0","Market Basket","18 oz","18 oz","15975.jpg","","18"
"14556","Breakfast & Dairy","Tea & Coffee","Tea","Celestial Seasonings","Celestial Seasonings Tea Bags Jammin' Lemon Ginger","","Celestial Seasonings Tea Bags Jammin' Lemon Ginger","3.09","0.0","Market Basket","20 count","20 count","3472.jpg","","8"
"30331","Pasta & Sauces","Raw Pasta","Raw Pasta","Barilla","Barilla Pasta Linguini Fini","076808280180","Barilla Pasta Linguini Fini","1.74","0.0","Market Basket","1 lb","1 lb","X1635.jpg","","4"
"6615","Beverages & Juices","Juices & Refrigerated Drinks","Refrigerated Drinks","Naked","Naked Boosted Blue Machine Juice Smoothie","","Naked Boosted Blue Machine Juice Smoothie","3.69","0.0","Market Basket","15.2 fl oz","15.2 fl oz","3847.jpg","","20"
"5157","Chips, Cookies & Snacks","Cookies & Crackers","Crackers","Blue Diamond","Blue Diamond Nut Thins Nut & Rice Cracker Snacks Almond","","Blue Diamond Nut Thins Nut & Rice Cracker Snacks Almond","4.69","0.0","Market Basket","4.25 oz","4.25 oz","1238.jpg","","6"
"14527","Breakfast & Dairy","Tea & Coffee","Tea","Bigelow ","Bigelow Earl Grey Green Tea","","Bigelow Earl Grey Green Tea","3.09","0.0","Market Basket","1.05 oz","1.05 oz","3407.jpg","","8"
"31258","Frozen Food","Frozen Breakfast","Frozen Burrito","Evol","Evol Bean, Rice and Cheddar Burrito","891627002559","Evol Bean, Rice and Cheddar Burrito","2.11","0.0","Market Basket","6 oz","6 oz","X4815.jpg","","19"
"6831","Cooking Needs","Baking & Cooking","Baking Ingredients","Eagle Brand","Eagle Brand Borden Condensed Milk, Sweetened, Can","","Eagle Brand Borden Condensed Milk, Sweetened, Can","3.09","0.0","Market Basket","14 oz","14 oz","15696.jpg","","8"
"31243","Chips, Cookies & Snacks","Candy & Chocolates","Candy & Chocolate","Endangered Species","Endangered Species Chocolate Cranberries Almonds + Dark Chocolate 72% Cocoa","","Endangered Species Chocolate Cranberries Almonds + Dark Chocolate 72% Cocoa","3.74","0.0","Market Basket","3 oz","3 oz","X242.jpg","","3"
"34692","Condiments & Dressings","Marinades, Ketchup & Sauces","Marinades & Meat Preparation","Stubb's","Stubb's Pork Marinade Chili,Lime & GinGer ","734756002031","Stubb's Pork Marinade Chili,Lime & GinGer ","3.75","0.0","Market Basket","12 oz","12 oz","X2027.jpg","","2"
"4159","Meat & Seafood","Meat & Seafood Counter","Italian Sausage","Market Basket","Market Basket Sweet Italian Sausage","","Market Basket Sweet Italian Sausage","4.39","0.0","Market Basket","1 lb","1 lb","Market Basket.jpg","","22"
"32225","Condiments & Dressings","Salad Dressings & Toppings","Salad Dressing & Toppings","Ken's Steak House","Ken's Steak House Great For Dipping Thousand Island Dressing ,Topping & Spread ","041335001737","Ken's Steak House Great For Dipping Thousand Island Dressing ,Topping & Spread ","4.36","0.0","Market Basket","24 fl oz","24 fl oz","X393.jpg","","2"
"7371","Cooking Needs","Spices & Seasonings","Spices & Seasonings","Old El Paso","Old El Paso Hot and Spicy Taco Seasoning Mix","","Old El Paso Hot and Spicy Taco Seasoning Mix","0.99","0.0","Market Basket","1 oz","1 oz","15640.jpg","","7"
"30441","Cooking Needs","Rice & Grains","Rice","Blue Ribbon","Blue Ribbon Extra Long Grain Enriched Rice Gluten Free ","071771015104","Blue Ribbon Extra Long Grain Enriched Rice Gluten Free ","7.49","0.0","Market Basket","10 lb","10 lb","X1046.jpg","","4"
"30275","Meat & Seafood","Packaged Meat & Seafood","Sausage","Banquet","Banquet Brow'N Serve Lite Original 10 Fully Cooked Sausage Links","","Banquet Brow'N Serve Lite Original 10 Fully Cooked Sausage Links","1.88","0.0","Market Basket","6.4 oz","6.4 oz","X4751.jpg","","1"
"31425","Beverages & Juices","Energy & Sports Drinks","Energy & Sports Drinks","Gatorade","Gatorade Thirst Quencher Orange 8 pack","052000208078","Gatorade Thirst Quencher Orange 8 pack","7.49","0.0","Market Basket","8 x 20 fl oz","8 x 20 fl oz","X2672.jpg","","10"
"6703","Chips, Cookies & Snacks","Cookies & Crackers","Donuts","Entenmann's","Entenmann's Powdered Donuts Pop'ettes","","Entenmann's Powdered Donuts Pop'ettes","3.69","0.0","Market Basket","14 oz","14 oz","6220.jpg","","14"
"31623","Breakfast & Dairy","Dairy & Eggs","Yogurt","Green Valley ","Green Valley Lactose Free Creamery Organic Strawberry LowFat Yogurt ","","Green Valley Lactose Free Creamery Organic Strawberry LowFat Yogurt ","2.11","0.0","Market Basket","6 oz","6 oz","X311.jpg","","1"
"5764","Breakfast & Dairy","Bars & Pastries","Protien Bars","Luna","Luna White Chocolate Macadamia Whole Nutrition Bar","","Luna White Chocolate Macadamia Whole Nutrition Bar","1.25","0.0","Market Basket","1.69 oz","1.69 oz","1296.jpg","","3"
"15206","Personal Care","Personal Needs","Oral Hygiene","Gum","GUM Crayola Pip-Squeaks Ultrasoft Toothbrush","","GUM Crayola Pip-Squeaks Ultrasoft Toothbrush","2.86","1.0","Market Basket","2 count","2 count","6448.jpg","","13"
"51","Kitchen & Cleaning","Air Fresheners & Candles","Air Freshener","Renuzit","Renuzit Gel Air Freshener Forever Raspberry","","Renuzit Gel Air Freshener Forever Raspberry","1.29","1.0","Market Basket","7 oz","7 oz","4244.jpg","","15"
"4406","Meat & Seafood","Hot Dogs, Bacon & Sausage","Bacon","Smithfield","Smithfield Bacon","","Smithfield Bacon","3.69","0.0","Market Basket","12 oz","12 oz","4187.jpg","","1"
"15151","Personal Care","Personal Needs","Oral Hygiene","Arm & Hammer","Arm & Hammer Extreme Whitening Clean Mint Toothpaste","","Arm & Hammer Extreme Whitening Clean Mint Toothpaste","5.62","1.0","Market Basket","6 oz","6 oz","6436.jpg","","13"
"13669","Breakfast & Dairy","Dairy & Eggs","Packaged Cheese","Chevrine","Chevrine Fresh Goat Cheese Garlic & Herbs","","Chevrine Fresh Goat Cheese Garlic & Herbs","3.09","0.0","Market Basket","4 oz","4 oz","Market Basket.jpg","","1"
"30265","Frozen Food","Frozen Dinners & Entrees","Frozen Meal","Banquet","Banquet Mega Bowls, Chicken Jalapeno Pepper Mac 'N Cheese","031000809485","Banquet Mega Bowls, Chicken Jalapeno Pepper Mac 'N Cheese","3.13","0.0","Market Basket","14 oz","14 oz","X4029.jpg","","18"
"34227","Breakfast & Dairy","Bars & Pastries","Oatmeal Squares","Quaker","Quaker Baked Squares Apple Cinnamon","030000560808","Quaker Baked Squares Apple Cinnamon","3.75","0.0","Market Basket","5 x 2.11 oz","5 x 2.11 oz","X3854.jpg","","5"
"6053","Beverages & Juices","Ice Pops","Ice Pops","Juicy Juice","Juicy Juice Freezer Pops","","Juicy Juice Freezer Pops","1.24","0.0","Market Basket","10 x 1 oz","10 x 1 oz","No Image.jpg","","17"
"6980","Cooking Needs","Baking & Cooking","Doughs, Gelatins & Bake Mixes","Jell-O","Jell o Raspberry Instant Gelatin Mix","","Jell o Raspberry Instant Gelatin Mix","1.09","0.0","Market Basket","3 oz","3 oz","2060.jpg","","8"
"35284","Richardson's Farm Ice Cream","Ice Cream","Coconut","Richarson's Farm","Richarson's Farm Coconut Ice Cream 16% Butterfat","","Made with real coconut","32.99","0.0","Richardson's Farm","3 Gal. Tub","3 Gal. Tub","RichardsonsFarm.jpg","",""
"7256","Cooking Needs","Spices & Seasonings","Spices & Seasonings","McCormick","McCormick Black Peppercorn Grinder","","McCormick Black Peppercorn Grinder","2.49","0.0","Market Basket","1.24 oz","1.24 oz","2151.jpg","","9"
"13406","Breakfast & Dairy","Dairy & Eggs","Eggs","Eggland's Best","Eggland's Best Large Brown Eggs","","Eggland's Best Large Brown Eggs","3.59","0.0","Market Basket","12 count","12 count","594.jpg","","1"
"517","Laundry & Paper Goods","Laundry","Laundry Detergent","Dynamo","Dynamo Purple Wildflowers 60 Loads Laundry Detergent","","Dynamo Purple Wildflowers 60 Loads Laundry Detergent","4.36","1.0","Market Basket","60 fl oz","60 fl oz","No Image.jpg","","15"
"35211","Breakfast & Dairy","Dairy & Eggs","Yogurt","Yoplait","Yoplait Original Made With Real Fruit mountain blueberry ","","Yoplait Original Made With Real Fruit mountain blueberry ","0.81","0.0","Market Basket","6 oz","6 oz","X945.jpg","","1"
"13419","Breakfast & Dairy","Dairy & Eggs","Eggs","Market Basket","Egg Lands Best Eggs, Grade A, Large","","Egg Lands Best Eggs, Grade A, Large","2.69","0.0","Market Basket","6 count","6 count","14759.jpg","","1"
"33375","Condiments & Dressings","Pickled Goods & Olives","Pickled Goods & Olives","Mrs Fanning's","Mrs Fanning's The Orginal Bread'n Butter Pickles ","031500071108","Mrs Fanning's The Orginal Bread'n Butter Pickles ","2.11","0.0","Market Basket","12 fl oz","12 fl oz","X2356.jpg","","2"
"33609","Condiments & Dressings","Salad Dressings & Toppings","Salad Dressing & Toppings","Newmen's Own","Newmen's Own Honey Mustard Dressing","020662002921","Newmen's Own Honey Mustard Dressing","4.11","0.0","Market Basket","16 fl oz","16 fl oz","X658.jpg","","2"
"5578","Chips, Cookies & Snacks","Candy & Chocolates","Candy & Chocolate","Snickers","Snickers Fun Size Chocolate Candy Bars","","Snickers Fun Size Chocolate Candy Bars","3.09","0.0","Market Basket","11.18 oz","11.18 oz","14919.jpg","","3"
"13283","Breakfast & Dairy","Dairy & Eggs","Butter","Land O' Lakes","Land O Lakes Fresh Buttery Taste Vegetable Oil Spread","","Land O Lakes Fresh Buttery Taste Vegetable Oil Spread","2.69","0.0","Market Basket","15 oz","15 oz","656.jpg","","1"
"8038","Cooking Needs","Canned Food","Soup, Broth & Bouillon","Market Basket","Market Basket Beef Bouillon Cubes","","Market Basket Beef Bouillon Cubes","1.29","0.0","Market Basket","3.4 oz","3.4 oz","Market Basket.jpg","","2"
"30931","Breakfast & Dairy","Dairy & Eggs","Yogurt","Chobani","Chobani Greek Yogurt Strawberry Banana On The Bottom 4 Value Pack ","","Chobani Greek Yogurt Strawberry Banana On The Bottom 4 Value Pack ","4.36","0.0","Market Basket","4 x 5.3 oz","4 x 5.3 oz","X138.jpg","","1"
"8981","Condiments & Dressings","Preserved Dips & Spreads","Spreads","Hershey's","Hershey's Chocolate Syrup","","Hershey's Chocolate Syrup","2.79","0.0","Market Basket","24 oz","24 oz","1593.jpg","","8"
"7399","Cooking Needs","Canned Food","Canned & Jarred Vegetables","Cento","Cento Artichoke Hearts","","Cento Artichoke Hearts","2.79","0.0","Market Basket","14 oz","14 oz","5080.jpg","","9"
"10547","Cooking Needs","Rice & Grains","Instant Food","Old El Paso","Old El Paso Taco Boats, Soft Tortilla","","Old El Paso Taco Boats, Soft Tortilla","3.09","0.0","Market Basket","12 x 5.1 oz","12 x 5.1 oz","17384.jpg","","7"
"35267","Richardson's Farm Ice Cream","Ice Cream","M&M","Richarson's Farm","Richarson's Farm Melts in your Mouth with M&Mï¿½ Ice Cream 16% Butterfat","","Vanilla ice cream with M&Mï¿½ candies","32.99","0.0","Richardson's Farm","3 Gal. Tub","3 Gal. Tub","RichardsonsFarm.jpg","",""
"5187","Chips, Cookies & Snacks","Cookies & Crackers","Crackers","LATE JULY","LATE JULY Snacks Organic Saltine Crackers","","LATE JULY Snacks Organic Saltine Crackers","4.67","0.0","Market Basket","6 oz","6 oz","15159.jpg","","6"
"34471","Frozen Food","Frozen Pizza","Frozen Pizza","Screamin' Sicilian ","Screamin' Sicilian Bessie's Revenge Cheese ","075706151004","Screamin' Sicilian Bessie's Revenge Cheese ","7.49","0.0","Market Basket","20.80 oz","20.80 oz","X4896.jpg","","19"
"31762","Beverages & Juices","Juices & Refrigerated Drinks","Juice & Nectars","Honest","Honest Kids Organic Berry Good Lemonade","657622703828","Honest Kids Organic Berry Good Lemonade","3.74","0.0","Market Basket","59 fl oz","59 fl oz","X2872.jpg","","10"
"4501","Meat & Seafood","Lunch Meat","Ham","Hatfield","Hatfield Classic Boneless Ham Steak","","Hatfield Classic Boneless Ham Steak","2.99","0.0","Market Basket","8 oz","8 oz","17278.jpg","","22"
"34728","Breakfast & Dairy","Bars & Pastries","Granola Bars","Sunbelt Bakery ","Sunbelt Bakery Almond Sweet & Salty  Granola Bars","024300031090","Sunbelt Bakery Almond Sweet & Salty  Granola Bars","3.13","0.0","Market Basket","10.56 oz","10.56 oz","X3788.jpg","","5"
"34009","Cooking Needs","Baking & Cooking","Stuffing Mix","Pepperidge Farm","Pepperidge Farm Sage & Onion CUBED STUFFING Toasted Corn Bread Blended With Selected Seasonings","","Pepperidge Farm Sage & Onion CUBED STUFFING Toasted Corn Bread Blended With Selected Seasonings","3.13","0.0","Market Basket","12 oz","12 oz","X727.jpg","","1"
"34217","Breakfast & Dairy","Bars & Pastries","Chewy Bars","Quaker","Quaker Chewy S'mores ","030000311813","Quaker Chewy S'mores ","3.13","0.0","Market Basket","8 x 0.84 oz","8 x 0.84 oz","X3865.jpg","","5"
"34434","Personal Care","Vitamins & Proteins","Protien Powders","RX","Rx Nut Vanilla Almond Butter","859162007316","Rx Nut Vanilla Almond Butter","1.88","0.0","Market Basket","10 x 1.13 oz","10 x 1.13 oz","X5188.jpg","","3"
"34682","Cooking Needs","Baking & Cooking","Stuffing Mix","Stove Top ","Stove Top TWIN PACK Stuffing Mix For CHICKEN With REAL TURKEY BROTH","","Stove Top TWIN PACK Stuffing Mix For CHICKEN With REAL TURKEY BROTH","4.36","0.0","Market Basket","12 oz","12 oz","X813.jpg","","1"
"31103","Breakfast & Dairy","Dairy & Eggs","Yogurt","Dannon","Dannon Light+Fit Greek Strawberry Naturally & Artifically Flavored ","","Dannon Light+Fit Greek Strawberry Naturally & Artifically Flavored ","3.75","0.0","Market Basket","5.3 oz","5.3 oz","X205.jpg","","1"
"13370","Breakfast & Dairy","Dairy & Eggs","Cream","Market Basket","Market Basket Half And Half","","Market Basket Half And Half","1.49","0.0","Market Basket","16 fl oz","16 fl oz","Market Basket.jpg","","1"
"30055","Meat & Seafood","Packaged Meat & Seafood","Sausage","Alfresco ","Alfresco Sweet Apple With Vermont Maple Syrup Sausage","","Alfresco Sweet Apple With Vermont Maple Syrup Sausage","6.24","0.0","Market Basket","11 oz","11 oz","X4632.jpg","","1"
"355","Kitchen & Cleaning","Food Storage & Kitchen Supplies","Storage Containers","Market Basket","Market Basket Medium Square Containers","","Market Basket Medium Square Containers","2.49","1.0","Market Basket","4 count","4 count","Market Basket.jpg","","12"
"10275","Frozen Food","Ice Cream & Ice","Ice Cream & Ice","Yasso","Yasso Frozen Greek Yogurt, Pistachio Brittle Bars","","Yasso Frozen Greek Yogurt, Pistachio Brittle Bars","4.89","0.0","Market Basket","4 x 3.5 fl oz","4 x 3.5 fl oz","16078.jpg","","21"
"13298","Breakfast & Dairy","Dairy & Eggs","Butter","Kate's Homemade","Kate's Homemade Butter Unsalted From Maine","","Kate's Homemade Butter Unsalted From Maine","3.29","0.0","Market Basket","8 oz","8 oz","Market Basket.jpg","","1"
"31416","Beverages & Juices","Energy & Sports Drinks","Energy & Sports Drinks","Gatorade","Gatorade Frost Thirst Quencher Glacier Freeze","052000320169","Gatorade Frost Thirst Quencher Glacier Freeze","1.25","0.0","Market Basket","32 fl oz","32 fl oz","X2663.jpg","","10"
"8444","Condiments & Dressings","Marinades, Ketchup & Sauces","Marinades & Meat Preparation","McCormick","McCormick Bag 'n Season Pot Roast Cooking & Seasoning Mix","","McCormick Bag 'n Season Pot Roast Cooking & Seasoning Mix","10.99","0.0","Market Basket","0.81 oz","0.81 oz","15553.jpg","","9"
"572","Laundry & Paper Goods","Laundry","Laundry Detergent","Downy","Downy infusions CALM lavender & Vanilla bean 48 loads Laundry Detergent","","Downy infusions CALM lavender & Vanilla bean 48 loads Laundry Detergent","7.49","1.0","Market Basket","0.96 L","0.96 L","No Image.jpg","","15"
"33682","Beverages & Juices","Juices & Refrigerated Drinks","Juice & Nectars","Ocean Spray","Ocean Spray Sparkling Cranberry Raspberry Juice Beverage 4 pack","031200013859","Ocean Spray Sparkling Cranberry Raspberry Juice Beverage 4 pack","4.61","0.0","Market Basket","4 x 11.5 fl oz","4 x 11.5 fl oz","X2848.jpg","","10"
"10255","Frozen Food","Ice Cream & Ice","Ice Cream & Ice","Turkey Hill","Turkey Hill Original Recipe Premium Ice Cream Tin Roof Sundae","","Turkey Hill Original Recipe Premium Ice Cream Tin Roof Sundae","3.69","0.0","Market Basket","48 fl oz","48 fl oz","3136.jpg","","21"
"10273","Frozen Food","Ice Cream & Ice","Ice Cream & Ice","Yasso","Yasso Frozen Greek Yogurt, Cookies n' Cream Bars","","Yasso Frozen Greek Yogurt, Cookies n' Cream Bars","4.89","0.0","Market Basket","4 x 3.5 fl oz","4 x 3.5 fl oz","16108.jpg","","21"
"32642","Cooking Needs","Rice & Grains","Grains, Rice & Dried Goods","Lundberg Family Farms","LundBerg Organic California Brown Basmati Rice Gluten Free Sustainable","073416402041","LundBerg Organic California Brown Basmati Rice Gluten Free Sustainable","8.74","0.0","Market Basket","32 oz","32 oz","X1113.jpg","","4"
"369","Kitchen & Cleaning","Food Storage & Kitchen Supplies","Utensils & Kitchen Supplies","Bamb","Bamb 12"" Skewers","","Bamb 12"" Skewers","1.29","1.0","Market Basket","50 count","50 count","4489.jpg","","12"
"277","Kitchen & Cleaning","Dish Detergents","Dishwasher Detergent","Palmolive","Palmolive Eco + Phosphate Free Gel Dishwasher Detergent Lemon Splash","","Palmolive Eco + Phosphate Free Gel Dishwasher Detergent Lemon Splash","5.19","1.0","Market Basket","75 oz","75 oz","4358.jpg","","15"
"7887","Cooking Needs","Canned Food","Canned Meat & Seafood","StarKist","Chunk light tuna","","Chunk light tuna","1.59","0.0","Market Basket","5 oz","5 oz","No Image.jpg","","2"
"30314","Pasta & Sauces","Raw Pasta","Raw Pasta","Barilla","Barilla Pasta Minni Penne","076808535600","Barilla Pasta Minni Penne","1.74","0.0","Market Basket","1 lb","1 lb","X1613.jpg","","4"
"15252","Personal Care","Personal Needs","Oral Hygiene","Plackers","Plackers Micro Mint Dental Flossers Mint","","Plackers Micro Mint Dental Flossers Mint","4.01","1.0","Market Basket","90 count","90 count","17788.jpg","","13"
"31675","Frozen Food","Frozen Dinners & Entrees","Frozen Meal","Healthy Choice","Healthy Choice Power Bowls Chicken Feta & Farro","072655001800","Healthy Choice Power Bowls Chicken Feta & Farro","4.36","0.0","Market Basket","9.5 oz","9.5 oz","X4089.jpg","","18"
"33211","Meat & Seafood","Packaged Meat & Seafood","Hot Dogs & Franks","Market Basket ","Market Basket Frank Furts ","","Market Basket Frank Furts ","4.61","0.0","Market Basket","12 oz","12 oz","X4564.jpg","","1"
"6117","Beverages & Juices","Soft Drinks & Seltzers","Soft Drinks","Dr Pepper","Diet Dr. Pepper Soda Box of Cans","","Diet Dr. Pepper Soda Box of Cans","6.86","0.0","Market Basket","12 x 12 fl oz","12 x 12 fl oz","16591.jpg","","17"
"33137","Condiments & Dressings","Pickled Goods & Olives","Pickled Goods & Olives","Market Basket ","Market Basket Maraschino Salad Cherries ","049705019894","Market Basket Maraschino Salad Cherries ","6.86","0.0","Market Basket","15 oz","15 oz","X2235.jpg","","2"
"5043","Chips, Cookies & Snacks","Cookies & Crackers","Cookies & Cakes","Dare","Dare Pure Chocolate Whippet Raspberry Cookies","","Dare Pure Chocolate Whippet Raspberry Cookies","3.91","0.0","Market Basket","8.8 oz","8.8 oz","No Image.jpg","","6"
"7255","Cooking Needs","Spices & Seasonings","Spices & Seasonings","McCormick","McCormick Black Pepper Grinder","","McCormick Black Pepper Grinder","2.49","0.0","Market Basket","1 oz","1 oz","2121.jpg","","9"
"31815","Meat & Seafood","Packaged Meat & Seafood","Ham","Hormel ","Hormel Natural Choice Penchwood Smoked Sweet Black Pappered Ham ","","Hormel Natural Choice Penchwood Smoked Sweet Black Pappered Ham ","4.99","0.0","Market Basket","6 oz","6 oz","X4506.jpg","","1"
"34803","Personal Care","Vitamins & Proteins","Protien Powders","Teras ","Teras Grass Fed Simply Whey Protein ","850628002036","Teras Grass Fed Simply Whey Protein ","21.24","0.0","Market Basket","12 oz","12 oz","X5198.jpg","","3"
"10011","Frozen Food","Ice Cream & Ice","Ice Cream & Ice","Edy's/dreyer's","Edy's/dreyer's Fudge Tracks Light Ice Cream","","Edy's/dreyer's Fudge Tracks Light Ice Cream","3.69","0.0","Market Basket","48 fl oz","48 fl oz","3034.jpg","","21"
"33189","Frozen Food","Frozen Pizza","Frozen Pizza","Market Basket ","Market Basket Wood-Fired Crust Pizza ","049705708521","Market Basket Wood-Fired Crust Pizza ","5.49","0.0","Market Basket","13.75 oz","13.75 oz","X4892.jpg","","19"
"31214","Meat & Seafood","Packaged Meat & Seafood","Sausage","Eckrich ","Eckrich Smoked Sausage ","","Eckrich Smoked Sausage ","3.74","0.0","Market Basket","13 oz","13 oz","X4607.jpg","","1"
"33385","Frozen Food","Frozen Dinners & Entrees","Frozen Appetizers & Sides","Mrs.T's ","Mrs.T's Pierogies Feta & Spinach ","041164000468","Mrs.T's Pierogies Feta & Spinach ","3.13","0.0","Market Basket","16 oz","16 oz","X4303.jpg","","18"
"14771","Personal Care","Body Wash, Soap & Hair Care","Hair Care","Pantene","Pantene Curl Defining Mousse","","Pantene Curl Defining Mousse","6.31","1.0","Market Basket","6.6 oz","6.6 oz","6577.jpg","","13"
"4005","Fresh Produce","Fresh Vegetables","Squash","Market Basket","Calabaza Squash","","Calabaza Squash","2.86","0.0","Market Basket","1 lb","1 lb","FP101.jpg","","20"
"31259","Frozen Food","Frozen Pasta","Frozen Pasta","Evol","Evol Butternut Squash & Sage Ravioli","891627009107","Evol Butternut Squash & Sage Ravioli","3.74","0.0","Market Basket","8.13 oz","8.13 oz","X4320.jpg","","18"
"32851","Breakfast & Dairy","Breads & Rolls","Bread","Market Basket","Market Basket Oat Nut Bread","049705544327","Market Basket Oat Nut Bread","2.5","0.0","Market Basket","24 oz","24 oz","X2376.jpg","","18"
"3507","Fresh Produce","Fresh Organic Vegetables","Mushroom","Market Basket","Organic Sliced White Mushrooms","","Organic Sliced White Mushrooms","2.74","0.0","Market Basket","8 oz","8 oz","f124.jpg","","20"
"33656","Beverages & Juices","Juices & Refrigerated Drinks","Juice & Nectars","Ocean Spray","Ocean Spray Cran Pomegranate Juice Drink from Concentrate","031200270153","Ocean Spray Cran Pomegranate Juice Drink from Concentrate","3.74","0.0","Market Basket","64 fl oz","64 fl oz","X2822.jpg","","10"
"7596","Cooking Needs","Canned Food","Canned & Jarred Vegetables","Ro-Tel","Tomatoes With Green Chilies","","Tomatoes With Green Chilies","1.59","0.0","Market Basket","10 oz","10 oz","17082.jpg","","9"
"31858","Cooking Needs","Canned Food","Canned Tomatoes","Hunts","Hunts Tomato Sauce No Salt Added","027000852507","Hunts Tomato Sauce No Salt Added","1.25","0.0","Market Basket","15 oz","15 oz","X1358.jpg","","4"
"30380","Pasta & Sauces","Pasta Sauce","Pasta Sauce","Bertolli","Bertolli Pasta Sauce Olive Oil and Garlic with Fresh Garlic","036200219331","Bertolli Pasta Sauce Olive Oil and Garlic with Fresh Garlic","3.13","0.0","Market Basket","24 oz","24 oz","X1511.jpg","","4"
"6289","Beverages & Juices","Water","Water","Market Basket","Market Basket Alkaline Water Plus Electrolytes","","Market Basket Alkaline Water Plus Electrolytes","1.24","0.0","Market Basket","20.3 fl oz","20.3 fl oz","Market Basket.jpg","","11"
"7640","Cooking Needs","Canned Food","Canned Fruit & Applesauce","Fruit Naturals","Fruit Naturals Bartlett in Extra Light Syrup Pear Chunks","","Fruit Naturals Bartlett in Extra Light Syrup Pear Chunks","1.59","0.0","Market Basket","7 oz","7 oz","17074.jpg","","3"
"33147","Condiments & Dressings","Pickled Goods & Olives","Pickles","Market Basket ","Market Basket Kosher Whole Dill Pickles ","049705018767","Market Basket Kosher Whole Dill Pickles ","3.74","0.0","Market Basket","46 fl oz","46 fl oz","X3304.jpg","","2"
"3761","Fresh Produce","Fresh Herbs","Rosemary","Infinite Herbs","Infinite Herbs Rosemary","","Infinite Herbs Rosemary","2.86","0.0","Market Basket","1 oz","1 oz","90.jpg","","20"
"6031","Beverages & Juices","Energy & Sports Drinks","Energy & Sports Drinks","Red Bull","Red Bull Orange Edition - Tangerine","","Red Bull Orange Edition - Tangerine","3.13","0.0","Market Basket","12 fl oz","12 fl oz","No Image.jpg","","17"
"13673","Breakfast & Dairy","Dairy & Eggs","Packaged Cheese","Formaggio","Formaggio Hand Tossed Fresh Mozzarella Salad Sundried Tomato & Parsley","","Formaggio Hand Tossed Fresh Mozzarella Salad Sundried Tomato & Parsley","6.09","0.0","Market Basket","12 oz","12 oz","14623.jpg","","1"
"5359","Chips, Cookies & Snacks","Cookies & Crackers","Crackers","Nabisco","Nabisco Minions Teddy Grahams 12 Pack","","Nabisco Minions Teddy Grahams 12 Pack","6.23","0.0","Market Basket","12 x 1 oz","12 x 1 oz","No Image.jpg","","6"
"5026","Chips, Cookies & Snacks","Chips & Fruit Snacks","Ready Popcorn","Wise","Wise Popcorn 30% Reduced Fat Sea Salt","","Wise Popcorn 30% Reduced Fat Sea Salt","3.91","0.0","Market Basket","6 oz","6 oz","No Image.jpg","","0"
"15088","Personal Care","Personal Needs","Eye & Ear Care","Visine","Visine Eye Drops Original","","Visine Eye Drops Original","9.88","1.0","Market Basket","1 fl oz","1 fl oz","6475.jpg","","13"
"14477","Breakfast & Dairy","Tea & Coffee","Coffee","StarBucks","Starbucks Dark Roast Ground Coffee Ã¢â¬â CaffÃÂ¨ Verona Ã¢â¬â 100% Arabica","","Starbucks Dark Roast Ground Coffee Ã¢â¬â CaffÃÂ¨ Verona Ã¢â¬â 100% Arabica","9.79","0.0","Market Basket","12 oz","12 oz","3313.jpg","","8"
"6603","Beverages & Juices","Juices & Refrigerated Drinks","Refrigerated Drinks","Market Basket","Market Basket 100% Pure Juice PREMIUM 100% PURE CALICIUM and Vitamin D  PASTEURIZED ORANGE  JUICE NOT FROM CONCENTRATE","","Market Basket 100% Pure Juice PREMIUM 100% PURE CALICIUM and Vitamin D  PASTEURIZED ORANGE  JUICE NOT FROM CONCENTRATE","3.13","0.0","Market Basket","59 fl oz","59 fl oz","X586.jpg","","1"
"10488","Cooking Needs","Rice & Grains","Instant Rice","Goya","Goya Spanish Style Yellow Rice","","Goya Spanish Style Yellow Rice","2.49","0.0","Market Basket","8 oz","8 oz","5740.jpg","","7"
"14598","Beverages & Juices","Tea, Coffee, Milk & Coconut Water","Tea","Snapple","Snapple Diet  Lemon Tea","076183323762","Snapple Diet  Lemon Tea","2.49","0.0","Market Basket","32 fl oz","32 fl oz","X2968.jpg","","10"
"6625","Beverages & Juices","Juices & Refrigerated Drinks","Refrigerated Drinks","Newman's Own","Newmen's Own Orange Mango Tango Fruit Juice Cocktail Beverage","","Newmen's Own Orange Mango Tango Fruit Juice Cocktail Beverage","2.86","0.0","Market Basket","59 fl oz","59 fl oz","X641.jpg","","1"
"14918","Personal Care","Feminine Care","Tampon","U by Kotex","U by Kotex - Super Premium Click Compact Tampons, Super Absorbency, Unscented","","U by Kotex - Super Premium Click Compact Tampons, Super Absorbency, Unscented","6.2","1.0","Market Basket","18 count","18 count","6516.jpg","","13"
"33328","Beverages & Juices","Juices & Refrigerated Drinks","Juice & Nectars","Mon Ami","Mon Ami Organic Pomegranate Juice","856134000139","Mon Ami Organic Pomegranate Juice","4.36","0.0","Market Basket","33.8 fl oz","33.8 fl oz","X2787.jpg","","10"
"30446","Breakfast & Dairy","Pancake & Waffle Mix","Pancake & Waffle Mix","Bob's Red Mill","Bob's Red Mill Buttermilk Pancake and Waffle Mix Whole Grain","039978118806","Bob's Red Mill Buttermilk Pancake and Waffle Mix Whole Grain","4.99","0.0","Market Basket","24 oz","24 oz","X3161.jpg","","2"
"6181","Beverages & Juices","Soft Drinks & Seltzers","Soft Drinks","Pepsi","Pepsi Max Zero Sugar Cola","","Pepsi Max Zero Sugar Cola","2.5","0.0","Market Basket","2 L","2 L","3915.jpg","","17"
"14798","Personal Care","Body Wash, Soap & Hair Care","Hair Care","TRESemme","TRESemme 24 Hour Healthy Volume Conditioner","","TRESemme 24 Hour Healthy Volume Conditioner","4.93","1.0","Market Basket","32 fl oz","32 fl oz","6551.jpg","","13"
"8719","Condiments & Dressings","Preserved Dips & Spreads","Preserved Dips & Salsa","Cedar","Cedar Taboule Salad","","Cedar Taboule Salad","4.59","0.0","Market Basket","7 oz","7 oz","2008.jpg","","1"
"33747","Meat & Seafood","Packaged Meat & Seafood","Ham","Oscar Mayer","Oscar Mayer Olive Loaf","","Oscar Mayer Olive Loaf","4.99","0.0","Market Basket","8 oz","8 oz","X4499.jpg","","1"
"7079","Cooking Needs","Oils & Vinegars","Oils & Vinegars","Goya","Goya Extra Virgin Olive Oil","","Goya Extra Virgin Olive Oil","4.39","0.0","Market Basket","8.5 fl oz","8.5 fl oz","1845.jpg","","7"
"32297","Condiments & Dressings","Marinades, Ketchup & Sauces","Sauce","Kikkoman ","Kikkmon Stir Fry Sauce ","041390020704","Kikkmon Stir Fry Sauce ","2.5","0.0","Market Basket","12.1 fl oz","12.1 fl oz","X5373.jpg","","3"
"10093","Frozen Food","Ice Cream & Ice","Ice Cream & Ice","Hood","Hood Ice Cream Classic Trio","","Hood Ice Cream Classic Trio","3.69","0.0","Market Basket","1.5 quart","1.5 quart","3096.jpg","","21"
"33657","Beverages & Juices","Juices & Refrigerated Drinks","Juice & Nectars","Ocean Spray","Ocean Spray Cran Tangerine Juice Drink from Concentrate","031200239273","Ocean Spray Cran Tangerine Juice Drink from Concentrate","3.74","0.0","Market Basket","64 fl oz","64 fl oz","X2823.jpg","","10"
"13596","Breakfast & Dairy","Dairy & Eggs","Other Creams & Cheeses","Market Basket","Market Basket Shredded Mozzarella Cheese","","Market Basket Shredded Mozzarella Cheese","2.49","0.0","Market Basket","8 oz","8 oz","Market Basket.jpg","","1"
"3541","Fresh Produce","Fresh Vegetables","Bell Pepper","Bailey Farms","Bailey Farms BellaFina Baby Bell Peppers","","Bailey Farms BellaFina Baby Bell Peppers","6.99","0.0","Market Basket","2 lb bag","2 lb bag","14367.jpg","","20"
"3618","Fresh Produce","Fresh Vegetables","Endive","Market Basket","Packed Belgiam Endive","","Packed Belgiam Endive","3.07","0.0","Market Basket","1 count","1 count","f196.jpg","","20"
"8732","Condiments & Dressings","Preserved Dips & Spreads","Preserved Dips & Salsa","Fritos","Fritos Mild Cheddar Cheese Dip","","Fritos Mild Cheddar Cheese Dip","3.69","0.0","Market Basket","9 oz","9 oz","2011.jpg","","0"
"8277","Condiments & Dressings","Fresh Dips & Tapenades","Hommus","Cedar","Cedar Garlic Hommus","","Cedar Garlic Hommus","2.49","0.0","Market Basket","8 oz","8 oz","5505.jpg","","1"
"3628","Fresh Produce","Fresh Fruits","Apple","Market Basket","Jonathan Apple Bag","","Jonathan Apple Bag","3.78","0.0","Market Basket","3 lb","3 lb","FP24.jpg","","20"
"33055","Condiments & Dressings","Honey, Syrup & Nectars","Syrup","Market Basket ","Market Basket Lite Reduced Calorie Syrup","049705017012","Market Basket Lite Reduced Calorie Syrup","1.88","0.0","Market Basket","12 fl oz","12 fl oz","X3193.jpg","","2"
"5344","Chips, Cookies & Snacks","Cookies & Crackers","Cookies & Cakes","belVita","belVita Vanilla Oat","","belVita Vanilla Oat","4.69","0.0","Market Basket","8.8 oz","8.8 oz","No Image.jpg","","6"
"31434","Beverages & Juices","Energy & Sports Drinks","Energy & Sports Drinks","Gatorade","Gatorade Lower SugarThirst Quencher Glacier Freeze 6 pack","052000120066","Gatorade Lower SugarThirst Quencher Glacier Freeze 6 pack","5.36","0.0","Market Basket","6 x 12 fl oz","6 x 12 fl oz","X2681.jpg","","10"
"31528","Beverages & Juices","Tea, Coffee, Milk & Coconut Water","Tea","Gold Peak Tea","Gold Peak Tea Georgia Peach","049000067934","Gold Peak Tea Georgia Peach","1.66","0.0","Market Basket","18.5 fl oz","18.5 fl oz","X2935.jpg","","10"
"12973","Breakfast & Dairy","Breads & Rolls","Tortillas & Flat Bread","Market Basket","Market Basket Flour Tortillas Soft Taco Size 8""","","Market Basket Flour Tortillas Soft Taco Size 8""","2.09","0.0","Market Basket","16 oz","16 oz","Market Basket.jpg","","7"
"630","Laundry & Paper Goods","Paper Goods","Wipes","Market Basket","Market Basket Flushable Wipes scented","","Market Basket Flushable Wipes scented","3.49","1.0","Market Basket","1 unit","1 unit","Market Basket.jpg","","14"
"30061","Breakfast & Dairy","Cereal","Muesli Cereal","Alpen","Alpen Muesli ","055712025728","Alpen Muesli ","4.99","0.0","Market Basket","14 oz","14 oz","X3680.jpg","","5"
"31240","Condiments & Dressings","Marinades, Ketchup & Sauces","Mustard Sauce","Emeril's","Emeril's Dijon Mustard ","074653097015","Emeril's Dijon Mustard ","2.5","0.0","Market Basket","12 oz","12 oz","X2196.jpg","","2"
"7607","Cooking Needs","Canned Food","Canned & Jarred Vegetables","Vermont Creamery","Vermont Creamery Creme Fraiche","","Vermont Creamery Creme Fraiche","3.69","0.0","Market Basket","8 oz","8 oz","17095.jpg","","9"
"32251","Condiments & Dressings","Salad Dressings & Toppings","Salad Dressing & Toppings","Ken's Steak House","Ken's Seak House Simply Lite Chunky Blue Cheese Dressing","041335001690","Ken's Seak House Simply Lite Chunky Blue Cheese Dressing","3.49","0.0","Market Basket","16 fl oz","16 fl oz","X419.jpg","","2"
"7312","Cooking Needs","Spices & Seasonings","Spices & Seasonings","McCormick","McCormick Ground Black Pepper","","McCormick Ground Black Pepper","3.09","0.0","Market Basket","3 oz","3 oz","2130.jpg","","9"
"31098","Breakfast & Dairy","Dairy & Eggs","Yogurt","Dannon","Dannon Light & Fit Greek Crunch S'mores ","","Dannon Light & Fit Greek Crunch S'mores ","1.25","0.0","Market Basket","5 oz","5 oz","X200.jpg","","1"
"4826","Chips, Cookies & Snacks","Chips & Fruit Snacks","Chips & Pretzels","Cape Cod","Cape Cod Potato Chips, Sweet & Spicy Jalapeno Kettle Cooked Chips","","Cape Cod Potato Chips, Sweet & Spicy Jalapeno Kettle Cooked Chips","5.92","0.0","Market Basket","8 oz","8 oz","918.jpg","","0"
"5266","Chips, Cookies & Snacks","Chips & Fruit Snacks","Chips & Pretzels","Good Health","Good Health Veggie Stix Sea Salt","","Good Health Veggie Stix Sea Salt","7.8","0.0","Market Basket","18 oz","18 oz","No Image.jpg","","0"
"31006","Cooking Needs","Oils & Vinegars","Oils & Vinegars","Columela ","Columela Solaera 30 Vinagre De Jerez Sherry Vinegar Reserva ","","Columela Solaera 30 Vinagre De Jerez Sherry Vinegar Reserva ","11.24","0.0","Market Basket","12.7 oz","12.7 oz","X1765.jpg","","2"
"3908","Fresh Produce","Fresh Vegetables","Onion","Market Basket","Diced Onions","","Diced Onions","5.62","0.0","Market Basket","1 lb","1 lb","FP16.jpg","","20"
"34419","Frozen Food","Frozen Pasta","Frozen Pasta","Rosetto","Rosetto Cheese Ravioli","041549003718","Rosetto Cheese Ravioli","4.36","0.0","Market Basket","25 oz","25 oz","X4312.jpg","","18"
"14891","Personal Care","Feminine Care","Menstrual Pads","Poise","Poise Ultra Thin Incontinence Pads","","Poise Ultra Thin Incontinence Pads","4.24","1.0","Market Basket","30 count","30 count","17800.jpg","","13"
"5641","Chips, Cookies & Snacks","Candy & Chocolates","Mint & Gum","Eclipse","Eclipse Spearmint Sugarfree Gum piece bottle","","Eclipse Spearmint Sugarfree Gum piece bottle","3.69","0.0","Market Basket","60 ct","60 ct","1506.jpg","","3"
"3700","Fresh Produce","Fresh Fruits","Papaya","Market Basket","Caribbean Red Maradol Papaya","","Caribbean Red Maradol Papaya","4.12","0.0","Market Basket","1 count","1 count","14234.jpg","","20"
"34788","Frozen Food","Frozen Dinners & Entrees","Frozen Meal","TAI & PEI","TAI & PEI Ckicken Fried Rice","070077811298","TAI & PEI Ckicken Fried Rice","2.99","0.0","Market Basket","11 oz","11 oz","X3985.jpg","","18"
"30812","Beverages & Juices","Juices & Refrigerated Drinks","Juice & Nectars","Caprisun ","Caprisun Lemonade","087684001066","Caprisun Lemonade","3.13","0.0","Market Basket","10 x 6 fl oz","10 x 6 fl oz","X3098.jpg","","10"
"34854","Breakfast & Dairy","Breads & Rolls","Swirl Bread","Thomas","Thomas Swirl Pumpkin Spice Bread","048121229061","Thomas Swirl Pumpkin Spice Bread","3.74","0.0","Market Basket","1 lb","1 lb","X2596.jpg","","18"
"10246","Frozen Food","Ice Cream & Ice","Ice Cream & Ice","Turkey Hill","Turkey Hill French Vanilla Premium Ice Cream","","Turkey Hill French Vanilla Premium Ice Cream","3.69","0.0","Market Basket","48 fl oz","48 fl oz","3121.jpg","","21"
"14418","Breakfast & Dairy","Tea & Coffee","Coffee","Maxwell House","Maxwell House International Cafe Cafe Vienna Cafe Style Beverage Mix","","Maxwell House International Cafe Cafe Vienna Cafe Style Beverage Mix","3.69","0.0","Market Basket","9 oz","9 oz","16289.jpg","","8"
"32048","Breakfast & Dairy","Cereal","Cereal","Kashi","Kashi by kids Oragnic Berry Super loops ","018627111528","Kashi by kids Oragnic Berry Super loops ","3.75","0.0","Market Basket","9.5 oz","9.5 oz","X3722.jpg","","5"
"32930","Breakfast & Dairy","Dairy & Eggs","Yogurt","Market Basket","Market Basket Greek Nonfat Yogurt Vanilla Plain","","Market Basket Greek Nonfat Yogurt Vanilla Plain","4.86","0.0","Market Basket","32 oz","32 oz","X568.jpg","","1"
"4754","Meat & Seafood","Frozen Meat & Seafood","Chicken Products","Willow Tree Poultry Farm","Willow Tree Poultry Farm Chicken Pie Premium White Meat With Classic Vegetables","","Willow Tree Poultry Farm Chicken Pie Premium White Meat With Classic Vegetables","2.49","0.0","Market Basket","8 oz","8 oz","16032.jpg","","18"
"31808","Meat & Seafood","Packaged Meat & Seafood","Bacon","Hormel ","Hormel Black Lable Center Cut Bacon","","Hormel Black Lable Center Cut Bacon","6.24","0.0","Market Basket","12 oz","12 oz","X4451.jpg","","1"
"32938","Cooking Needs","Canned Food","Canned Fruit & Applesauce","Market Basket","Market Basket Apple Sauce Unsweetened 6 Pack ","","Market Basket Apple Sauce Unsweetened 6 Pack ","2.11","0.0","Market Basket","24 oz","24 oz","X540.jpg","","3"
"14578","Breakfast & Dairy","Tea & Coffee","Tea","Oregon Cafe","Oregon Cafe Original Chai Tea Latte","","Oregon Cafe Original Chai Tea Latte","4.89","0.0","Market Basket","32 fl oz","32 fl oz","16339.jpg","","8"
"6623","Beverages & Juices","Juices & Refrigerated Drinks","Refrigerated Drinks","Newman's Own","Newmen's Own Light Virgin Lemonade Beverage","","Newmen's Own Light Virgin Lemonade Beverage","2.86","0.0","Market Basket","59 fl oz","59 fl oz","X642.jpg","","1"
"8446","Condiments & Dressings","Marinades, Ketchup & Sauces","Marinades & Meat Preparation","McCormick","McCormick Brown Gravy Mix","","McCormick Brown Gravy Mix","0.89","0.0","Market Basket","0.87 oz","0.87 oz","1969.jpg","","9"
"33203","Meat & Seafood","Canned Meat & Seafood","Chicken","Market Basket ","Market Basket Shredded White Chicken In Chicken","","Market Basket Shredded White Chicken In Chicken","2.5","0.0","Market Basket","10 oz","10 oz","X1869.jpg","","2"
"30658","Breakfast & Dairy","Dairy & Eggs","Cottage Cheese","Breakstone's ","Breakstone's ESTABLISHED 1882 2% MILK FAT LOWFAT COTTAGE CHEESE SMALL CURD 4 PACK SNACK SIZE","","Breakstone's ESTABLISHED 1882 2% MILK FAT LOWFAT COTTAGE CHEESE SMALL CURD 4 PACK SNACK SIZE","3.13","0.0","Market Basket","16 oz","16 oz","X58.jpg","","1"
"31451","Breakfast & Dairy","Cereal","Cereal","General Mills","General Mills Cinnamon Toast Crunch  Family Size","016000122536","General Mills Cinnamon Toast Crunch  Family Size","4.99","0.0","Market Basket","19.3 oz","19.3 oz","X3428.jpg","","5"
"333","Kitchen & Cleaning","Food Storage & Kitchen Supplies","Storage Bags","Market Basket","Market Basket Slider Storage Bags","","Market Basket Slider Storage Bags","3.69","1.0","Market Basket","30 count","30 count","Market Basket.jpg","","12"
"34818","Meat & Seafood","Packaged Meat & Seafood","Sausage","Thin 'n Trim","Thin n Trim Chicken Sausage Buffalo Style ","","Thin n Trim Chicken Sausage Buffalo Style ","4.36","0.0","Market Basket","10 oz","10 oz","X4644.jpg","","1"
"31576","Frozen Food","Frozen Dinners & Entrees","Frozen Appetizers & Sides","Gorton's","Gorton's Roasted Garlic & Italian Herb","044400152501","Gorton's Roasted Garlic & Italian Herb","4.99","0.0","Market Basket","11 oz","11 oz","X4385.jpg","","18"
"6533","Chips, Cookies & Snacks","Nuts, Seeds & Dried Fruit","Nuts, Seeds & Dried Fruit","Sunmaid","Sunmaid Chocolate Yogurt Covered Raisins","","Sunmaid Chocolate Yogurt Covered Raisins","3.0","0.0","Market Basket","6 x 0.75 oz","6 x 0.75 oz","No Image.jpg","","6"
"79","Kitchen & Cleaning","Air Fresheners & Candles","Scented Oil Refill","Air Wick","Air Wick Virgin Islands Scented Oil Refills","","Air Wick Virgin Islands Scented Oil Refills","6.09","1.0","Market Basket","1.34 fl oz","1.34 fl oz","4200.jpg","","15"
"6561","Beverages & Juices","Juices & Refrigerated Drinks","Refrigerated Drinks","Blue Diamond Almond Breeze Almondmilk","Blue Diamond Almond Breeze Almondmilk Blue Diamond Almonds Almond Breeze Almondmilk Original Unsweetened","","Blue Diamond Almond Breeze Almondmilk Blue Diamond Almonds Almond Breeze Almondmilk Original Unsweetened","4.59","0.0","Market Basket","96 fl oz","96 fl oz","16518.jpg","","1"
"6907","Cooking Needs","Baking & Cooking","Baking Ingredients","Saco Pantry","Saco Pantry Cultured Buttermilk Blend","","Saco Pantry Cultured Buttermilk Blend","4.59","0.0","Market Basket","12 oz","12 oz","15729.jpg","","8"
"4035","Fresh Produce","Fresh Vegetables","White Onion","Market Basket","White Boiling Onions","","White Boiling Onions","1.71","0.0","Market Basket","1 count","1 count","FP92.jpg","","20"
"30498","Cooking Needs","Rice & Grains","Grains, Rice & Dried Goods","Bob's Red Mill","Bob's Red Mill Whole Wheat Pearl Couscous Quick Cooking Non GMO Whole Grains","039978054975","Bob's Red Mill Whole Wheat Pearl Couscous Quick Cooking Non GMO Whole Grains","4.99","0.0","Market Basket","16 oz","16 oz","X1086.jpg","","4"
"12694","Breakfast & Dairy","Breads & Rolls","Bread","Home Pride","Home Pride Wheat Bread Butter Top","","Home Pride Wheat Bread Butter Top","3.09","0.0","Market Basket","20 oz","20 oz","16977.jpg","","18"
"7446","Cooking Needs","Canned Food","Canned & Jarred Vegetables","Goya","Goya Hearts Of Palm Whole","","Goya Hearts Of Palm Whole","3.49","0.0","Market Basket","14.1 oz","14.1 oz","5050.jpg","","7"
"6657","Beverages & Juices","Juices & Refrigerated Drinks","Refrigerated Drinks","Simply","Simply Apple PURE PRESSED  fruit  NOT FROM CONCENTRATE 100% APPLE JUICE","","Simply Apple PURE PRESSED  fruit  NOT FROM CONCENTRATE 100% APPLE JUICE","3.74","0.0","Market Basket","52 fl oz","52 fl oz","X766.jpg","","1"
"8085","Cooking Needs","Canned Food","Soup, Broth & Bouillon","Pacific","Pacific Foods Organic Chicken Noodle Soup","","Pacific Foods Organic Chicken Noodle Soup","3.69","0.0","Market Basket","17.6 oz","17.6 oz","5359.jpg","","2"
"3665","Fresh Produce","Fresh Fruits","Kiwi","Market Basket","Green Kiwi Package","","Green Kiwi Package","4.98","0.0","Market Basket","1 container","1 container","14201.jpg","","20"
"4965","Chips, Cookies & Snacks","Chips & Fruit Snacks","Chips & Pretzels","Terra Chips","Terra Sweet Potato Chips No Salt Added Non GMO","","Terra Sweet Potato Chips No Salt Added Non GMO","6.23","0.0","Market Basket","6 oz","6 oz","No Image.jpg","","0"
"6534","Chips, Cookies & Snacks","Nuts, Seeds & Dried Fruit","Nuts, Seeds & Dried Fruit","Sunmaid","Sunmaid Organic Raisins","","Sunmaid Organic Raisins","3.49","0.0","Market Basket","6 x 1 oz","6 x 1 oz","No Image.jpg","","6"
"30613","Beverages & Juices","Energy & Sports Drinks","Energy & Sports Drinks","Body Armor","Body Armor Lyte Peach Mango","858176002270","Body Armor Lyte Peach Mango","1.88","0.0","Market Basket","16 fl oz","16 fl oz","X2761.jpg","","10"
"4884","Chips, Cookies & Snacks","Chips & Fruit Snacks","Ready Popcorn","Lay's","Lay's Poppables White Cheddar Crispy Potato Bites","","Lay's Poppables White Cheddar Crispy Potato Bites","3.91","0.0","Market Basket","5 oz","5 oz","No Image.jpg","","0"
"7516","Cooking Needs","Canned Food","Canned & Jarred Vegetables","Market Basket","Market Basket No Salt Added Sliced Beets","","Market Basket No Salt Added Sliced Beets","0.69","0.0","Market Basket","8.25 oz","8.25 oz","Market Basket.jpg","","9"
"7993","Cooking Needs","Canned Food","Soup, Broth & Bouillon","College Inn","College Inn Lower Sodium Beef Broth","","College Inn Lower Sodium Beef Broth","0.99","0.0","Market Basket","14.5 oz","14.5 oz","5385.jpg","","9"
"6207","Beverages & Juices","Soft Drinks & Seltzers","Soft Drinks","Sprite","Sprite Lemon Lime Soda No Caffeine Mini","","Sprite Lemon Lime Soda No Caffeine Mini","5.63","0.0","Market Basket","8 x 12 fl oz","8 x 12 fl oz","No Image.jpg","","17"
"9106","Frozen Food","Frozen Dinners & Entrees","Frozen Appetizers & Sides","Birds Eye","Birds Eye Steamfresh Veggie MadeÃ¢âÂ¢ Original Riced Cauliflower","","Birds Eye Steamfresh Veggie MadeÃ¢âÂ¢ Original Riced Cauliflower","3.09","0.0","Market Basket","10 oz","10 oz","2611.jpg","","19"
"31182","Beverages & Juices","Juices & Refrigerated Drinks","Juice & Nectars","Dole","Dole Pineapple Juice","038900009472","Dole Pineapple Juice","3.36","0.0","Market Basket","6 x 6 fl oz","6 x 6 fl oz","X3140.jpg","","10"
"13549","Breakfast & Dairy","Dairy & Eggs","Other Creams & Cheeses","Daisy","Daisy Low Fat Cottage Cheese Small Curd 2% Milkfat","","Daisy Low Fat Cottage Cheese Small Curd 2% Milkfat","4.89","0.0","Market Basket","16 oz","16 oz","700.jpg","","1"
"30516","Breakfast & Dairy","Granola & Oats","Oats","Bob's Red Mill","Bob's Red Mill Quick Rolled Steel Cut Oats The Golden Spurtle ","039978039576","Bob's Red Mill Quick Rolled Steel Cut Oats The Golden Spurtle ","4.99","0.0","Market Basket","24 oz","24 oz","X5224.jpg","","3"
"34354","Condiments & Dressings","Pickled Goods & Olives","Pickled Goods & Olives","Reese","Resse Ham Glaze Sweet Aromatic Flavors","070670000204","Resse Ham Glaze Sweet Aromatic Flavors","2.5","0.0","Market Basket","32 oz","32 oz","X2227.jpg","","2"
"5805","Breakfast & Dairy","Bars & Pastries","Protien Bars","PowerBar","PowerBar Chocolate Crisp Protein Bar","","PowerBar Chocolate Crisp Protein Bar","2.49","0.0","Market Basket","2.15 oz","2.15 oz","1320.jpg","","3"
"5845","Breakfast & Dairy","Bars & Pastries","Protien Bars","Zone Perfect","Zone Perfect Nutrition Bar Chocolate Chip Cookie Dough","","Zone Perfect Nutrition Bar Chocolate Chip Cookie Dough","1.56","0.0","Market Basket","1.58 oz","1.58 oz","15226.jpg","","3"
"30559","Cooking Needs","Baking & Cooking","Flour","Bob's Red Mill","Bob's Red Mill Medium Grain Cornmeal  Whole Grain Stone Ground ","039978024725","Bob's Red Mill Medium Grain Cornmeal  Whole Grain Stone Ground ","3.74","0.0","Market Basket","24 oz","24 oz","X5267.jpg","","3"
"31330","Cooking Needs","Oils & Vinegars","Oils & Vinegars","Filippo Berio","Filippo Berio Since 1867 Delicato Mild, Light-Bodied Flavor Extra Virgin Olive Oil FilippoBerio ","041736010130","Filippo Berio Since 1867 Delicato Mild, Light-Bodied Flavor Extra Virgin Olive Oil FilippoBerio ","6.86","0.0","Market Basket","25.3 fl oz","25.3 fl oz","X1981.jpg","","2"
"4317","Meat & Seafood","Meat & Seafood Counter","Pork","Market Basket","Market Basket Maple Breakfast Pork Sausage","","Market Basket Maple Breakfast Pork Sausage","11.03","0.0","Market Basket","Approx: 2.99 lb at $3.69/lb","Approx: 2.99 lb at $3.69/lb","Market Basket.jpg","","22"
"30381","Pasta & Sauces","Pasta Sauce","Pasta Sauce","Bertolli","Bertolli Organic Pasta Sauce Tomato and Basil","036200222843","Bertolli Organic Pasta Sauce Tomato and Basil","3.75","0.0","Market Basket","24 oz","24 oz","X1512.jpg","","4"
"5861","Richardson's Farm Ice Cream","Ice Cream Toppings","Ice Cream Toppings","Reese's","Reese's Peanut Butter Topping","","Reese's Peanut Butter Topping","2.99","0.0","Market Basket","7 oz","7 oz","1348.jpg","","20"
"3923","Fresh Produce","Fresh Vegetables","Pepper","Market Basket","Poblano Peppers (Mild)","","Poblano Peppers (Mild)","3.29","0.0","Market Basket","1 lb","1 lb","f251.jpg","","20"
"13744","Breakfast & Dairy","Dairy & Eggs","Packaged Cheese","Market Basket","Market Basket Monterey Jack Cheese Block","","Market Basket Monterey Jack Cheese Block","2.49","0.0","Market Basket","8 oz","8 oz","Market Basket.jpg","","1"
"14413","Breakfast & Dairy","Tea & Coffee","Coffee","Market Basket","Market Basket House Blend Decaf","","Market Basket House Blend Decaf","4.89","0.0","Market Basket","11 oz","11 oz","Market Basket.jpg","","8"
"5099","Chips, Cookies & Snacks","Cookies & Crackers","Cookies & Cakes","Oreo","Nabisco Oreo Mega Stuf Chocolate Sandwich Cookies Family Size","","Nabisco Oreo Mega Stuf Chocolate Sandwich Cookies Family Size","5.47","0.0","Market Basket","17.6 oz","17.6 oz","15010.jpg","","6"
"6438","Beverages & Juices","Soft Drinks & Seltzers","Soft Drinks","Market Basket","Market Basket Diet Orange Soda","","Market Basket Diet Orange Soda","2.24","0.0","Market Basket","6 x 8 fl oz","6 x 8 fl oz","Market Basket.jpg","","17"
"30680","Condiments & Dressings","Salad Dressings & Toppings","Salad Dressing & Toppings","Briannas ","Briannas Organic Rich Poppy Seed Dressing ","","Briannas Organic Rich Poppy Seed Dressing ","6.24","0.0","Market Basket","12 fl oz","12 fl oz","X80.jpg","","2"
"31072","Pasta & Sauces","Gluten Free Pasta","Instant Pasta","Daiya","Daiya Alfredo Style Deluxe Style Cheezy Mac Gluten Free","871459001340","Daiya Alfredo Style Deluxe Style Cheezy Mac Gluten Free","6.24","0.0","Market Basket","10.6 oz","10.6 oz","X1191.jpg","","4"
"13954","Breakfast & Dairy","Dairy & Eggs","Specialty Cheeses","Market Basket","Market Basket Fancy Blend Finely Shredded Cheese","","Market Basket Fancy Blend Finely Shredded Cheese","4.89","0.0","Market Basket","16 oz","16 oz","Market Basket.jpg","","1"
"14423","Breakfast & Dairy","Tea & Coffee","Coffee","Medaglia D'Oro","Medaglia D'Oro Caffe Espresso Coffee","","Medaglia D'Oro Caffe Espresso Coffee","5.49","0.0","Market Basket","10 oz","10 oz","16301.jpg","","8"
"4295","Meat & Seafood","Meat & Seafood Counter","Lobster","Market Basket","Tempura Lobster","","Tempura Lobster","4.09","0.0","Market Basket","1 lb","1 lb","Market Basket.jpg","","22"
"151","Kitchen & Cleaning","Cleaning Products","Other Cleaning Products","Febreze","Mr. Clean with Febreze Freshness Lavender Vanilla & Comfort Multi-Purpose Cleaner","","Mr. Clean with Febreze Freshness Lavender Vanilla & Comfort Multi-Purpose Cleaner","3.69","1.0","Market Basket","40 fl oz","40 fl oz","18052.jpg","","15"
"35172","Condiments & Dressings","Marinades, Ketchup & Sauces","Marinades & Meat Preparation","World Harbors ","World Harbors Aulthentic Flavors  Asian Manne's Own Lemon Pepper & Garlic Sauce & Marinade Cooking Dipping ","715364100036","World Harbors Aulthentic Flavors  Asian Manne's Own Lemon Pepper & Garlic Sauce & Marinade Cooking Dipping ","4.74","0.0","Market Basket","16 fl oz","16 fl oz","X2045.jpg","","2"
"5171","Chips, Cookies & Snacks","Cookies & Crackers","Crackers","Dare","Dare Vinta 8 Grains & Seeds","","Dare Vinta 8 Grains & Seeds","3.13","0.0","Market Basket","8.8 oz","8.8 oz","No Image.jpg","","6"
"14359","Breakfast & Dairy","Tea & Coffee","Coffee","Dunkin' Donuts","Dunkin' Donuts Medium Roast Ground Coffee 100% Colombian","","Dunkin' Donuts Medium Roast Ground Coffee 100% Colombian","8.59","0.0","Market Basket","11 oz","11 oz","3382.jpg","","8"
"14649","Breakfast & Dairy","Tea & Coffee","Tea","Twinings","Twinings of London Pure Camomile Herbal Tea Tea Bags","","Twinings of London Pure Camomile Herbal Tea Tea Bags","3.09","0.0","Market Basket","20 count","20 count","3445.jpg","","8"
"4156","Meat & Seafood","Meat & Seafood Counter","Ham","Market Basket","Market Basket Spiral Cooked Ham","","Market Basket Spiral Cooked Ham","18.59","0.0","Market Basket","1 lb","1 lb","Market Basket.jpg","","22"
"6576","Beverages & Juices","Juices & Refrigerated Drinks","Refrigerated Drinks","Bolthouse Farms","Bolthouse Farms Strawberry Banana 100% Fruit Juice Smoothie","","Bolthouse Farms Strawberry Banana 100% Fruit Juice Smoothie","4.59","0.0","Market Basket","32 fl oz","32 fl oz","3830.jpg","","20"
"7039","Cooking Needs","Baking & Cooking","Doughs, Gelatins & Bake Mixes","Royal","Royal Vanilla Pudding","","Royal Vanilla Pudding","1.09","0.0","Market Basket","2.75 oz","2.75 oz","2106.jpg","","8"
"4539","Meat & Seafood","Lunch Meat","Other Meat","Del Duca","Del Duca Prosciutto","","Del Duca Prosciutto","4.39","0.0","Market Basket","3 oz","3 oz","5459.jpg","","22"
"30137","Pasta & Sauces","Gluten Free Pasta","Instant Pasta","Annie's ","Annies Homegrown Rice Pasta Shells & White Cheddar Gluten Free ","013562610068","Annies Homegrown Rice Pasta Shells & White Cheddar Gluten Free ","3.13","0.0","Market Basket","6 oz","6 oz","X1226.jpg","","4"
"4081","Meat & Seafood","Meat & Seafood Counter","Beef","Market Basket","Market Basket Beef Honeycomb Tripe","","Market Basket Beef Honeycomb Tripe","5.39","0.0","Market Basket","1 lb","1 lb","Market Basket.jpg","","22"
"9051","Condiments & Dressings","Preserved Dips & Spreads","Spreads","Smucker's","Smucker's Red Raspberry Preserves","","Smucker's Red Raspberry Preserves","3.49","0.0","Market Basket","12 oz","12 oz","1624.jpg","","3"
"30946","Chips, Cookies & Snacks","Candy & Chocolates","Candy & Chocolate","Chocolove","Chocolove xoxox Almonds & Sea Salt In Dark Chocolate ","","Chocolove xoxox Almonds & Sea Salt In Dark Chocolate ","2.5","0.0","Market Basket","3.2 oz","3.2 oz","X153.jpg","","3"
"31898","Beverages & Juices","Tea, Coffee, Milk & Coconut Water","Tea & Coffee","International Delight","International Delight Vanilla Iced Coffee","","International Delight Vanilla Iced Coffee","4.61","0.0","Market Basket","64 fl oz","64 fl oz","X366.jpg","","1"
"6147","Beverages & Juices","Soft Drinks & Seltzers","Soft Drinks","Mountain Dew","Mountain Dew Can","","Mountain Dew Can","5.63","0.0","Market Basket","10 x 7.5 fl oz","10 x 7.5 fl oz","No Image.jpg","","17"
"33821","Breakfast & Dairy","Dairy & Eggs","Parmesan Cheese","Pastene","Pastene Romano Grated Cheese","066086040514","Pastene Romano Grated Cheese","6.24","0.0","Market Basket","12 oz","12 oz","X1271.jpg","","4"
"5580","Chips, Cookies & Snacks","Candy & Chocolates","Candy & Chocolate","Snickers","Snickers Singles Size Chocolate Candy Bars","","Snickers Singles Size Chocolate Candy Bars","0.99","0.0","Market Basket","1.86 oz","1.86 oz","14948.jpg","","3"
"33302","Condiments & Dressings","Marinades, Ketchup & Sauces","Sauces","MilDer ","Milder Jalapeno Tabasco Brand Milder Than Original Tabasco Brand Green Pepper Sauce ","011210009714","Milder Jalapeno Tabasco Brand Milder Than Original Tabasco Brand Green Pepper Sauce ","4.99","0.0","Market Basket","5 fl oz","5 fl oz","X2113.jpg","","2"
"4353","Meat & Seafood","Meat & Seafood Counter","Shrimp","Market Basket","Wild Caught Shrimp","","Wild Caught Shrimp","14.69","0.0","Market Basket","1 lb","1 lb","16686.jpg","","22"
"34674","Frozen Food","Frozen Dinners & Entrees","Frozen Meal","Stouffer's ","Stouffer's Cheddar Potato Bake","013800214508","Stouffer's Cheddar Potato Bake","2.99","0.0","Market Basket","10 oz","10 oz","X4288.jpg","","18"
"8288","Condiments & Dressings","Fresh Dips & Tapenades","Hommus","Cedar","Cedar Hommus, Original","","Cedar Hommus, Original","3.29","0.0","Market Basket","4 x 2.5 oz","4 x 2.5 oz","5497.jpg","","1"
"4038","Fresh Produce","Fresh Vegetables","White Potato","Market Basket","White Potatoes bag","","White Potatoes bag","4.24","0.0","Market Basket","5 lb","5 lb","FP147.jpg","","20"
"33847","Pasta & Sauces","Raw Pasta","Raw Pasta","Pastene","Pastene Capellini 17","066086070825","Pastene Capellini 17","1.25","0.0","Market Basket","16 oz","16 oz","X1599.jpg","","4"
"360","Kitchen & Cleaning","Food Storage & Kitchen Supplies","Storage Containers","Sterilite","Sterilite Pitcher, Blue Sky","","Sterilite Pitcher, Blue Sky","2.49","1.0","Market Basket","1 count","1 count","4486.jpg","","12"
"3446","Fresh Produce","Fresh Fruits","Coconut","Market Basket","Coconut in Mesh Bag","","Coconut in Mesh Bag","2.74","0.0","Market Basket","1 count","1 count","f24.jpg","","20"
"32539","Frozen Food","Frozen Breakfast","Frozen Breakfast","Lender's ","Lender's Onion ","076800000137","Lender's Onion ","1.74","0.0","Market Basket","1 count","1 count","X5090.jpg","","19"
"4172","Meat & Seafood","Packaged Meat & Seafood","Beef","Lloyd's","Lloyd's Seasoned & Smoked Center Cut Beef Ribs with Original BBQ Sauce","","Lloyd's Seasoned & Smoked Center Cut Beef Ribs with Original BBQ Sauce","17.69","0.0","Market Basket","37.4 oz","37.4 oz","4091.jpg","","22"
"7889","Cooking Needs","Canned Food","Canned Meat & Seafood","StarKist","Chunk Light Tuna In Water","","Chunk Light Tuna In Water","3.09","0.0","Market Basket","6.4 oz","6.4 oz","5206.jpg","","2"
"33439","Beverages & Juices","Tea, Coffee, Milk & Coconut Water","Tea","Nantucket Nectars","Nantucket Nectars Half n Half Lemonade Iced Tea","726284000139","Nantucket Nectars Half n Half Lemonade Iced Tea","1.86","0.0","Market Basket","16 fl oz","16 fl oz","X3017.jpg","","10"
"6825","Cooking Needs","Baking & Cooking","Baking Ingredients","Domino","Domino Organic Raw Cane Sugar","","Domino Organic Raw Cane Sugar","2.79","0.0","Market Basket","24 oz","24 oz","2337.jpg","","8"
"6840","Cooking Needs","Baking & Cooking","Baking Ingredients","Ghirardelli Chocolate","Ghirardelli Chocolate 60% Cacao Bittersweet Chocolate Premium Baking Bar","","Ghirardelli Chocolate 60% Cacao Bittersweet Chocolate Premium Baking Bar","2.79","0.0","Market Basket","4 oz","4 oz","2346.jpg","","8"
"30160","Meat & Seafood","Hot Dogs, Bacon & Sausage","Sausage","Applegate","Applegate Naturals No Sugar Chicken and Herb Breakfast Sausage, 10 Sausages","025317894005","Applegate Naturals No Sugar Chicken and Herb Breakfast Sausage, 10 Sausages","5.36","0.0","Market Basket","7 oz","7 oz","X26.jpg","","1"
"5682","Chips, Cookies & Snacks","Nuts, Seeds & Dried Fruit","Trail Mix & Snack Mix","Chex Mix","Chex Mix Savory Bold Party Blend Snack Mix","","Chex Mix Savory Bold Party Blend Snack Mix","3.09","0.0","Market Basket","8.75 oz","8.75 oz","1473.jpg","","0"
"34163","Pasta & Sauces","Raw Pasta","Raw Pasta","Prince","Prince Pasta Angel Hair","041129010044","Prince Pasta Angel Hair","1.56","0.0","Market Basket","16 oz","16 oz","X1653.jpg","","4"
"32838","Breakfast & Dairy","Breads & Rolls","Bagels","Market Basket","Market Basket 12 Mini Bagels Cinnamon Raisin","049705544471","Market Basket 12 Mini Bagels Cinnamon Raisin","2.5","0.0","Market Basket","17 oz","17 oz","X2419.jpg","","18"
"4329","Meat & Seafood","Meat & Seafood Counter","Pork","Market Basket","Pork Tenderloin Tips","","Pork Tenderloin Tips","3.09","0.0","Market Basket","1 lb","1 lb","Market Basket.jpg","","22"
"5838","Breakfast & Dairy","Bars & Pastries","Protien Bars","thinkThin","thinkThin Protein & Fiber Bar Chunky Chocolate Peanut","","thinkThin Protein & Fiber Bar Chunky Chocolate Peanut","1.59","0.0","Market Basket","1.41 oz","1.41 oz","15237.jpg","","3"
"35138","Condiments & Dressings","Salad Dressings & Toppings","Salad Dressing & Toppings","Wish Bone","Wish Bone Creamy Caesar Dressing ","041321005657","Wish Bone Creamy Caesar Dressing ","2.5","0.0","Market Basket","15 fl oz","15 fl oz","X909.jpg","","2"
"35120","Condiments & Dressings","Preserved Dips & Spreads","Spreads","Wild Friends ","Wild Friends Chocolate Coconut Peanut Butter ","","Wild Friends Chocolate Coconut Peanut Butter ","7.49","0.0","Market Basket","16 oz","16 oz","X898.jpg","","3"
"5585","Chips, Cookies & Snacks","Candy & Chocolates","Candy & Chocolate","Starburst","Starburst Original Fruit Chews Candy","","Starburst Original Fruit Chews Candy","11.23","0.0","Market Basket","51 oz","51 oz","14911.jpg","","3"
"32503","Frozen Food","Frozen Dinners & Entrees","Frozen Meal","Lean Cuisine ","Lean Cuisine Classic Macaroni & Beef","013800188083","Lean Cuisine Classic Macaroni & Beef","2.5","0.0","Market Basket","                  9 1/2 oz","                  9 1/2 oz","X4221.jpg","","18"
"7359","Cooking Needs","Spices & Seasonings","Spices & Seasonings","Morton","Morton Salt","","Morton Salt","1.09","0.0","Market Basket","26 oz","26 oz","15629.jpg","","9"
"8394","Condiments & Dressings","Marinades, Ketchup & Sauces","Marinades & Meat Preparation","4C Breadcrumbs","4C Breadcrumbs Seasoned","","4C Breadcrumbs Seasoned","1.49","0.0","Market Basket","15 oz","15 oz","1979.jpg","","1"
"15259","Personal Care","Personal Needs","Oral Hygiene","Sensodyne","Sensodyne Toothpaste","","Sensodyne Toothpaste","5.62","1.0","Market Basket","4 oz","4 oz","17768.jpg","","13"
"31453","Breakfast & Dairy","Cereal","Cereal","General Mills","General Mills Multigrain Cheerios Family Size","016000487710","General Mills Multigrain Cheerios Family Size","4.99","0.0","Market Basket","18 oz","18 oz","X3430.jpg","","5"
"34715","Condiments & Dressings","Preserved Dips & Spreads","Spreads","Sun Butter ","Sun Butter Creamy Sunflower Butter","","Sun Butter Creamy Sunflower Butter","7.49","0.0","Market Basket","9 oz","9 oz","X819.jpg","","3"
"8787","Condiments & Dressings","Salad Dressings & Toppings","Salad Dressing & Toppings","4C Breadcrumbs","4C Crumbs Gluten Free Seasoned","","4C Crumbs Gluten Free Seasoned","3.69","0.0","Market Basket","12 oz","12 oz","15451.jpg","","2"
"13976","Breakfast & Dairy","Dairy & Eggs","Specialty Cheeses","Market Basket","Tortellini Tricolor With Cheese","","Tortellini Tricolor With Cheese","3.69","0.0","Market Basket","16 oz","16 oz","Market Basket.jpg","","1"
"5349","Chips, Cookies & Snacks","Cookies & Crackers","Cookies & Cakes","belVita","belVita Toasted Coconut Breakfast Biscuits","","belVita Toasted Coconut Breakfast Biscuits","4.69","0.0","Market Basket","8.8 oz","8.8 oz","No Image.jpg","","6"
"33717","Chips, Cookies & Snacks","Candy & Chocolates","Candy & Chocolate","Orbit","Orbit Bubblemint Gum Artification Flavored ","","Orbit Bubblemint Gum Artification Flavored ","8.24","0.0","Market Basket","8.8 oz","8.8 oz","X699.jpg","","3"
"34623","Breakfast & Dairy","Dairy & Eggs","Yogurt","Stonyfield","Stonyfield Organic Daily Probiotics BlueBerry Pomegranate Yogurt Drink","","Stonyfield Organic Daily Probiotics BlueBerry Pomegranate Yogurt Drink","3.36","0.0","Market Basket","3.1 oz","3.1 oz","X796.jpg","","1"
"35189","Chips, Cookies & Snacks","Candy & Chocolates","Candy & Chocolate","Wrigley's ","Wrigley's Extra Long Lasting Flavor Spearmint Naturally And Arificially Flavored ","","Wrigley's Extra Long Lasting Flavor Spearmint Naturally And Arificially Flavored ","7.49","0.0","Market Basket","120 oz","120 oz","X927.jpg","","3"
"34596","Condiments & Dressings","Marinades, Ketchup & Sauces","Sauce","Soy Yay ","Soy Yay Orange Ginger Marinade & Sauce ","088177228311","Soy Yay Orange Ginger Marinade & Sauce ","3.75","0.0","Market Basket","19 oz","19 oz","X5387.jpg","","3"
"35240","Breakfast & Dairy","Breads & Rolls","Bagels","Zeppy","Zeppy Bagels Onion","023698102030","Zeppy Bagels Onion","3.74","0.0","Market Basket","20 oz","20 oz","X2635.jpg","","18"
"9840","Frozen Food","Frozen Produce","Frozen Produce","Market Basket","Market Basket Chopped Collard Greens","","Market Basket Chopped Collard Greens","1.69","0.0","Market Basket","16 oz","16 oz","Market Basket.jpg","","19"
"31454","Breakfast & Dairy","Cereal","Cereal","General Mills","General Mills Honey Oat Cheerios Family Size","016000123151","General Mills Honey Oat Cheerios Family Size","4.99","0.0","Market Basket","19.5 oz","19.5 oz","X3431.jpg","","5"
"15048","Personal Care","Personal Needs","Deodorants","Secret","Secret Invisible Solid Powder Fresh Antiperspirant/Deodorant","","Secret Invisible Solid Powder Fresh Antiperspirant/Deodorant","4.7","1.0","Market Basket","2.6 fl oz","2.6 fl oz","18119.jpg","","13"
"31529","Beverages & Juices","Tea, Coffee, Milk & Coconut Water","Tea","Gold Peak Tea","Gold Peak Tea Lemon with real Sugar","083900005962","Gold Peak Tea Lemon with real Sugar","1.66","0.0","Market Basket","18.5 fl oz","18.5 fl oz","X2936.jpg","","10"
"31325","Meat & Seafood","Packaged Meat & Seafood","Hot Dogs & Franks","Field Roast  ","Field Roast Miniature Cron Dogs ","","Field Roast Miniature Cron Dogs ","6.86","0.0","Market Basket","10 oz","10 oz","X4760.jpg","","1"
"8136","Cooking Needs","Canned Food","Soup, Broth & Bouillon","Swanson","Swanson Natural Goodness Swanson Natural Goodness Chicken Broth","","Swanson Natural Goodness Swanson Natural Goodness Chicken Broth","3.09","0.0","Market Basket","32 fl oz","32 fl oz","17197.jpg","","2"
"6046","Beverages & Juices","Juices & Refrigerated Drinks","Juice & Nectars","Kool-Aid","Kool Aid Orange","","Kool Aid Orange","3.36","0.0","Market Basket","19 oz","19 oz","No Image.jpg","","17"
"9438","Frozen Food","Frozen Dinners & Entrees","Frozen Meal","Drive Thru","Drive Thru Cheeseburger, Chopped Beef Steak with American Cheese on a Sesame Seed Bun Frozen Entree","","Drive Thru Cheeseburger, Chopped Beef Steak with American Cheese on a Sesame Seed Bun Frozen Entree","1.89","0.0","Market Basket","4.6 oz","4.6 oz","15920.jpg","","18"
"8974","Condiments & Dressings","Preserved Dips & Spreads","Spreads","Fluff","Fluff Marshmallow","","Fluff Marshmallow","2.09","0.0","Market Basket","16 oz","16 oz","15404.jpg","","3"
"13022","Breakfast & Dairy","Cereal","Cereal","Essentials Everyday","Apple Crunchies Sweetened Multi grain Cereal","","Apple Crunchies Sweetened Multi grain Cereal","2.49","0.0","Market Basket","12.2 oz","12.2 oz","No Image.jpg","","5"
"5702","Breakfast & Dairy","Bars & Pastries","Protien Bars","Atkins","Atkins Endulge Chocolate Coconut Treat Bars","","Atkins Endulge Chocolate Coconut Treat Bars","6.09","0.0","Market Basket","5 ct","5 ct","15213.jpg","","13"
"30718","Frozen Food","Frozen Pasta","Frozen Pasta","Buitoni ","Buitoni Four Cheese Ravioli  Frozen Pasta","","Buitoni Four Cheese Ravioli  Frozen Pasta","4.99","0.0","Market Basket","9 oz","9 oz","X4683.jpg","","1"
"30013","Breakfast & Dairy","Dairy & Eggs","Yogurt","Activia ","Activia 6 Strawberry & 6 Blueberry Lowfat Yogurt 1.5% Milkfat . Vitamin D ","","Activia 6 Strawberry & 6 Blueberry Lowfat Yogurt 1.5% Milkfat . Vitamin D ","7.48","0.0","Market Basket","12 x 4 oz","12 x 4 oz","X10.jpg","","1"
"4150","Meat & Seafood","Meat & Seafood Counter","Ham","Carando","Carando Spiral Sliced Ham","","Carando Spiral Sliced Ham","21.89","0.0","Market Basket","1 lb","1 lb","No Image.jpg","","22"
"30376","Frozen Food","Frozen Dinners & Entrees","Frozen Meal","Bertolli","Bertolli Shrimp Scampi & Linguine","031000671020","Bertolli Shrimp Scampi & Linguine","8.11","0.0","Market Basket","22 oz","22 oz","X3974.jpg","","18"
"14964","Personal Care","First Aid & Healthcare","First Aid","Market Basket","Market Basket Flexible Fabric 2""x 4"" Bandages","","Market Basket Flexible Fabric 2""x 4"" Bandages","1.94","1.0","Market Basket","10 count","10 count","Market Basket.jpg","","13"
"3997","Fresh Produce","Fresh Vegetables","Squash","Market Basket","Butternut Squash (Approx: 3.5 lb)","","Butternut Squash (Approx: 3.5 lb)","5.5","0.0","Market Basket","1 count","1 count","f278.jpg","","20"
"32190","Breakfast & Dairy","Cereal","Cereal","Kellogg's ","Kellogg's All Bran Orignal","038000198410","Kellogg's All Bran Orignal","4.86","0.0","Market Basket","18.6 oz","18.6 oz","X3341.jpg","","5"
"32463","Breakfast & Dairy","Dairy & Eggs","Sour Cream","Lactaid","Lactaid ENJOY SOUR CREAM AGAIN Sour Cream 100% Lactose Free","","Lactaid ENJOY SOUR CREAM AGAIN Sour Cream 100% Lactose Free","2.49","0.0","Market Basket","16 oz","16 oz","X470.jpg","","1"
"7675","Cooking Needs","Canned Food","Canned Fruit & Applesauce","Ocean Spray","Ocean Spray Sauce Jellied Cranberry Sauce","","Ocean Spray Sauce Jellied Cranberry Sauce","1.89","0.0","Market Basket","14 oz","14 oz","4959.jpg","","3"
"35270","Richardson's Farm Ice Cream","Ice Cream","Bubble Gum","Richarson's Farm","Richarson's Farm Bubble Gum Ice Cream 16% Butterfat","","Bubble gum flavored ice cream with pieces of gum","32.99","0.0","Richardson's Farm","3 Gal. Tub","3 Gal. Tub","RichardsonsFarm.jpg","",""
"8747","Condiments & Dressings","Preserved Dips & Spreads","Preserved Dips & Salsa","Margarita's","Margarita's Hot Salsa","","Margarita's Hot Salsa","3.69","0.0","Market Basket","16 oz","16 oz","No Image.jpg","","1"
"10052","Frozen Food","Ice Cream & Ice","Ice Cream & Ice","Friendly's","Friendly's Strawberry Cake Krunch Ice Cream Bar","","Friendly's Strawberry Cake Krunch Ice Cream Bar","3.69","0.0","Market Basket","6 x 2.75 fl oz","6 x 2.75 fl oz","3062.jpg","","21"
"34975","Beverages & Juices","Juices & Refrigerated Drinks","Juice & Nectars","V8","V8 Pomegranate Blueberry","051000177230","V8 Pomegranate Blueberry","3.74","0.0","Market Basket","46 fl oz","46 fl oz","X3131.jpg","","10"
"10122","Frozen Food","Ice Cream & Ice","Ice Cream & Ice","Klondike","Klondike Ice Cream Bars Dark Chocolate","","Klondike Ice Cream Bars Dark Chocolate","4.09","0.0","Market Basket","6 count","6 count","18021.jpg","","21"
"149","Kitchen & Cleaning","Cleaning Products","Other Cleaning Products","Easy-Off","Easy-Off Oven Cleaner Heavy Duty Fresh","","Easy-Off Oven Cleaner Heavy Duty Fresh","4.89","1.0","Market Basket","14.5 oz","14.5 oz","16799.jpg","","15"
"13838","Breakfast & Dairy","Dairy & Eggs","Refrigerated Pudding & Desserts","KozyShack","KozyShack Pudding, Tapioca, Gluten Free, Cup","","KozyShack Pudding, Tapioca, Gluten Free, Cup","3.09","0.0","Market Basket","22 oz","22 oz","821.jpg","","19"
"5028","Chips, Cookies & Snacks","Chips & Fruit Snacks","Ready Popcorn","Wise","Wise Popcorn Butter Artificially Flavored","","Wise Popcorn Butter Artificially Flavored","3.91","0.0","Market Basket","6 oz","6 oz","No Image.jpg","","0"
"14936","Personal Care","First Aid & Healthcare","Digestion","MiraLAX","MiraLAX Laxative Powder","","MiraLAX Laxative Powder","18.27","1.0","Market Basket","8.3 oz","8.3 oz","6653.jpg","","13"
"35283","Richardson's Farm Ice Cream","Ice Cream","Rum based","Richarson's Farm","Richarson's Farm Rum Raisin Ice Cream 16% Butterfat","","Rum based ice cream with rum soaked raisins","32.99","0.0","Richardson's Farm","3 Gal. Tub","3 Gal. Tub","RichardsonsFarm.jpg","",""
"5949","Beverages & Juices","Cocoa & Drink Mixes","Cocoa & Drink Mixes","Mr & Mrs T","Mr & Mrs T Sweet & Sour Mix","","Mr & Mrs T Sweet & Sour Mix","4.99","0.0","Market Basket","1 L","1 L","No Image.jpg","","17"
"34035","Pasta & Sauces","Pasta Sauce","Pasta Sauce","Pirro's","Pirro's All Natural Sauce Marinara","793573073907","Pirro's All Natural Sauce Marinara","9.71","0.0","Market Basket","24 oz","24 oz","X1518.jpg","","4"
"4789","Meat & Seafood","Frozen Meat & Seafood","Frozen Fish (All)","Market Basket","Market Basket Cod Fillets","","Market Basket Cod Fillets","8.59","0.0","Market Basket","16 oz","16 oz","2866.jpg","","18"
"10072","Frozen Food","Ice Cream & Ice","Ice Cream & Ice","Haagen-dazs","Haagen dazs Mint Chip Ice Cream","","Haagen dazs Mint Chip Ice Cream","3.69","0.0","Market Basket","1 pint","1 pint","3077.jpg","","21"
"30293","Breakfast & Dairy","Cereal","Cereal","Barbaras","Barbaras Multigrain Puffins","070617006283","Barbaras Multigrain Puffins","4.99","0.0","Market Basket","10 oz","10 oz","X3645.jpg","","5"
"30385","Cooking Needs","Oils & Vinegars","Oils & Vinegars","Bertolli ","Bertolli Dal 1865 Extra Virgin Olive Oil Rich Taste ","041790002556","Bertolli Dal 1865 Extra Virgin Olive Oil Rich Taste ","6.86","0.0","Market Basket","24 fl oz","24 fl oz","X1988.jpg","","2"
"30676","Condiments & Dressings","Salad Dressings & Toppings","Salad Dressing & Toppings","Briannas ","Briannas Home Style New American Creamy Balsamic Dressing ","","Briannas Home Style New American Creamy Balsamic Dressing ","4.36","0.0","Market Basket","12 fl oz","12 fl oz","X76.jpg","","2"
"3715","Fresh Produce","Fresh Fruits","Raspberries","Market Basket","Raspberries","","Raspberries","4.24","0.0","Market Basket","1 count","1 count","14411.jpg","","20"
"4337","Meat & Seafood","Meat & Seafood Counter","Salmon","Market Basket","Market Basket Fresh Farm Raised Norwegian Salmon","","Market Basket Fresh Farm Raised Norwegian Salmon","12.31","0.0","Market Basket","Approx: 1.02 lb at $12.1/lb","Approx: 1.02 lb at $12.1/lb","4065.jpg","","22"
"469","Laundry & Paper Goods","Laundry","Laundry Detergent","Oxi Clean","OxiClean Laundry Detergent Sparkling Fresh 40 Loads","","OxiClean Laundry Detergent Sparkling Fresh 40 Loads","8.74","1.0","Market Basket","60 fl oz","60 fl oz","No Image.jpg","","15"
"31884","Breakfast & Dairy","Dairy & Eggs","Yogurt","Icelandic ","Icelandic Krimi Skyr Provisions Vanilla Bean ","","Icelandic Krimi Skyr Provisions Vanilla Bean ","1.74","0.0","Market Basket","4.4 oz","4.4 oz","X364.jpg","","1"
"32996","Pasta & Sauces","Pasta Sauce","Pasta Sauce","Market Basket","Market Basket Premium Pasta Sauce Raosted Garlic","049705034613","Market Basket Premium Pasta Sauce Raosted Garlic","2.5","0.0","Market Basket","24 oz","24 oz","X1461.jpg","","4"
"32342","Breakfast & Dairy","Dairy & Eggs","Yogurt","Kite hill","Kite hill Plant Based Artisans Plain Almond Milk Yogurt Diary-free","","Kite hill Plant Based Artisans Plain Almond Milk Yogurt Diary-free","2.5","0.0","Market Basket","5.3 oz","5.3 oz","X458.jpg","","1"
"14999","Personal Care","First Aid & Healthcare","Muscles, Joints & Pain Relief","Market Basket","Market Basket Ibuprofen Coated Tablets 200 mg","","Market Basket Ibuprofen Coated Tablets 200 mg","4.24","1.0","Market Basket","50 count","50 count","Market Basket.jpg","","13"
"8119","Cooking Needs","Canned Food","Soup, Broth & Bouillon","Progresso","Progresso Traditional Chicken and Sausage Gumbo Soup","","Progresso Traditional Chicken and Sausage Gumbo Soup","2.79","0.0","Market Basket","19 oz","19 oz","5269.jpg","","9"
"30668","Breakfast & Dairy","Dairy & Eggs","Yogurt","Brekki ","Brekki  Overnight Oats Ancient Grains The Orginal","","Brekki  Overnight Oats Ancient Grains The Orginal","2.49","0.0","Market Basket","5.3 oz","5.3 oz","X68.jpg","","1"
"13841","Breakfast & Dairy","Dairy & Eggs","Refrigerated Pudding & Desserts","Market Basket","Market Basket Marachino Cherries","","Market Basket Marachino Cherries","2.49","0.0","Market Basket","10 oz","10 oz","Market Basket.jpg","","19"
"6078","Beverages & Juices","Ginger Ale & Ginger Beer","Ginger Ale","Canada Dry","Canada Dry Diet Ginger Ale","","Canada Dry Diet Ginger Ale","1.24","0.0","Market Basket","2 L","2 L","16615.jpg","","17"
"5969","Beverages & Juices","Cocoa & Drink Mixes","Cocoa & Drink Mixes","Master of Mixes","Master of Mixes Handcrafted Strawberry Daiquiri & Margarita Mixer","","Master of Mixes Handcrafted Strawberry Daiquiri & Margarita Mixer","4.99","0.0","Market Basket","33.8 fl oz","33.8 fl oz","No Image.jpg","","17"
"5159","Chips, Cookies & Snacks","Cookies & Crackers","Crackers","Olde Cape Cod","Olde Cape Cod Squares Crispy Crackers","","Olde Cape Cod Squares Crispy Crackers","3.13","0.0","Market Basket","6 oz","6 oz","15176.jpg","","6"
"31591","Frozen Food","Frozen Fruit & Juice","Frozen Fruit","Goya","Goya Authentic Churros Pastry Snack","041331092852","Goya Authentic Churros Pastry Snack","3.11","0.0","Market Basket","14.11 oz","14.11 oz","X4436.jpg","","18"
"5186","Chips, Cookies & Snacks","Cookies & Crackers","Crackers","Lance Captain's","Lance Captain's Wafers Variety Pack Sandwich Crackers","","Lance Captain's Wafers Variety Pack Sandwich Crackers","3.91","0.0","Market Basket","11 oz","11 oz","15110.jpg","","6"
"31755","Frozen Food","Frozen Pizza","Frozen Pizza","Home Run Inn","Home Run Inn Uncured Pepperoni Classic Pizza ","031205070000","Home Run Inn Uncured Pepperoni Classic Pizza ","7.49","0.0","Market Basket","28 oz","28 oz","X4928.jpg","","19"
"9596","Frozen Food","Frozen Dinners & Entrees","Frozen Meal","On Cor","On Cor Italiano Lasagna","","On Cor Italiano Lasagna","4.29","0.0","Market Basket","26 oz","26 oz","16007.jpg","","1"
"32491","Condiments & Dressings","Marinades, Ketchup & Sauces","Marinades & Meat Preparation","Lawry's ","Lawry's  Mariande Teriyaki With Pineapple Juice ","021500048026","Lawry's  Mariande Teriyaki With Pineapple Juice ","2.86","0.0","Market Basket","12 fl oz","12 fl oz","X2071.jpg","","2"
"8096","Cooking Needs","Canned Food","Soup, Broth & Bouillon","Progresso","Progresso Chicken Broth, Reduced Sodium","","Progresso Chicken Broth, Reduced Sodium","2.49","0.0","Market Basket","32 oz","32 oz","5274.jpg","","9"
"34768","Condiments & Dressings","Marinades, Ketchup & Sauces","Marinades & Meat Preparation","Sweet Baby Ray's","Sweet Baby Ray's Gourmet Sauces Mild Buffalo Wing Sauce The Sauce Is The Boss","013409517246","Sweet Baby Ray's Gourmet Sauces Mild Buffalo Wing Sauce The Sauce Is The Boss","2.86","0.0","Market Basket","12 oz","12 oz","X2077.jpg","","2"
"5553","Chips, Cookies & Snacks","Candy & Chocolates","Candy & Chocolate","Milky Way","Milky Way Fun Size Chocolate Snack Bars","","Milky Way Fun Size Chocolate Snack Bars","4.59","0.0","Market Basket","11.24 oz","11.24 oz","14924.jpg","","3"
"13725","Breakfast & Dairy","Dairy & Eggs","Packaged Cheese","Market Basket","Market Basket American Singles White","","Market Basket American Singles White","3.09","0.0","Market Basket","1 lb","1 lb","Market Basket.jpg","","1"
"31473","Breakfast & Dairy","Cereal","Cereal","General Mills","General Mills Cheerios Mega Size ","016000163928","General Mills Cheerios Mega Size ","6.24","0.0","Market Basket","21.7 oz","21.7 oz","X3450.jpg","","5"
"13843","Breakfast & Dairy","Dairy & Eggs","Refrigerated Pudding & Desserts","Royal","Royal Pudding & Pie Filling Chocolate","","Royal Pudding & Pie Filling Chocolate","1.09","0.0","Market Basket","3.125 oz","3.125 oz","834.jpg","","19"
"9906","Frozen Food","Frozen Dinners & Entrees","Frozen Vegan & Vegetarian","Boca","Boca Grilled Vegetable Veggie Burgers","","Boca Grilled Vegetable Veggie Burgers","4.09","0.0","Market Basket","4 x 10 oz","4 x 10 oz","2943.jpg","","1"
"9348","Frozen Food","Frozen Dessert","Frozen Dessert","Marie Callender's","Marie Callender's Key Lime Pie","","Marie Callender's Key Lime Pie","7.39","0.0","Market Basket","36 oz","36 oz","2966.jpg","","19"
"34746","Beverages & Juices","Juices & Refrigerated Drinks","Juice & Nectars","Sunsweet","Sunsweet Light Amazon Prune Juice","802763118691","Sunsweet Light Amazon Prune Juice","6.24","0.0","Market Basket","64 fl oz","64 fl oz","X2917.jpg","","10"
"15063","Personal Care","Personal Needs","Deodorants","Tom's Of Maine","Tom's of Maine Deodorant Refreshing Lemongrass","","Tom's of Maine Deodorant Refreshing Lemongrass","7.0","1.0","Market Basket","2.25 oz","2.25 oz","17696.jpg","","13"
"3989","Fresh Produce","Fresh Vegetables","Speciality Produce","Market Basket","Wei Chuan Sliced Bamboo Shoots","","Wei Chuan Sliced Bamboo Shoots","1.71","0.0","Market Basket","19 oz","19 oz","FP145.jpg","","20"
"5021","Chips, Cookies & Snacks","Chips & Fruit Snacks","Chips & Pretzels","Wise","Wise Lightly Salted Potato Chips","","Wise Lightly Salted Potato Chips","4.69","0.0","Market Basket","9 oz","9 oz","947.jpg","","0"
"35293","Richardson's Farm Ice Cream","Ice Cream","Ginger","Richarson's Farm","Richarson's Farm Ginger Ice Cream 16% Butterfat","","Made with crushed ginger","32.99","0.0","Richardson's Farm","3 Gal. Tub","3 Gal. Tub","RichardsonsFarm.jpg","",""
"5134","Chips, Cookies & Snacks","Cookies & Crackers","Cookies & Cakes","Pepperidge Farm Milano","Pepperidge Farm Milano Salted Pretzel Cookies","","Pepperidge Farm Milano Salted Pretzel Cookies","4.69","0.0","Market Basket","5 oz","5 oz","1153.jpg","","6"
"8224","Condiments & Dressings","Marinades, Ketchup & Sauces","Condiments","Lavant","Lavant Tahina","","Lavant Tahina","3.09","0.0","Market Basket","16 oz","16 oz","No Image.jpg","","2"
"32955","Condiments & Dressings","Preserved Dips & Spreads","Spreads","Market Basket","Market Basket With Maple","","Market Basket With Maple","7.49","0.0","Market Basket","12 oz","12 oz","X533.jpg","","3"
"4934","Chips, Cookies & Snacks","Chips & Fruit Snacks","Chips & Pretzels","Snack Factory","Snack Factory Pretzel Crisps, Original, Multi Pack","","Snack Factory Pretzel Crisps, Original, Multi Pack","7.66","0.0","Market Basket","10 x 1 oz","10 x 1 oz","No Image.jpg","","0"
"33752","Meat & Seafood","Packaged Meat & Seafood","Hot Dogs & Franks","Oscar Mayer ","Oscar Mayer Uncured Cheese Dogs ","","Oscar Mayer Uncured Cheese Dogs ","4.36","0.0","Market Basket","16 oz","16 oz","X4578.jpg","","1"
"477","Laundry & Paper Goods","Laundry","Laundry Detergent","Purex Liquid Detergents","Purex Concentrated Detergent Mountain Breeze 38 loads","","Purex Concentrated Detergent Mountain Breeze 38 loads","4.99","1.0","Market Basket","50 fl oz","50 fl oz","No Image.jpg","","15"
"3982","Fresh Produce","Fresh Vegetables","Speciality Produce","Market Basket","Rhubarb","","Rhubarb","5.99","0.0","Market Basket","1 lb","1 lb","FP132.jpg","","20"
"5930","Beverages & Juices","Tea, Coffee, Milk & Coconut Water","Single To-Go Coffee","KITU","KITU Super Coffee Caramel","","KITU Super Coffee Caramel","3.13","0.0","Market Basket","12 fl oz","12 fl oz","No Image.jpg","","17"
"4985","Chips, Cookies & Snacks","Chips & Fruit Snacks","Chips & Pretzels","Utz","Utz Kettle Classic Jalapeno Potato Chips","","Utz Kettle Classic Jalapeno Potato Chips","4.69","0.0","Market Basket","8 oz","8 oz","No Image.jpg","","0"
"34389","Cooking Needs","Rice & Grains","Grains, Rice & Dried Goods","Rice Select","Rice Select Couscous Moroccan Style Pasta made with quality durum wheat ","074401704324","Rice Select Couscous Moroccan Style Pasta made with quality durum wheat ","7.49","0.0","Market Basket","26.5 oz","26.5 oz","X1123.jpg","","4"
"33578","Beverages & Juices","Energy & Sports Drinks","Energy & Sports Drinks","Neuro Sonic","Neuro Sonic White Raspberry","899407004014","Neuro Sonic White Raspberry","2.5","0.0","Market Basket","14.5 fl oz","14.5 fl oz","X2727.jpg","","10"
"32011","Frozen Food","Frozen Dinners & Entrees","Frozen Meal","Kahiki","Kahiki Szechuan style pepper steak, Bowl & Roll","054347311534","Kahiki Szechuan style pepper steak, Bowl & Roll","3.13","0.0","Market Basket","12 oz","12 oz","X3957.jpg","","18"
"8013","Cooking Needs","Canned Food","Soup, Broth & Bouillon","Herb-Ox","Herb Ox Chicken Flavor Granulated Bouillon","","Herb Ox Chicken Flavor Granulated Bouillon","2.99","0.0","Market Basket","4 oz","4 oz","16714.jpg","","2"
"14874","Personal Care","Feminine Care","Anti-Itch care","Vagisil","Vagisil Anti-Itch Creme","","Vagisil Anti-Itch Creme","5.62","1.0","Market Basket","1 oz","1 oz","17807.jpg","","13"
"31288","Breakfast & Dairy","Breads & Rolls","Rolls","Fantini","Fantini 6 Deli Bulkie Rolls","","Fantini 6 Deli Bulkie Rolls","2.5","0.0","Market Basket","13 oz","13 oz","X2649.jpg","","18"
"7502","Cooking Needs","Canned Food","Canned & Jarred Vegetables","Market Basket","Market Basket Crushed Tomatoes","","Market Basket Crushed Tomatoes","1.49","0.0","Market Basket","28 oz","28 oz","Market Basket.jpg","","4"
"6233","Beverages & Juices","Water","Sparkling Water","Bubly","Bubly Sparkling Water Cherry","","Bubly Sparkling Water Cherry","4.18","0.0","Market Basket","8 x 12 fl oz","8 x 12 fl oz","No Image.jpg","","11"
"34511","Frozen Food","Frozen Dinners & Entrees","Frozen Meal","Smart Ones","Smart Ones Chicken Oriental","025800022496","Smart Ones Chicken Oriental","2.5","0.0","Market Basket","9 oz","9 oz","X4194.jpg","","18"
"34569","Beverages & Juices","Tea, Coffee, Milk & Coconut Water","Tea","Snapple","Snapple Diet Lemon Tea","076183323206","Snapple Diet Lemon Tea","1.86","0.0","Market Basket","16 fl oz","16 fl oz","X2980.jpg","","10"
"34137","Beverages & Juices","Energy & Sports Drinks","Energy & Sports Drinks","Powerade","Powerade Zero Sugar Sports Drink Mixed Berry 8 pack","049000050752","Powerade Zero Sugar Sports Drink Mixed Berry 8 pack","6.24","0.0","Market Basket","8 x 20 fl oz","8 x 20 fl oz","X2718.jpg","","10"
"6495","Chips, Cookies & Snacks","Nuts, Seeds & Dried Fruit","Nuts, Seeds & Dried Fruit","David","David Original Salted & Roasted Sunflower Seeds","","David Original Salted & Roasted Sunflower Seeds","4.99","0.0","Market Basket","14.5 oz","14.5 oz","No Image.jpg","","6"
"31590","Frozen Food","Frozen Fruit & Juice","Frozen Fruit","Goya","Goya Tostones Fried Plantains","041331090476","Goya Tostones Fried Plantains","2.74","0.0","Market Basket","16 oz","16 oz","X4435.jpg","","18"
"6170","Beverages & Juices","Soft Drinks & Seltzers","Soft Drinks","Pepsi","Pepsi Diet Can","","Pepsi Diet Can","4.38","0.0","Market Basket","6 x 7.5 fl oz","6 x 7.5 fl oz","16635.jpg","","17"
"30764","Condiments & Dressings","Marinades, Ketchup & Sauces","Mayonnaise","Cains ","Cains Manyonnise Based On Original Recipe ","","Cains Manyonnise Based On Original Recipe ","4.36","0.0","Market Basket","30 fl oz","30 fl oz","X1736.jpg","","2"
"33463","Breakfast & Dairy","Bars & Pastries","Granola Bars","Nature Valley ","Nature Valley Sweet & Salty nut Chewy Granola Bars Roasted Mixed Nut","016000168947","Nature Valley Sweet & Salty nut Chewy Granola Bars Roasted Mixed Nut","3.75","0.0","Market Basket","6 x 1.02 oz","6 x 1.02 oz","X3813.jpg","","5"
"4809","Chips, Cookies & Snacks","Chips & Fruit Snacks","Chips & Pretzels","Bachman","Bachman Bite Size Mini Baked Pretzels","","Bachman Bite Size Mini Baked Pretzels","3.91","0.0","Market Basket","16 oz","16 oz","14862.jpg","","0"
"30573","Cooking Needs","Baking & Cooking","Baking Ingredients","Bob's Red Mill","bob's Red Mill  Whole Grain Red Bulgur Whole Grain Non GMO ","039978111241","bob's Red Mill  Whole Grain Red Bulgur Whole Grain Non GMO ","4.74","0.0","Market Basket","24 oz","24 oz","X5281.jpg","","3"
"33088","Breakfast & Dairy","Granola & Oats","Granola","Market Basket ","Market Basket Blueberry & Flax Speed Granola ","049705117989","Market Basket Blueberry & Flax Speed Granola ","3.75","0.0","Market Basket","12 oz","12 oz","X3772.jpg","","5"
"33535","Breakfast & Dairy","Granola & Oats","Granola","Nature's Path","Nature's Path Orignal Honey Almond Granola","058449890379","Nature's Path Orignal Honey Almond Granola","6.24","0.0","Market Basket","11 oz","11 oz","X3743.jpg","","5"
"8720","Condiments & Dressings","Preserved Dips & Spreads","Preserved Dips & Salsa","CHI-CHI'S","Chi chi's Sauces Medium Thick & Chunky Salsa","","Chi chi's Sauces Medium Thick & Chunky Salsa","3.29","0.0","Market Basket","24 oz","24 oz","15602.jpg","","0"
"7955","Cooking Needs","Canned Food","Soup, Broth & Bouillon","Campbell's","Campbell's Condensed Campbell's Condensed Healthy Request Cheddar Cheese Soup","","Campbell's Condensed Campbell's Condensed Healthy Request Cheddar Cheese Soup","2.09","0.0","Market Basket","10.75 oz","10.75 oz","5316.jpg","","2"
"3560","Fresh Produce","Fresh Vegetables","Brussel Sprouts","Uncle Vinny's","Uncle Vinny's Brussels Sprouts - 12 CT","","Uncle Vinny's Brussels Sprouts - 12 CT","4.24","0.0","Market Basket","1 container","1 container","14398.jpg","","20"
"34046","Cooking Needs","Oils & Vinegars","Oils & Vinegars","Pompeian ","Pompeian Quality Since 1906 First Cold Pressed Extra Virgin Olive Oil Robust Salads . Marinades ","070404002481","Pompeian Quality Since 1906 First Cold Pressed Extra Virgin Olive Oil Robust Salads . Marinades ","6.24","0.0","Market Basket","16 fl oz","16 fl oz","X1992.jpg","","2"
"13031","Breakfast & Dairy","Cereal","Cereal","Hannaford","Hannaford Apple Dapples Cereal","","Hannaford Apple Dapples Cereal","3.69","0.0","Market Basket","1.5 oz","1.5 oz","No Image.jpg","","5"
"5658","Chips, Cookies & Snacks","Candy & Chocolates","Mint & Gum","LifeSavers","LifeSavers Wint O Green Sugarfree Mints Candy","","LifeSavers Wint O Green Sugarfree Mints Candy","2.19","0.0","Market Basket","2.75 oz","2.75 oz","1503.jpg","","3"
"30423","Frozen Food","Frozen Dinners & Entrees","Frozen Appetizers & Sides","Bibigo","Bibigo Korean style Mini Wontons, Pork & Vegetable Dumplings","807176711712","Bibigo Korean style Mini Wontons, Pork & Vegetable Dumplings","7.49","0.0","Market Basket","24 oz","24 oz","X3962.jpg","","18"
"30116","Condiments & Dressings","Salad Dressings & Toppings","Salad Dressing & Toppings","Annie's ","Annie's Shiitake Sesame Vinaigrette","092325333352","Annie's Shiitake Sesame Vinaigrette","4.36","0.0","Market Basket","8 fl oz","8 fl oz","X1713.jpg","","2"
"6051","Beverages & Juices","Ice Pops","Ice Pops","Slush Puppie","Slush Puppie Slush Bars","","Slush Puppie Slush Bars","1.24","0.0","Market Basket","10 x 1 oz","10 x 1 oz","No Image.jpg","","17"
"13369","Breakfast & Dairy","Dairy & Eggs","Cream","Market Basket","Market Basket Half And Half","","Market Basket Half And Half","4.59","0.0","Market Basket","64 fl oz","64 fl oz","Market Basket.jpg","","1"
"4573","Meat & Seafood","Lunch Meat","Salami","Columbus","Columbus Italian Dry Salami","","Columbus Italian Dry Salami","7.39","0.0","Market Basket","12 oz","12 oz","5421.jpg","","22"
"5665","Chips, Cookies & Snacks","Candy & Chocolates","Mint & Gum","Orbit","Orbit White Spearmint Sugarfree Gum","","Orbit White Spearmint Sugarfree Gum","3.09","0.0","Market Basket","3 ct","3 ct","1494.jpg","","3"
"33918","Condiments & Dressings","Preserved Dips & Spreads","Spreads","Peanut Butter & co","Peanut Butter & co Peanut Powder Flax & Chai","","Peanut Butter & co Peanut Powder Flax & Chai","6.24","0.0","Market Basket","6.5 oz","6.5 oz","X724.jpg","","3"
"10228","Frozen Food","Ice Cream & Ice","Ice Cream & Ice","Talenti","Talenti Chocolate Chip Cookie Dough Gelato","","Talenti Chocolate Chip Cookie Dough Gelato","4.89","0.0","Market Basket","1 pint","1 pint","3174.jpg","","21"
"15160","Personal Care","Personal Needs","Oral Hygiene","Colgate","Colgate 360 Whole Mouth Clean Toothbrush Soft","","Colgate 360 Whole Mouth Clean Toothbrush Soft","4.93","1.0","Market Basket","1 count","1 count","6398.jpg","","13"
"3820","Fresh Produce","Fresh Organic Vegetables","Cucumber","Market Basket","Organic English Seedless Cucumber","","Organic English Seedless Cucumber","1.48","0.0","Market Basket","1 count","1 count","14298.jpg","","20"
"10166","Frozen Food","Ice Cream & Ice","Ice Cream & Ice","Market Basket","Market Basket Light Ice Cream","","Market Basket Light Ice Cream","2.49","0.0","Market Basket","1.75 quart","1.75 quart","Market Basket.jpg","","21"
"6105","Beverages & Juices","Soft Drinks & Seltzers","Soft Drinks","Country Time","Country Time Pink Lemonade","","Country Time Pink Lemonade","3.36","0.0","Market Basket","19 oz","19 oz","No Image.jpg","","17"
"14368","Breakfast & Dairy","Tea & Coffee","Coffee","Folgers ","Folgers Coffee","","Folgers Coffee","4.29","0.0","Market Basket","10.8 oz","10.8 oz","3344.jpg","","8"
"4218","Meat & Seafood","Packaged Meat & Seafood","Chicken Leg","Market Basket","Market Basket Leg Quarters","","Market Basket Leg Quarters","3.89","0.0","Market Basket","Approx: 3.02 lb at $1.29/lb","Approx: 3.02 lb at $1.29/lb","Market Basket.jpg","","22"
"31219","Cooking Needs","Oils & Vinegars","Oils & Vinegars","Eden","Eden Selected Toasted Sesame Oil Unrefined . Expeller Pressed ","024182421293","Eden Selected Toasted Sesame Oil Unrefined . Expeller Pressed ","11.86","0.0","Market Basket","8 fl oz","8 fl oz","X1965.jpg","","2"
"5464","Chips, Cookies & Snacks","Candy & Chocolates","Candy & Chocolate","Hershey's","Hershey's Nuggets Milk Chocolate","","Hershey's Nuggets Milk Chocolate","3.69","0.0","Market Basket","12 oz","12 oz","996.jpg","","3"
"14761","Personal Care","Body Wash, Soap & Hair Care","Hair Care","L'Oreal","L'OrealÂ® Paris Repairing Shampoo Total Repair 5","","L'OrealÂ® Paris Repairing Shampoo Total Repair 5","6.08","1.0","Market Basket","12.5 fl oz","12.5 fl oz","17821.jpg","","13"
"30222","Cooking Needs","Canned Food","Baked Beans","B&M","B&M Brick Oven Baked Maple Baked Beans ","","B&M Brick Oven Baked Maple Baked Beans ","1.49","0.0","Market Basket","16 oz","16 oz","X1814.jpg","","2"
"7215","Cooking Needs","Spices & Seasonings","Spices & Seasonings","Goya","Goya Adobo All Purpose Seasoning","","Goya Adobo All Purpose Seasoning","2.79","0.0","Market Basket","16.5 oz","16.5 oz","2237.jpg","","7"
"7430","Cooking Needs","Canned Food","Canned & Jarred Vegetables","Del Monte","Del Monte Fresh Cut Sweet Peas","","Del Monte Fresh Cut Sweet Peas","1.09","0.0","Market Basket","15 oz","15 oz","5021.jpg","","9"
"6197","Beverages & Juices","Soft Drinks & Seltzers","Soft Drinks","7 up","7 Up Diet Cherry","","7 Up Diet Cherry","2.11","0.0","Market Basket","2 L","2 L","No Image.jpg","","17"
"9133","Frozen Food","Frozen Dinners & Entrees","Frozen Appetizers & Sides","Jose Ole","Jose Ole Taquitos Beef","","Jose Ole Taquitos Beef","5.79","0.0","Market Basket","20 x 1 oz","20 x 1 oz","15808.jpg","","19"
"32474","Beverages & Juices","Juices & Refrigerated Drinks","Juice & Nectars","Langers","Langers Pomegranate Blueberry Plus 100% Juice","041755008224","Langers Pomegranate Blueberry Plus 100% Juice","3.13","0.0","Market Basket","64 fl oz","64 fl oz","X2805.jpg","","10"
"7783","Cooking Needs","Canned Food","Canned Meals & Beans","Market Basket","Market Basket Cannellini Beans","","Market Basket Cannellini Beans","0.89","0.0","Market Basket","15.5 oz","15.5 oz","5092.jpg","","2"
"3483","Fresh Produce","Fresh Organic Fruits","Apple","Market Basket","Organic Gala Apples","","Organic Gala Apples","4.39","0.0","Market Basket","2 lb","2 lb","f73.jpg","","20"
"31843","Frozen Food","Frozen Dinners & Entrees","Frozen Appetizers & Sides","Hungry-Man","Hungry-Man Salisbury Steak","051000065018","Hungry-Man Salisbury Steak","3.74","0.0","Market Basket","16 oz","16 oz","X4013.jpg","","18"
"9025","Condiments & Dressings","Preserved Dips & Spreads","Spreads","Polaner","Polaner All Fruit Spreadable Fruit Blueberry","","Polaner All Fruit Spreadable Fruit Blueberry","3.69","0.0","Market Basket","10 oz","10 oz","1677.jpg","","3"
"31484","Breakfast & Dairy","Cereal","Cereal","General Mills","General Mills Cheerios","016000275263","General Mills Cheerios","3.75","0.0","Market Basket","8.9 oz","8.9 oz","X3461.jpg","","5"
"34159","Breakfast & Dairy","Cereal","Flax","Premium Gold","Premium Gold Dash O Flax","880999810657","Premium Gold Dash O Flax","6.24","0.0","Market Basket","10 oz","10 oz","X3675.jpg","","5"
"118","Kitchen & Cleaning","Cleaning Products","Cleaning Wipes","Weiman","Weiman Leather Wipes","","Weiman Leather Wipes","3.69","1.0","Market Basket","30 count","30 count","4309.jpg","","15"
"370","Kitchen & Cleaning","Food Storage & Kitchen Supplies","Utensils & Kitchen Supplies","Brita","Brita Replacement Water Filters","","Brita Replacement Water Filters","21.99","1.0","Market Basket","3 count","3 count","4488.jpg","","11"
"13481","Breakfast & Dairy","Dairy & Eggs","Milk","Hood","Hood Vitamins C & D Milk","","Hood Vitamins C & D Milk","2.99","0.0","Market Basket","0.5 gal","0.5 gal","482.jpg","","1"
"4289","Meat & Seafood","Packaged Meat & Seafood","Turkey","Plainville Farms","Plainville Farms Ground White Turkey 93% Lean 7% Fat","","Plainville Farms Ground White Turkey 93% Lean 7% Fat","5.29","0.0","Market Basket","16 oz","16 oz","4121.jpg","","22"
"30248","Meat & Seafood","Packaged Meat & Seafood","Beef","Ball Park ","Ball Park Flame Grilled Beef Patty ","","Ball Park Flame Grilled Beef Patty ","9.49","0.0","Market Basket","16.2 oz","16.2 oz","X4696.jpg","","1"
"33376","Condiments & Dressings","Pickled Goods & Olives","Pickles","Mrs Fanning's","Mrs Fanning's The Orginal Bread'n Butter Pickles ","031500071108","Mrs Fanning's The Orginal Bread'n Butter Pickles ","2.99","0.0","Market Basket","12 fl oz","12 fl oz","X3284.jpg","","2"
"34589","Frozen Food","Frozen Pizza","Frozen Pizza","Sonoma Flatbreads ","Sonoma Flatbreads Four Cheese","830415009387","Sonoma Flatbreads Four Cheese","8.74","0.0","Market Basket","17.89 oz","17.89 oz","X4870.jpg","","19"
"14685","Personal Care","Body Wash, Soap & Hair Care","Body Wash","Dial","Dial Body Wash Himalayan Salt","","Dial Body Wash Himalayan Salt","5.62","1.0","Market Basket","16 fl oz","16 fl oz","6333.jpg","","13"
"15033","Personal Care","Personal Needs","Deodorants","Lady Speed Stick","Lady Speed Stick Invisible Dry Power Antiperspirant/Deodorant Wild Freesia","","Lady Speed Stick Invisible Dry Power Antiperspirant/Deodorant Wild Freesia","4.24","1.0","Market Basket","2.3 oz","2.3 oz","17698.jpg","","13"
"13542","Breakfast & Dairy","Dairy & Eggs","Other Creams & Cheeses","Boursin","Boursin Garlic & Herbs Cheese Dip","","Boursin Garlic & Herbs Cheese Dip","4.29","0.0","Market Basket","5.6 oz","5.6 oz","14789.jpg","","1"
"6690","Beverages & Juices","Juices & Refrigerated Drinks","Refrigerated Drinks","Welch's","Welch's Fruit Juice Cocktail Concord Grape","","Welch's Fruit Juice Cocktail Concord Grape","2.99","0.0","Market Basket","59 fl oz","59 fl oz","3865.jpg","","1"
"4499","Meat & Seafood","Lunch Meat","Ham","Fresh","Oscar Mayer Deli Fresh Honey Shaved Smoked Ham","","Oscar Mayer Deli Fresh Honey Shaved Smoked Ham","7.09","0.0","Market Basket","16 oz","16 oz","5414.jpg","","1"
"33361","Cooking Needs","Canned Food","Canned Fruit & Applesauce","Mott's ","Mott's No Sugar Added Appleause Apple ","","Mott's No Sugar Added Appleause Apple ","2.74","0.0","Market Basket","3.9 oz","3.9 oz","X623.jpg","","3"
"13611","Breakfast & Dairy","Dairy & Eggs","Other Creams & Cheeses","Weight Watchers","Weight Watchers Reduced Fat Whipped Cream Cheese Spread","","Weight Watchers Reduced Fat Whipped Cream Cheese Spread","2.69","0.0","Market Basket","8 oz","8 oz","14793.jpg","","1"
"13572","Breakfast & Dairy","Dairy & Eggs","Other Creams & Cheeses","Kraft","Kraft Philadelphia Cream Cheese Spread, Original","","Kraft Philadelphia Cream Cheese Spread, Original","5.29","0.0","Market Basket","1 lb","1 lb","685.jpg","","1"
"8454","Condiments & Dressings","Marinades, Ketchup & Sauces","Marinades & Meat Preparation","Progresso","Progresso Panko Bread Crumbs, Italian Style","","Progresso Panko Bread Crumbs, Italian Style","3.09","0.0","Market Basket","8 oz","8 oz","15559.jpg","","1"
"4216","Meat & Seafood","Packaged Meat & Seafood","Chicken Breast","Springer","Springer Mountain Farms Drumsticks","","Springer Mountain Farms Drumsticks","3.79","0.0","Market Basket","Approx: 1.50 lb","Approx: 1.50 lb","No Image.jpg","","22"
"33919","Condiments & Dressings","Pickled Goods & Olives","Olives","Pearls ","Pearls Musco Family Olive Co Specialties Blue Cheese Hand-Stuffed Queen Olives Superior Quality Guaranteed","072999198037","Pearls Musco Family Olive Co Specialties Blue Cheese Hand-Stuffed Queen Olives Superior Quality Guaranteed","5.61","0.0","Market Basket","7.5 oz","7.5 oz","X2242.jpg","","2"
"13628","Breakfast & Dairy","Dairy & Eggs","Packaged Cheese","Boursin","Boursin Garlic & Fine Herbs Gournay Cheese","","Boursin Garlic & Fine Herbs Gournay Cheese","4.89","0.0","Market Basket","5.2 oz","5.2 oz","14568.jpg","","1"
"34651","Frozen Food","Frozen Dinners & Entrees","Frozen Meal","Stouffer's ","Stouffer's Chicken A La King","013800120083","Stouffer's Chicken A La King","3.36","0.0","Market Basket","11 1/2 oz","11 1/2 oz","X4265.jpg","","18"
"8007","Cooking Needs","Canned Food","Soup, Broth & Bouillon","Healthy Choice","Healthy Choice Tomato Basil Soup","","Healthy Choice Tomato Basil Soup","1.69","0.0","Market Basket","15 oz","15 oz","5368.jpg","","2"
"15044","Personal Care","Personal Needs","Deodorants","Right Guard","Right Guard Xtreme Defense 5 Antiperspirant Arctic Refresh","","Right Guard Xtreme Defense 5 Antiperspirant Arctic Refresh","6.08","1.0","Market Basket","4 oz","4 oz","6328.jpg","","13"
"99","Kitchen & Cleaning","Cleaning Products","Bathroom Cleaner","Lysol","Lysol Power Bathroom Cleaner","","Lysol Power Bathroom Cleaner","4.69","1.0","Market Basket","32 fl oz","32 fl oz","4255.jpg","","15"
"6073","Beverages & Juices","Ginger Ale & Ginger Beer","Ginger Ale","Canada Dry","Canada Dry Diet Ginger Ale","","Canada Dry Diet Ginger Ale","5.0","0.0","Market Basket","6 x 16.9 fl oz","6 x 16.9 fl oz","No Image.jpg","","17"
"32344","Breakfast & Dairy","Dairy & Eggs","Yogurt","Kite hill","Kite hill Plant Based Artisans Blueberry Almond Milk Yogurt Diary-Free","","Kite hill Plant Based Artisans Blueberry Almond Milk Yogurt Diary-Free","2.5","0.0","Market Basket","5.3 oz","5.3 oz","X460.jpg","","1"
"509","Laundry & Paper Goods","Laundry","Laundry Detergent","Tide","Tide Pods 3 in 1 Original Laundry Detergent","","Tide Pods 3 in 1 Original Laundry Detergent","8.11","1.0","Market Basket","460 g","460 g","No Image.jpg","","15"
"30245","Meat & Seafood","Packaged Meat & Seafood","Hot Dogs & Franks","Ball Park","Ball Park Beef Uncured Beef Franks ","","Ball Park Beef Uncured Beef Franks ","4.86","0.0","Market Basket","15 oz","15 oz","X4570.jpg","","1"
"14344","Breakfast & Dairy","Tea & Coffee","Coffee","Cafe Bustelo","Cafe Bustelo Coffee, Dark Roast, Espresso Style, K Cup Pods, Box","","Cafe Bustelo Coffee, Dark Roast, Espresso Style, K Cup Pods, Box","8.59","0.0","Market Basket","12 x 0.37 oz","12 x 0.37 oz","16278.jpg","","8"
"12970","Breakfast & Dairy","Breads & Rolls","Tortillas & Flat Bread","Market Basket","Market Basket 8"" Soft Taco Corn Tortillas","","Market Basket 8"" Soft Taco Corn Tortillas","2.09","0.0","Market Basket","16 oz","16 oz","Market Basket.jpg","","7"
"56","Kitchen & Cleaning","Air Fresheners & Candles","Automatic Spray & Refill","Air Wick","Air Wick Automatic Spray Refill, Fresh Waters Fragrance","","Air Wick Automatic Spray Refill, Fresh Waters Fragrance","8.59","1.0","Market Basket","2 count","2 count","4214.jpg","","15"
"5020","Chips, Cookies & Snacks","Chips & Fruit Snacks","Chips & Pretzels","Wise","Wise Honey BBQ Flavored Potato Chips","","Wise Honey BBQ Flavored Potato Chips","4.69","0.0","Market Basket","8.75 oz","8.75 oz","943.jpg","","0"
"3804","Fresh Produce","Fresh Organic Vegetables","Avacado","Market Basket","Organic Hass Avocados Bag","","Organic Hass Avocados Bag","6.99","0.0","Market Basket","1 bag(s)","1 bag(s)","14391.jpg","","20"
"14815","Personal Care","Body Wash, Soap & Hair Care","Hair Care","White Rain","White Rain Apple Blossom Moisturizing Conditioner","","White Rain Apple Blossom Moisturizing Conditioner","1.48","1.0","Market Basket","15 fl oz","15 fl oz","17834.jpg","","13"
"31039","Breakfast & Dairy","Granola & Oats","Cup Oatmeal","Cream of Wheat ","Cream of Wheat To go Mixed Berry with Almonds","072400011054","Cream of Wheat To go Mixed Berry with Almonds","1.88","0.0","Market Basket","2.29 oz","2.29 oz","X3623.jpg","","5"
"32470","Beverages & Juices","Juices & Refrigerated Drinks","Juice & Nectars","Langers","Langers Cranberry Juice Cocktail from Concentrate","041755008101","Langers Cranberry Juice Cocktail from Concentrate","3.13","0.0","Market Basket","64 fl oz","64 fl oz","X2801.jpg","","10"
"33833","Cooking Needs","Rice & Grains","Grains, Rice & Dried Goods","Pastene","Pastene Arborio Rice for Risotto ","066086070054","Pastene Arborio Rice for Risotto ","3.99","0.0","Market Basket","17.6 oz","17.6 oz","X1062.jpg","","4"
"35064","Richardson's Farm Ice Cream","Ice Cream Toppings","Ice Cream Toppings","Walden Farms ","Walden Frms Caramel Syrup ","072457880696","Walden Frms Caramel Syrup ","4.36","0.0","Market Basket","12 oz","12 oz","X5138.jpg","","20"
"5931","Beverages & Juices","Tea, Coffee, Milk & Coconut Water","Single To-Go Coffee","Loco Coffee Co.","Loco Coffee Co. Maple Cold Brew Coffee + Maple Water","","Loco Coffee Co. Maple Cold Brew Coffee + Maple Water","3.74","0.0","Market Basket","12 fl oz","12 fl oz","No Image.jpg","","17"
"14152","Breakfast & Dairy","Dairy & Eggs","Yogurt","Lifeway","Lifeway Kefir Plain Unsweetened Cultured Lowfat Milk","","Lifeway Kefir Plain Unsweetened Cultured Lowfat Milk","3.69","0.0","Market Basket","32 fl oz","32 fl oz","14689.jpg","","1"
"30184","Beverages & Juices","Tea, Coffee, Milk & Coconut Water","Tea","AriZona","AriZona Arnol Palmer Lite Half & Half Iced Tea Lemonade","613008719302","AriZona Arnol Palmer Lite Half & Half Iced Tea Lemonade","1.24","0.0","Market Basket","23 fl oz","23 fl oz","X3053.jpg","","10"
"7540","Cooking Needs","Canned Food","Canned & Jarred Vegetables","Market Basket","Market Basket Whole Kernel White Corn","","Market Basket Whole Kernel White Corn","0.99","0.0","Market Basket","15.25 oz","15.25 oz","Market Basket.jpg","","9"
"30823","Condiments & Dressings","Salad Dressings & Toppings","Salad Dressing & Toppings","Cardini's","Cardini's Caesar Dressing Light Greek Vinaigrette ","","Cardini's Caesar Dressing Light Greek Vinaigrette ","3.25","0.0","Market Basket","12 fl oz","12 fl oz","X99.jpg","","2"
"540","Laundry & Paper Goods","Laundry","Laundry Detergent","all","all stainlifters exhilarating laender 66 Loads Laundry Detergent","","all stainlifters exhilarating laender 66 Loads Laundry Detergent","10.61","1.0","Market Basket","100 fl oz","100 fl oz","No Image.jpg","","15"
"30871","Pasta & Sauces","Pasta Sauce","Pasta Sauce","Cento","Cento Red Clam Sauce with Extra Virgin Oilve Oil","070796699993","Cento Red Clam Sauce with Extra Virgin Oilve Oil","2.49","0.0","Market Basket","15 oz","15 oz","X1409.jpg","","4"
"3510","Fresh Produce","Fresh Organic Vegetables","Onion","Market Basket","Organic Red Onions","","Organic Red Onions","4.39","0.0","Market Basket","2 lb","2 lb","f128.jpg","","20"
"31152","Cooking Needs","Canned Food","Canned Tomatoes","Del Monte","Del Monte Stewed Tomatoes with Basil, Garlic and Oregano","024000019381","Del Monte Stewed Tomatoes with Basil, Garlic and Oregano","1.25","0.0","Market Basket","14.5 oz","14.5 oz","X1365.jpg","","4"
"9194","Frozen Food","Frozen Dinners & Entrees","Frozen Appetizers & Sides","Redi","Redi Serve Family Pack Breaded & Cooked Chicken Nibblers","","Redi Serve Family Pack Breaded & Cooked Chicken Nibblers","5.79","0.0","Market Basket","35 oz","35 oz","15838.jpg","","1"
"3527","Fresh Produce","Fresh Vegetables","Asparagus","Market Basket","Local Asparagus","","Local Asparagus","4.93","0.0","Market Basket","1 count","1 count","14321.jpg","","20"
"5862","Richardson's Farm Ice Cream","Ice Cream Toppings","Ice Cream Toppings","Skinny Cow","Skinny Cow Vanilla Gone Wild Vanilla Ice Cream Sandwich","","Skinny Cow Vanilla Gone Wild Vanilla Ice Cream Sandwich","4.29","0.0","Market Basket","6 x 4 fl oz","6 x 4 fl oz","1349.jpg","","21"
"6387","Beverages & Juices","Soft Drinks & Seltzers","Soft Drinks","Polar","Polar Blueberry Lemonade","","Polar Blueberry Lemonade","1.24","0.0","Market Basket","1 L","1 L","No Image.jpg","","11"
"31138","Pasta & Sauces","Raw Pasta","Raw Pasta","De Cecco","De Cecco Pasta Angel Hair No. 9","024094070091","De Cecco Pasta Angel Hair No. 9","2.08","0.0","Market Basket","1 lb","1 lb","X1547.jpg","","4"
"6319","Beverages & Juices","Soft Drinks & Seltzers","Seltzer","Polar","Polar Seltzer Dragon Whispers","","Polar Seltzer Dragon Whispers","3.74","0.0","Market Basket","6 x 8 fl oz","6 x 8 fl oz","No Image.jpg","","11"
"9153","Frozen Food","Frozen Dinners & Entrees","Frozen Appetizers & Sides","Market Basket","Market Basket Tater Tots","","Market Basket Tater Tots","2.39","0.0","Market Basket","32 oz","32 oz","Market Basket.jpg","","18"
"31222","Frozen Food","Frozen Dinners & Entrees","Frozen Appetizers & Sides","El Monterey","El Monterey Beef Enchiladas","071007306792","El Monterey Beef Enchiladas","3.74","0.0","Market Basket","10.25 oz","10.25 oz","X4144.jpg","","18"
"14759","Personal Care","Body Wash, Soap & Hair Care","Hair Care","L'Oreal","L'OrealÂ® Paris Color Vibrancy Protecting Conditioner","","L'OrealÂ® Paris Color Vibrancy Protecting Conditioner","6.08","1.0","Market Basket","12.6 fl oz","12.6 fl oz","17812.jpg","","13"
"30952","Condiments & Dressings","Marinades, Ketchup & Sauces","Mayonnaise","Chosen Foods","Chosen Foods 100% Avocado Oil Based Classic Mayo ","","Chosen Foods 100% Avocado Oil Based Classic Mayo ","10.61","0.0","Market Basket","12 fl oz","12 fl oz","X1704.jpg","","2"
"6548","Chips, Cookies & Snacks","Nuts, Seeds & Dried Fruit","Nuts, Seeds & Dried Fruit","Next Organics","Next Organics Dried Coconuts","","Next Organics Dried Coconuts","3.74","0.0","Market Basket","4 oz","4 oz","No Image.jpg","","6"
"30021","Cooking Needs","Baking & Cooking","Stuffing Mix","ALEIAs ","Aleias Best Taste Ever Savoury Stuffing Gluten Free and Dairy Free","","Aleias Best Taste Ever Savoury Stuffing Gluten Free and Dairy Free","4.99","0.0","Market Basket","10 oz","10 oz","X17.jpg","","1"
"30133","Pasta & Sauces","Instant Pasta","Instant Pasta","Annie's ","Annies Homegrown Macaroni & Cheese Classic Cheddar ","013562000456","Annies Homegrown Macaroni & Cheese Classic Cheddar ","1.88","0.0","Market Basket","6 oz","6 oz","X1222.jpg","","4"
"32152","Frozen Food","Frozen Breakfast","Frozen Waffles","Kellogg's ","Kellogg's Eggo Thick & Fluffy Cinnamon Brown Sugar ","038000492747","Kellogg's Eggo Thick & Fluffy Cinnamon Brown Sugar ","3.36","0.0","Market Basket","11.6 oz","11.6 oz","X5019.jpg","","19"
"13521","Breakfast & Dairy","Dairy & Eggs","Milk","Oakhurst","Oakhurst 1% Lowfat Chocolate Milk","","Oakhurst 1% Lowfat Chocolate Milk","4.59","0.0","Market Basket","1 gal","1 gal","Market Basket.jpg","","1"
"530","Laundry & Paper Goods","Laundry","Scent Booster","Arm & Hammer","Arm & Hammer Clean Scentsations Scent booster Clean Meadow","","Arm & Hammer Clean Scentsations Scent booster Clean Meadow","4.99","1.0","Market Basket","24 oz","24 oz","No Image.jpg","","15"
"13649","Breakfast & Dairy","Dairy & Eggs","Packaged Cheese","Cabot Creamery","Cabot Creamery Premium Natural Cheese Pepper Jack","","Cabot Creamery Premium Natural Cheese Pepper Jack","2.69","0.0","Market Basket","8 oz","8 oz","135.jpg","","1"
"9985","Frozen Food","Ice Cream & Ice","Ice Cream & Ice","Breyer's","Breyers Ice Cream Vanilla Chocolate","","Breyers Ice Cream Vanilla Chocolate","4.79","0.0","Market Basket","48 oz","48 oz","18006.jpg","","21"
"31306","Breakfast & Dairy","Bars & Pastries","Chewy Bars","Fiber One","Fiber One Protein Caramel Chewy Bars","016000411494","Fiber One Protein Caramel Chewy Bars","4.36","0.0","Market Basket","5 x 1.17 oz","5 x 1.17 oz","X3835.jpg","","5"
"14492","Breakfast & Dairy","Tea & Coffee","Coffee","StarBucks","Starbucks Sweet Light Coffee Drink","","Starbucks Sweet Light Coffee Drink","4.89","0.0","Market Basket","48 fl oz","48 fl oz","3297.jpg","","1"
"10074","Frozen Food","Ice Cream & Ice","Ice Cream & Ice","Haagen-dazs","Haagen dazs Rum Raisin Ice Cream","","Haagen dazs Rum Raisin Ice Cream","4.29","0.0","Market Basket","14 fl oz","14 fl oz","3084.jpg","","21"
"30983","Breakfast & Dairy","Dairy & Eggs","Yogurt","Clio ","Clio Strawberry Greek Yogurt Bar Wrapped in Chocolate 8g Protein Sweet & Tart ","","Clio Strawberry Greek Yogurt Bar Wrapped in Chocolate 8g Protein Sweet & Tart ","1.24","0.0","Market Basket","7 oz","7 oz","X162.jpg","","1"
"30178","Beverages & Juices","Juices & Refrigerated Drinks","Juice & Nectars","AriZona","AriZona Rickey Sparkling Cherry Lime","613008735012","AriZona Rickey Sparkling Cherry Lime","1.24","0.0","Market Basket","23.5 fl oz","23.5 fl oz","X3057.jpg","","10"
"14980","Personal Care","First Aid & Healthcare","Muscles, Joints & Pain Relief","Advil","Advil Ibuprofen","","Advil Ibuprofen","5.05","1.0","Market Basket","24 count","24 count","6629.jpg","","13"
"33383","Frozen Food","Frozen Dinners & Entrees","Frozen Appetizers & Sides","Mrs.T's ","Mrs.T's Pierogies 4 Cheese Medley","041164000413","Mrs.T's Pierogies 4 Cheese Medley","3.13","0.0","Market Basket","16 oz","16 oz","X4301.jpg","","18"
"35281","Richardson's Farm Ice Cream","Ice Cream","Strawberry","Richarson's Farm","Richarson's Farm Strawberry Cheesecake Ice Cream 16% Butterfat","","New York style cheesecake ice cream with a strawberry swirl and chunks of cheese cake","32.99","0.0","Richardson's Farm","3 Gal. Tub","3 Gal. Tub","RichardsonsFarm.jpg","",""
"5593","Chips, Cookies & Snacks","Candy & Chocolates","Candy & Chocolate","Sun-Maid","Sun Maid Chocolate Yogurt Covered Raisins","","Sun Maid Chocolate Yogurt Covered Raisins","3.09","0.0","Market Basket","6 each","6 each","14915.jpg","","3"
"34494","Meat & Seafood","Packaged Meat & Seafood","Kraut","Silver Floss ","Silver Floss Shreded Kraut ","","Silver Floss Shreded Kraut ","4.11","0.0","Market Basket","2 lb","2 lb","X4558.jpg","","1"
"15297","Personal Care","Vitamins & Proteins","Protien Drinks","Glucerna","Glucerna Diabetes Nutritional Shake Rich Chocolate Ready-To-Drink Bottles","","Glucerna Diabetes Nutritional Shake Rich Chocolate Ready-To-Drink Bottles","14.02","1.0","Market Basket","6 x 8 fl oz","6 x 8 fl oz","6742.jpg","","13"
"7517","Cooking Needs","Canned Food","Canned & Jarred Vegetables","Market Basket","Market Basket No Salt Added Sweet Green Peas","","Market Basket No Salt Added Sweet Green Peas","0.79","0.0","Market Basket","8.5 oz","8.5 oz","Market Basket.jpg","","9"
"14583","Beverages & Juices","Tea, Coffee, Milk & Coconut Water","Tea","Pure Leaf","Pure Leaf Sweet Tea Real Brewed Tea","012000142079","Pure Leaf Sweet Tea Real Brewed Tea","3.11","0.0","Market Basket","64 fl oz","64 fl oz","X3042.jpg","","10"
"3504","Fresh Produce","Fresh Organic Vegetables","Lettuce","Market Basket","Organic Green Leaf Lettuce","","Organic Green Leaf Lettuce","3.29","0.0","Market Basket","1 count","1 count","f118.jpg","","20"
"32104","Breakfast & Dairy","Cereal","Cereal","Kellogg's ","Kellogg's Special K Orignal ","038000016110","Kellogg's Special K Orignal ","3.75","0.0","Market Basket","12 oz","12 oz","X3344.jpg","","5"
"34559","Beverages & Juices","Juices & Refrigerated Drinks","Juice & Nectars","Snapple","Snapple All Natural Kiwi Strawberry ","","Snapple All Natural Kiwi Strawberry ","7.49","0.0","Market Basket","12 x 16 fl oz","12 x 16 fl oz","X2990.jpg","","10"
"14760","Personal Care","Body Wash, Soap & Hair Care","Hair Care","L'Oreal","L'OrealÂ® Paris Color Vibrancy Protecting Shampoo","","L'OrealÂ® Paris Color Vibrancy Protecting Shampoo","6.08","1.0","Market Basket","12.6 fl oz","12.6 fl oz","17817.jpg","","13"
"32854","Breakfast & Dairy","Breads & Rolls","Bread","Market Basket","Market Basket Wheat Sandwich Bread","049705536704","Market Basket Wheat Sandwich Bread","2.5","0.0","Market Basket","24 oz","24 oz","X2379.jpg","","18"
"6237","Beverages & Juices","Water","Water","Core","Core Hydration Purified Water","","Core Hydration Purified Water","6.24","0.0","Market Basket","6 x 16.9 fl oz","6 x 16.9 fl oz","No Image.jpg","","11"
"8074","Cooking Needs","Canned Food","Soup, Broth & Bouillon","Nissin","Nissin Cup Noodles Chicken Flavor","","Nissin Cup Noodles Chicken Flavor","0.49","0.0","Market Basket","2.25 oz","2.25 oz","17250.jpg","","9"
"34479","Cooking Needs","Rice & Grains","Instant Rice","Seeds of Change","Seeds of Change Organic Brown Basmati Rice","748404287930","Seeds of Change Organic Brown Basmati Rice","3.13","0.0","Market Basket","8.5 oz","8.5 oz","X974.jpg","","4"
"8617","Condiments & Dressings","Pickled Goods & Olives","Pickled Goods & Olives","Goya","Goya Olives, Spanish, Stuffed Queen, with Minced Pimientos","","Goya Olives, Spanish, Stuffed Queen, with Minced Pimientos","3.69","0.0","Market Basket","9 oz","9 oz","1871.jpg","","7"
"32395","Beverages & Juices","Juices & Refrigerated Drinks","Juice & Nectars","Kool-Aid","Kool Aid Bursts Berry Blue","043000953730","Kool Aid Bursts Berry Blue","1.25","0.0","Market Basket","6 x 6.75 fl oz","6 x 6.75 fl oz","X3149.jpg","","10"
"4213","Meat & Seafood","Packaged Meat & Seafood","Chicken Breast","Purdue","Purdue Fit in Easy Boneless Skinless Chicken Breasts","","Purdue Fit in Easy Boneless Skinless Chicken Breasts","5.19","0.0","Market Basket","1 pack","1 pack","16708.jpg","","22"
"4967","Chips, Cookies & Snacks","Chips & Fruit Snacks","Chips & Pretzels","Terra Chips","Terra Blues Sea Salt Non GMO Chips","","Terra Blues Sea Salt Non GMO Chips","6.23","0.0","Market Basket","5 oz","5 oz","No Image.jpg","","0"
"13787","Breakfast & Dairy","Dairy & Eggs","Packaged Cheese","Palmetto","Palmetto Cheese Spread, Original","","Palmetto Cheese Spread, Original","4.89","0.0","Market Basket","12 oz","12 oz","14626.jpg","","1"
"34364","Chips, Cookies & Snacks","Candy & Chocolates","Candy & Chocolate","Reese's","Reese's Peanut Butter Cups Thins Dark Chocolate & Peanut Butter ","","Reese's Peanut Butter Cups Thins Dark Chocolate & Peanut Butter ","4.61","0.0","Market Basket","7.37 oz","7.37 oz","X742.jpg","","3"
"13878","Breakfast & Dairy","Dairy & Eggs","Soy & Lactose-Free","Califia Farms","Califia Farms Original Almondmilk","","Califia Farms Original Almondmilk","3.69","0.0","Market Basket","48 oz","48 oz","786.jpg","","1"
"3594","Fresh Produce","Fresh Vegetables","Cucumber","Market Basket","Baby Seedless Cucumber","","Baby Seedless Cucumber","3.29","0.0","Market Basket","1 lb","1 lb","f180.jpg","","20"
"33589","Frozen Food","Frozen Pizza","Frozen Pizza","Newman's Own ","Newman's Own Cauliflower Crust Margherita ","020662005991","Newman's Own Cauliflower Crust Margherita ","8.74","0.0","Market Basket","12.1 oz","12.1 oz","X4882.jpg","","19"
"5280","Chips, Cookies & Snacks","Chips & Fruit Snacks","Chips & Pretzels","Market Basket","Market Basket Ripple Potato Chips","","Market Basket Ripple Potato Chips","3.13","0.0","Market Basket","10 oz","10 oz","Market Basket.jpg","","0"
"14898","Personal Care","Feminine Care","Menstrual Pads","U by Kotex","U by Kotex - Super Premium AllNighter Ultra Thin Overnight Pads with Wings, Fragrance-Free","","U by Kotex - Super Premium AllNighter Ultra Thin Overnight Pads with Wings, Fragrance-Free","5.39","1.0","Market Basket","14 count","14 count","18159.jpg","","13"
"3952","Fresh Produce","Fresh Vegetables","Potato","Market Basket","Potato","","Potato","0.99","0.0","Market Basket","1 count","1 count","14314.jpg","","20"
"34368","Frozen Food","Frozen Dinners & Entrees","Frozen Appetizers & Sides","Rhodes","Rhodes Bake N Serv Soft White Rolls","070022004751","Rhodes Bake N Serv Soft White Rolls","4.99","0.0","Market Basket","23 oz","23 oz","X4293.jpg","","18"
"10261","Frozen Food","Ice Cream & Ice","Ice Cream & Ice","Turkey Hill","Turkey Hill Rum Raisin Original Recipe Premium Ice Cream","","Turkey Hill Rum Raisin Original Recipe Premium Ice Cream","3.09","0.0","Market Basket","48 fl oz","48 fl oz","3119.jpg","","21"
"30763","Condiments & Dressings","Marinades, Ketchup & Sauces","Mayonnaise","Cains ","Reduced Fat Mayonnaise With Olive Oil ","","Reduced Fat Mayonnaise With Olive Oil ","4.36","0.0","Market Basket","30 fl oz","30 fl oz","X1735.jpg","","2"
"32752","Frozen Food","Frozen Dinners & Entrees","Frozen Meal","Marie Callender's","Marie Callender's Sweet & Savory Sesame Chicken Bowl","021131905552","Marie Callender's Sweet & Savory Sesame Chicken Bowl","3.13","0.0","Market Basket","12.3 oz","12.3 oz","X4059.jpg","","18"
"9176","Frozen Food","Frozen Dinners & Entrees","Frozen Appetizers & Sides","Ore-Ida","Ore Ida Onion Ringers","","Ore Ida Onion Ringers","3.59","0.0","Market Basket","20 oz","20 oz","2574.jpg","","18"
"5895","Beverages & Juices","Tea, Coffee, Milk & Coconut Water","Single To-Go Coffee","StarBucks","Starbucks Tripleshot Energy Dark Roast","","Starbucks Tripleshot Energy Dark Roast","3.36","0.0","Market Basket","15 fl oz","15 fl oz","No Image.jpg","","17"
"33619","Breakfast & Dairy","Dairy & Eggs","Yogurt","Noosa","Noosa Strawberry rhubarb","","Noosa Strawberry rhubarb","2.5","0.0","Market Basket","8 oz","8 oz","X667.jpg","","1"
"34901","Beverages & Juices","Juices & Refrigerated Drinks","Refrigerated Drinks","Tropicana ","Tropicana essentials ANTIOXIDANT Pomegranate blueberry","","Tropicana essentials ANTIOXIDANT Pomegranate blueberry","4.11","0.0","Market Basket","32 fl oz","32 fl oz","X847.jpg","","1"
"30686","Meat & Seafood","Packaged Meat & Seafood","Pepperoni","Bridgford ","Bridgford Bertolino Pepproni Stick","047500003636","Bridgford Bertolino Pepproni Stick","7.49","0.0","Market Basket","16 oz","16 oz","X1314.jpg","","4"
"8068","Cooking Needs","Canned Food","Soup, Broth & Bouillon","Maruchan","Maruchan Ramen Noodle Soup Roast Chicken Flavor","","Maruchan Ramen Noodle Soup Roast Chicken Flavor","0.29","0.0","Market Basket","3 oz","3 oz","5322.jpg","","9"
"33807","Breakfast & Dairy","Breads & Rolls","Bread","Panera Bread","Panera Bread Whole Grain 100% Whole Wheat Bread","835841006979","Panera Bread Whole Grain 100% Whole Wheat Bread","4.99","0.0","Market Basket","24 oz","24 oz","X2565.jpg","","18"
"31483","Breakfast & Dairy","Cereal","Cereal","General Mills","General Mills Frosted Cheerios Large Size ","016000163676","General Mills Frosted Cheerios Large Size ","4.38","0.0","Market Basket","13.5 oz","13.5 oz","X3460.jpg","","5"
"35203","Breakfast & Dairy","Dairy & Eggs","Yogurt","Yoplait","Yoplait Original Gushes With Tropical Punch ","","Yoplait Original Gushes With Tropical Punch ","0.81","0.0","Market Basket","6 oz","6 oz","X937.jpg","","1"
"8094","Cooking Needs","Canned Food","Soup, Broth & Bouillon","Progresso","Progresso Chicken Broth","","Progresso Chicken Broth","2.79","0.0","Market Basket","32 oz","32 oz","5280.jpg","","9"
"31573","Frozen Food","Frozen Dinners & Entrees","Frozen Appetizers & Sides","Gorton's","Gorton's Butterfly Shrimp Crispy & Delicious","044400139304","Gorton's Butterfly Shrimp Crispy & Delicious","4.99","0.0","Market Basket","9.2 oz","9.2 oz","X4382.jpg","","18"
"6138","Beverages & Juices","Soft Drinks & Seltzers","Soft Drinks","Market Basket","Market Basket Club Soda","","Market Basket Club Soda","0.63","0.0","Market Basket","20 fl oz","20 fl oz","Market Basket.jpg","","17"
"10485","Cooking Needs","Rice & Grains","Instant Rice","Goya","Goya Rice & Red Beans Seasoned","","Goya Rice & Red Beans Seasoned","2.49","0.0","Market Basket","8 oz","8 oz","5747.jpg","","7"
"185","Kitchen & Cleaning","Cleaning Products","Other Cleaning Products","Swiffer","Swiffer Heavy Duty Refills","","Swiffer Heavy Duty Refills","10.99","1.0","Market Basket","7 count","7 count","18053.jpg","","15"
"3746","Fresh Produce","Fresh Herbs","Cilantro","Gourmet Garden","Gourmet Gardena, Cilantro Stir-In Paste","","Gourmet Gardena, Cilantro Stir-In Paste","4.93","0.0","Market Basket","4 oz","4 oz","100.jpg","","20"
"33451","Breakfast & Dairy","Bars & Pastries","Energy Bar","Nature Valley","Nature Valley Packed Sustained Energy Bar Almond, Butter & Blueberyy","016000162280","Nature Valley Packed Sustained Energy Bar Almond, Butter & Blueberyy","4.36","0.0","Market Basket","4 x 1.7 oz","4 x 1.7 oz","X3829.jpg","","5"
"34872","Pasta & Sauces","Raw Pasta","Raw Pasta","Tinkyada","Tinkyada Pasta Brown Rice Pasta Lasagne","621683921354","Tinkyada Pasta Brown Rice Pasta Lasagne","4.61","0.0","Market Basket","10 oz","10 oz","X1556.jpg","","4"
"35327","Richardson's Farm Ice Cream","Frozen Yogurt","Oreo","Richarson's Farm","Richarson's Farm Oreo Cookie Frozen Yogurt 95% Fat Free","","Vanilla yogurt with Oreo cookies","29.99","0.0","Richardson's Farm","3 Gal. Tub","3 Gal. Tub","RichardsonsFarm.jpg","",""
"14158","Breakfast & Dairy","Dairy & Eggs","Yogurt","Lifeway","Lifeway Strawberry Kefir Cultured Lowfat Milk","","Lifeway Strawberry Kefir Cultured Lowfat Milk","3.69","0.0","Market Basket","32 fl oz","32 fl oz","14683.jpg","","1"
"34049","Chips, Cookies & Snacks","Chips & Fruit Snacks","Popcorn","Pop Secret ","Pop Secret Extra Butter Natural Flavor ","023896166704","Pop Secret Extra Butter Natural Flavor ","2.5","0.0","Market Basket","9.6 oz","9.6 oz","X4949.jpg","","19"
"4856","Chips, Cookies & Snacks","Chips & Fruit Snacks","Chips & Pretzels","Frito Lay's","Frito Lay's Flavor Mix Party Size 28 Pack","","Frito Lay's Flavor Mix Party Size 28 Pack","17.17","0.0","Market Basket","28 x 1 oz","28 x 1 oz","No Image.jpg","","0"
"8056","Cooking Needs","Canned Food","Soup, Broth & Bouillon","Market Basket","Market Basket Tomato Condensed Soup","","Market Basket Tomato Condensed Soup","0.99","0.0","Market Basket","10.75 oz","10.75 oz","Market Basket.jpg","","2"
"8043","Cooking Needs","Canned Food","Soup, Broth & Bouillon","Market Basket","Market Basket Chicken Broth","","Market Basket Chicken Broth","1.29","0.0","Market Basket","14.5 oz","14.5 oz","Market Basket.jpg","","9"
"9875","Frozen Food","Frozen Produce","Frozen Produce","Market Basket","Market Basket Petite Peas","","Market Basket Petite Peas","1.69","0.0","Market Basket","16 oz","16 oz","Market Basket.jpg","","19"
"4555","Meat & Seafood","Lunch Meat","Other Meat","San Daniele","San Daniele Genoa Salame","","San Daniele Genoa Salame","3.69","0.0","Market Basket","3 oz","3 oz","No Image.jpg","","22"
"71","Kitchen & Cleaning","Air Fresheners & Candles","Other Air Fresheners & Candles","Glade","Glade Spray Lavender & Vanilla","","Glade Spray Lavender & Vanilla","1.49","1.0","Market Basket","8 oz","8 oz","4218.jpg","","15"
"30585","Cooking Needs","Baking & Cooking","Flour","Bob's Red Mill","Bob's RedMill Stone Ground Spelt Flour Whole Grain Non GMO","039978116505","Bob's RedMill Stone Ground Spelt Flour Whole Grain Non GMO","4.61","0.0","Market Basket","22 oz","22 oz","X5293.jpg","","3"
"13851","Breakfast & Dairy","Dairy & Eggs","Refrigerated Pudding & Desserts","Snack Pack","Snack Pack Pudding Sugar Free Chocolate","","Snack Pack Pudding Sugar Free Chocolate","1.49","0.0","Market Basket","4 x 3.25 oz","4 x 3.25 oz","810.jpg","","19"
"6826","Cooking Needs","Baking & Cooking","Baking Ingredients","Domino","Domino Sugar Pourable Brown Light Brown","","Domino Sugar Pourable Brown Light Brown","3.09","0.0","Market Basket","10 oz","10 oz","2338.jpg","","8"
"8783","Condiments & Dressings","Preserved Dips & Spreads","Preserved Dips & Salsa","Tostitos","Tostitos Smooth Cheddar Dip shelf stable","","Tostitos Smooth Cheddar Dip shelf stable","3.69","0.0","Market Basket","15 oz","15 oz","15588.jpg","","0"
"60","Kitchen & Cleaning","Air Fresheners & Candles","Candle","OW","OW Vanilla Candle","","OW Vanilla Candle","1.29","1.0","Market Basket","1 ct","1 ct","No Image.jpg","","12"
"7422","Cooking Needs","Canned Food","Canned & Jarred Vegetables","Del Monte","Del Monte Whole Kernel Corn","","Del Monte Whole Kernel Corn","1.09","0.0","Market Basket","15.25 oz","15.25 oz","5035.jpg","","9"
"9360","Frozen Food","Frozen Dessert","Frozen Dessert","Pepperidge Farm","Pepperidge Farm Frozen Chocolate Fudge Stripe Layer Cake","","Pepperidge Farm Frozen Chocolate Fudge Stripe Layer Cake","3.69","0.0","Market Basket","19.6 oz","19.6 oz","2958.jpg","","19"
"31974","Richardson's Farm Ice Cream","Cups, Cones & Bowls","Cups","Joy ","Joy Ice Cream Cups ","072092024240","Joy Ice Cream Cups ","2.5","0.0","Market Basket","3.5 oz","3.5 oz","X5118.jpg","","20"
"4599","Meat & Seafood","Lunch Meat","Turkey","Market Basket","Market Basket Fresh Cut Turkey Ends","","Market Basket Fresh Cut Turkey Ends","3.69","0.0","Market Basket","Approx: 1.00 lb at $3.69/lb","Approx: 1.00 lb at $3.69/lb","Market Basket.jpg","","22"
"33030","Pasta & Sauces","Raw Pasta","Raw Pasta","Market Basket","Market Basket Extra Wide Egg Noodles","049795032763","Market Basket Extra Wide Egg Noodles","1.88","0.0","Market Basket","12 oz","12 oz","X1685.jpg","","4"
"6003","Beverages & Juices","Energy & Sports Drinks","Energy & Sports Drinks","Monster","Monster Energy Ultra Paradise","","Monster Energy Ultra Paradise","19.36","0.0","Market Basket","10 x 16 fl oz","10 x 16 fl oz","No Image.jpg","","17"
"34580","Beverages & Juices","Tea, Coffee, Milk & Coconut Water","Tea","Snapple","Snapple All Natural Mango Tea","076183002940","Snapple All Natural Mango Tea","7.49","0.0","Market Basket","6 x 16 fl oz","6 x 16 fl oz","X2998.jpg","","10"
"32040","Breakfast & Dairy","Cereal","Cereal","Kashi","Kashi Go Flow Cinnamon Crisp","018627703655","Kashi Go Flow Cinnamon Crisp","3.75","0.0","Market Basket","14 oz","14 oz","X3714.jpg","","5"
"33543","Breakfast & Dairy","Granola & Oats","Oats","Nature's Path","Nature's Path Maple Nut Instant Oatmeal","058449450030","Nature's Path Maple Nut Instant Oatmeal","3.75","0.0","Market Basket","14 oz","14 oz","X3550.jpg","","5"
"8993","Condiments & Dressings","Preserved Dips & Spreads","Spreads","Jif","Jif Whipped Peanut Butter","","Jif Whipped Peanut Butter","3.69","0.0","Market Basket","15 oz","15 oz","No Image.jpg","","3"
"15143","Personal Care","Personal Needs","Oral Hygiene","Aim","Aim Multi-Benefit Cavity Protection Ultra Mint Gel Toothpaste","","Aim Multi-Benefit Cavity Protection Ultra Mint Gel Toothpaste","1.48","1.0","Market Basket","7.2 oz","7.2 oz","17775.jpg","","13"
"30457","Breakfast & Dairy","Granola & Oats","Granola","Bob's Red Mill","Bob's Red Mill Honey Oat Granola","039978002853","Bob's Red Mill Honey Oat Granola","4.36","0.0","Market Basket","12 oz","12 oz","X3735.jpg","","5"
"8758","Condiments & Dressings","Preserved Dips & Spreads","Preserved Dips & Salsa","Mrs. Renfro's","Mrs. Renfro's Black Bean Salsa Medium","","Mrs. Renfro's Black Bean Salsa Medium","3.69","0.0","Market Basket","16 oz","16 oz","2001.jpg","","1"
"8721","Condiments & Dressings","Preserved Dips & Spreads","Preserved Dips & Salsa","CHI-CHI'S","Chi chi's Sauces Mild Thick & Chunky Salsa","","Chi chi's Sauces Mild Thick & Chunky Salsa","4.69","0.0","Market Basket","24 oz","24 oz","15598.jpg","","1"
"34782","Frozen Food","Frozen Dinners & Entrees","Frozen Appetizers & Sides","TAI & PEI","TAI & PEI Chicken Potstickers","070077001606","TAI & PEI Chicken Potstickers","2.99","0.0","Market Basket","7.9 oz","7.9 oz","X3982.jpg","","18"
"3530","Fresh Produce","Fresh Vegetables","Avacado","Market Basket","Hass Avacado","","Hass Avacado","1.69","0.0","Market Basket","1 count","1 count","f148.jpg","","20"
"30580","Cooking Needs","Baking & Cooking","Baking Mix","Bob's Red Mill","Bob's Red Mill 10 Grain Bread Mix With Whole Grain & Flaxseed ","039978116727","Bob's Red Mill 10 Grain Bread Mix With Whole Grain & Flaxseed ","4.24","0.0","Market Basket","19 oz","19 oz","X5288.jpg","","3"
"31628","Condiments & Dressings","Marinades, Ketchup & Sauces","Mustard Sauce","Grey Poupon","Grey Poupon Made With White Wine Dijon Mastard ","043646201288","Grey Poupon Made With White Wine Dijon Mastard ","3.74","0.0","Market Basket","10.25 oz","10.25 oz","X2167.jpg","","2"
"13743","Breakfast & Dairy","Dairy & Eggs","Packaged Cheese","Market Basket","Market Basket Monterey Jack Cheese Block","","Market Basket Monterey Jack Cheese Block","6.09","0.0","Market Basket","24 oz","24 oz","Market Basket.jpg","","1"
"30679","Condiments & Dressings","Salad Dressings & Toppings","Salad Dressing & Toppings","Briannas ","Briannas Organic Real French Vinaigrette Dressing","","Briannas Organic Real French Vinaigrette Dressing","6.24","0.0","Market Basket","12 fl oz","12 fl oz","X79.jpg","","2"
"8364","Condiments & Dressings","Honey, Syrup & Nectars","Honey","Goya","Goya Honey with Comb","","Goya Honey with Comb","9.29","0.0","Market Basket","16 oz","16 oz","1607.jpg","","7"
"34790","Condiments & Dressings","Marinades, Ketchup & Sauces","Sauce","Tamari ","Tamari Gluteen Free Soy Sauce ","075810023259","Tamari Gluteen Free Soy Sauce ","4.99","0.0","Market Basket","10 fl oz","10 fl oz","X5364.jpg","","3"
"403","Laundry & Paper Goods","Paper Goods","Bathroom Tissues / Toilet Paper","Charmin","Charmin Ultra Soft MegaRoll Bathroom Tissue - 6 CT","","Charmin Ultra Soft MegaRoll Bathroom Tissue - 6 CT","11.24","1.0","Market Basket","6 count","6 count","16932.jpg","","14"
"32668","Breakfast & Dairy","Breads & Rolls","Pizza Crust","Mama Marys","Mama Marys Thin & Crispy Pizza Crusts","035457770152","Mama Marys Thin & Crispy Pizza Crusts","3.13","0.0","Market Basket","9 oz","9 oz","X1333.jpg","","4"
"30034","Cooking Needs","Rice & Grains","Rice/Pasta Sides","Alessi","Alessi All Natural Farro Four Cheese Quattro Formaggi","071072801376","Alessi All Natural Farro Four Cheese Quattro Formaggi","3.13","0.0","Market Basket","7 oz","7 oz","X1160.jpg","","4"
"32245","Condiments & Dressings","Salad Dressings & Toppings","Salad Dressing & Toppings","Ken's Steak House","Ken's Seak House Simply Vinaigette Garlic & Basil ","041335365471","Ken's Seak House Simply Vinaigette Garlic & Basil ","3.49","0.0","Market Basket","16 fl oz","16 fl oz","X413.jpg","","2"
"9097","Frozen Food","Frozen Dinners & Entrees","Frozen Appetizers & Sides","Arby's","Arby's Seasoned Curly Fries","","Arby's Seasoned Curly Fries","2.49","0.0","Market Basket","22 oz","22 oz","15813.jpg","","19"
"34556","Beverages & Juices","Juices & Refrigerated Drinks","Juice & Nectars","Snapple","Snapple All Natural Lemonade","076183003312","Snapple All Natural Lemonade","1.86","0.0","Market Basket","16 fl oz","16 fl oz","X2978.jpg","","10"
"4227","Meat & Seafood","Packaged Meat & Seafood","Crab","Dockside Classics","Dockside Classics Crab Cakes, with Real & Imitation Crab and Fish Flakes, Premium, Tray","","Dockside Classics Crab Cakes, with Real & Imitation Crab and Fish Flakes, Premium, Tray","7.39","0.0","Market Basket","4 x 12 oz","4 x 12 oz","4136.jpg","","22"
"34487","Breakfast & Dairy","Dairy & Eggs","Yogurt","Siggi's","Siggi's Probiotic Whole Milk Drinkable Yogurt Vanilla ","","Siggi's Probiotic Whole Milk Drinkable Yogurt Vanilla ","1.56","0.0","Market Basket","8 oz","8 oz","X757.jpg","","1"
"34976","Beverages & Juices","Juices & Refrigerated Drinks","Juice & Nectars","V8","V8 Strawberry Banana Light","051000169853","V8 Strawberry Banana Light","3.74","0.0","Market Basket","14 fl oz","14 fl oz","X3132.jpg","","10"
"30973","Breakfast & Dairy","Bars & Pastries","Breakfast Bars","Clif","Clif Kid ZBar Protein Peanut Butter Chocolate","722252091109","Clif Kid ZBar Protein Peanut Butter Chocolate","4.99","0.0","Market Basket","6.35 oz","6.35 oz","X3911.jpg","","5"
"13499","Breakfast & Dairy","Dairy & Eggs","Milk","Market Basket","Market Basket Whole Milk Vitamin D","","Market Basket Whole Milk Vitamin D","3.24","0.0","Market Basket","1 gal","1 gal","Market Basket.jpg","","1"
"5161","Chips, Cookies & Snacks","Cookies & Crackers","Crackers","Carr's","Carr's Table Water Crackers Cracked Pepper","","Carr's Table Water Crackers Cracked Pepper","3.91","0.0","Market Basket","4.25 oz","4.25 oz","15183.jpg","","6"
"13571","Breakfast & Dairy","Dairy & Eggs","Other Creams & Cheeses","Kraft","Kraft Philadelphia Chive & Onion Reduced Fat Cream Cheese","","Kraft Philadelphia Chive & Onion Reduced Fat Cream Cheese","3.09","0.0","Market Basket","7.5 oz","7.5 oz","691.jpg","","1"
"4870","Chips, Cookies & Snacks","Chips & Fruit Snacks","Chips & Pretzels","Lay's","Lay's Potato Chips Lightly Salted Party Size","","Lay's Potato Chips Lightly Salted Party Size","5.47","0.0","Market Basket","12.5 oz","12.5 oz","881.jpg","","0"
"4669","Meat & Seafood","Canned Meat & Seafood","Canned Anchovies","King Oscar","King Oscar Anchovies, Flat Fillets in Olive Oil","","King Oscar Anchovies, Flat Fillets in Olive Oil","2.19","0.0","Market Basket","2 oz","2 oz","5231.jpg","","2"
"198","Kitchen & Cleaning","Cleaning Products","Scrub Sponge","Brillo","Brillo Estracell Heavy Duty Scrub Sponge","","Brillo Estracell Heavy Duty Scrub Sponge","2.09","1.0","Market Basket","3 count","3 count","16773.jpg","","15"
"10073","Frozen Food","Ice Cream & Ice","Ice Cream & Ice","Haagen-dazs","Haagen dazs Pineapple Coconut Ice Cream","","Haagen dazs Pineapple Coconut Ice Cream","4.29","0.0","Market Basket","1 pint","1 pint","3082.jpg","","21"
"5287","Chips, Cookies & Snacks","Chips & Fruit Snacks","Chips & Pretzels","Pringles","Pringles Wavy Classic Salted","","Pringles Wavy Classic Salted","2.08","0.0","Market Basket","4.5 oz","4.5 oz","No Image.jpg","","0"
"6704","Chips, Cookies & Snacks","Cookies & Crackers","Twists","Entenmann's","Entenmann's Raspberry Danish Twist","","Entenmann's Raspberry Danish Twist","8.69","0.0","Market Basket","15 oz","15 oz","6223.jpg","","19"
"30014","Breakfast & Dairy","Dairy & Eggs","Yogurt","Activia ","Activia 6 Strawberry & 6 Peach Lowfat Yogurt 1.5% Milkfat . Vitamin D ","","Activia 6 Strawberry & 6 Peach Lowfat Yogurt 1.5% Milkfat . Vitamin D ","7.48","0.0","Market Basket","12 x 4 oz","12 x 4 oz","X11.jpg","","1"
"31433","Beverages & Juices","Energy & Sports Drinks","Energy & Sports Drinks","Gatorade","Gatorade Thirst Quencher Ice Punch 6 pack","052000121742","Gatorade Thirst Quencher Ice Punch 6 pack","5.36","0.0","Market Basket","6 x 12 fl oz","6 x 12 fl oz","X2680.jpg","","10"
"6018","Beverages & Juices","Energy & Sports Drinks","Energy & Sports Drinks","Red Bull","Red Bull Energy Drink","","Red Bull Energy Drink","22.49","0.0","Market Basket","12 x 8.4 fl oz","12 x 8.4 fl oz","3733.jpg","","17"
"13983","Breakfast & Dairy","Dairy & Eggs","Specialty Cheeses","Stella","Stella Freshly Crumbled Blue Cheese","","Stella Freshly Crumbled Blue Cheese","4.79","0.0","Market Basket","10 oz","10 oz","Market Basket.jpg","","1"
"4827","Chips, Cookies & Snacks","Chips & Fruit Snacks","Chips & Pretzels","Cape Cod","Cape Cod Lightly Salted 60% Less Sodium","","Cape Cod Lightly Salted 60% Less Sodium","5.92","0.0","Market Basket","8 oz","8 oz","No Image.jpg","","0"
"30324","Pasta & Sauces","Raw Pasta","Raw Pasta","Barilla","Barilla Pasta Rigatoni","076808502947","Barilla Pasta Rigatoni","1.74","0.0","Market Basket","1 lb","1 lb","X1628.jpg","","4"
"30762","Condiments & Dressings","Marinades, Ketchup & Sauces","Mayonnaise","Cains ","Cains Manyonnise Based On Original Recipe","045200000603","Cains Manyonnise Based On Original Recipe","3.74","0.0","Market Basket","15 fl oz","15 fl oz","X1706.jpg","","2"
"33391","Condiments & Dressings","Pickled Goods & Olives","Dill Spears","Mt. Olive","Mt.Olive Kosher Dill Spears Made With Sea Salt ","009300006507","Mt.Olive Kosher Dill Spears Made With Sea Salt ","2.74","0.0","Market Basket","24 fl oz","24 fl oz","X3301.jpg","","2"
"35221","Breakfast & Dairy","Dairy & Eggs","Yogurt","Yoplait","Yoplait Whip! Orange Creme","","Yoplait Whip! Orange Creme","0.81","0.0","Market Basket","4 oz","4 oz","X955.jpg","","1"
"5909","Beverages & Juices","Tea, Coffee, Milk & Coconut Water","Single To-Go Coffee","StarBucks","Starbucks Frappuccino Coffee","","Starbucks Frappuccino Coffee","3.36","0.0","Market Basket","13.7 fl oz","13.7 fl oz","No Image.jpg","","17"
"33727","Breakfast & Dairy","Dairy & Eggs","Milk","Organic Valley","Organic Valley Grassmilk Vanilla ","","Organic Valley Grassmilk Vanilla ","3.74","0.0","Market Basket","24 oz","24 oz","X705.jpg","","1"
"30951","Condiments & Dressings","Marinades, Ketchup & Sauces","Sauces","Cholula ","cholula Hot Sauce Chipotle Important from Mexico","049733830119","cholula Hot Sauce Chipotle Important from Mexico","2.49","0.0","Market Basket","12 fl oz","12 fl oz","X2111.jpg","","2"
"9048","Condiments & Dressings","Preserved Dips & Spreads","Spreads","Smucker's","Smucker's Preserves Strawberry","","Smucker's Preserves Strawberry","2.49","0.0","Market Basket","12 oz","12 oz","1613.jpg","","3"
"4252","Meat & Seafood","Packaged Meat & Seafood","Pollock","Bacala Rico","Bacala Rico Pollock Fillets","","Bacala Rico Pollock Fillets","3.69","0.0","Market Basket","12 oz","12 oz","4143.jpg","","22"
"14865","Personal Care","Body Wash, Soap & Hair Care","Soap","Palmolive","Palmolive Mild All Family Soap Bars, Classic Scent","","Palmolive Mild All Family Soap Bars, Classic Scent","1.94","1.0","Market Basket","3 x 3.2 oz","3 x 3.2 oz","17742.jpg","","13"
"4214","Meat & Seafood","Packaged Meat & Seafood","Chicken Breast","Split Tender","Split Tender Chicken Breast","","Split Tender Chicken Breast","1.89","0.0","Market Basket","1 lb","1 lb","16710.jpg","","22"
"32147","Frozen Food","Frozen Breakfast","Frozen Pancakes","Kellogg's ","Kellogg's Eggo Thick & Fluffy French Toast Cinnamon Brown Sugar ","038000204593","Kellogg's Eggo Thick & Fluffy French Toast Cinnamon Brown Sugar ","4.36","0.0","Market Basket","12.6 oz","12.6 oz","X5061.jpg","","19"
"15134","Personal Care","Personal Needs","Hand Wash","Method","Method Hand Wash, Sweet Water, Foaming","","Method Hand Wash, Sweet Water, Foaming","4.24","1.0","Market Basket","300 ml","300 ml","6374.jpg","","13"
"33725","Personal Care","Vitamins & Proteins","Protien Powders","Organic Supwefoods ","Organic Supwefoods Super Nutrition Powder Creamy Chocolate Fudge Flavore ","851770003919","Organic Supwefoods Super Nutrition Powder Creamy Chocolate Fudge Flavore ","24.99","0.0","Market Basket","1.02 lb","1.02 lb","X5202.jpg","","3"
"15178","Personal Care","Personal Needs","Oral Hygiene","Colgate","Colgate Total Whitening Toothpaste","","Colgate Total Whitening Toothpaste","4.24","1.0","Market Basket","6 oz","6 oz","6390.jpg","","13"
"533","Laundry & Paper Goods","Laundry","Laundry Detergent","all","all stainlifters original 4 in 1 mighty pacs Laundry Detergent","","all stainlifters original 4 in 1 mighty pacs Laundry Detergent","10.61","1.0","Market Basket","39 pacs","39 pacs","No Image.jpg","","15"
"3815","Fresh Produce","Fresh Organic Vegetables","Celery","Market Basket","Organic Celery","","Organic Celery","4.93","0.0","Market Basket","1 count","1 count","14417.jpg","","20"
"32966","Frozen Food","Frozen Pasta","Frozen Pasta","Market Basket","Market Basket Tortellini Meat Tortellini","049705710012","Market Basket Tortellini Meat Tortellini","2.11","0.0","Market Basket","13 oz","13 oz","X4350.jpg","","18"
"6819","Cooking Needs","Baking & Cooking","Baking Ingredients","Diamond","Diamond Of California Shelled Walnuts","","Diamond Of California Shelled Walnuts","9.19","0.0","Market Basket","1 lb","1 lb","15690.jpg","","8"
"12702","Breakfast & Dairy","Breads & Rolls","Bread","Kasanof's","Kasanof's Bread Rye Marble","","Kasanof's Bread Rye Marble","4.39","0.0","Market Basket","16 oz","16 oz","17016.jpg","","18"
"3561","Fresh Produce","Fresh Vegetables","Butterhead Lettuce","Market Basket","Butterhead (Boston Package)","","Butterhead (Boston Package)","4.24","0.0","Market Basket","1 container","1 container","14343.jpg","","20"
"8070","Cooking Needs","Canned Food","Soup, Broth & Bouillon","Maruchan","Maruchan Ramen Noodle Soup, Chicken, Instant Lunch","","Maruchan Ramen Noodle Soup, Chicken, Instant Lunch","0.49","0.0","Market Basket","2.25 oz","2.25 oz","5323.jpg","","9"
"35086","Condiments & Dressings","Preserved Dips & Spreads","Spreads","Welch's","Welch's Concord Grape Jelly","","Welch's Concord Grape Jelly","2.38","0.0","Market Basket","17.1 oz","17.1 oz","X888.jpg","","3"
"163","Kitchen & Cleaning","Cleaning Products","Other Cleaning Products","Mr. Clean","Mr. Clean Bliss Premium Latex-Free Gloves Size M","","Mr. Clean Bliss Premium Latex-Free Gloves Size M","4.59","1.0","Market Basket","1 count","1 count","4277.jpg","","15"
"33507","Breakfast & Dairy","Bars & Pastries","Pastries","Nature's Path","Nature's Path Frosted Granny's Apple Pie","058449410027","Nature's Path Frosted Granny's Apple Pie","4.36","0.0","Market Basket","11 oz","11 oz","X3515.jpg","","5"
"31731","Meat & Seafood","Packaged Meat & Seafood","Kielbasa","Hillshire Farm ","Hillshire Farm Polska Kielbasa ","","Hillshire Farm Polska Kielbasa ","4.61","0.0","Market Basket","14 oz","14 oz","X4614.jpg","","1"
"33407","Cooking Needs","Canned Food","Tomato Sauce","Muir Glen","Muir Glen Organic Tomato Sauce","725342280711","Muir Glen Organic Tomato Sauce","1.86","0.0","Market Basket","15 oz","15 oz","X1275.jpg","","4"
"30796","Cooking Needs","Oils & Vinegars","Oils & Vinegars","Capatriti","Capatriti 100% Pure Olive Oil The honest Olive Oil Sauteing,Grilling & Baking ","706950666982","Capatriti 100% Pure Olive Oil The honest Olive Oil Sauteing,Grilling & Baking ","13.74","0.0","Market Basket","16 fl oz","16 fl oz","X1993.jpg","","2"
"32687","Pasta & Sauces","Raw Pasta","Raw Pasta","Manischewitz","Manischewitz Medium Egg Noodles","072700104043","Manischewitz Medium Egg Noodles","2.5","0.0","Market Basket","12 oz","12 oz","X1691.jpg","","4"
"10003","Frozen Food","Ice Cream & Ice","Ice Cream & Ice","Edy's/dreyer's","Edy's/Dreyer's Chocolate Chip Ice Cream","","Edy's/Dreyer's Chocolate Chip Ice Cream","3.69","0.0","Market Basket","1.5 quart","1.5 quart","3012.jpg","","21"
"5370","Chips, Cookies & Snacks","Cookies & Crackers","Cookies & Cakes","Enjoy Life","Enjoy Life Soft Baked Cookies Double Chocolate Brownie","","Enjoy Life Soft Baked Cookies Double Chocolate Brownie","6.23","0.0","Market Basket","6 oz","6 oz","No Image.jpg","","6"
"3626","Fresh Produce","Fresh Fruits","Apple","Market Basket","Golden Delicious Apples","","Golden Delicious Apples","0.75","0.0","Market Basket","1 count","1 count","FP22.jpg","","20"
"33015","Pasta & Sauces","Raw Pasta","Raw Pasta","Market Basket","Market Basket Pasta Long Spaghetti","049795032633","Market Basket Pasta Long Spaghetti","1.25","0.0","Market Basket","16 oz","16 oz","X1670.jpg","","4"
"13759","Breakfast & Dairy","Dairy & Eggs","Packaged Cheese","Market Basket","Market Basket Shredded Fancy Swiss Cheese","","Market Basket Shredded Fancy Swiss Cheese","2.48","0.0","Market Basket","8 oz","8 oz","Market Basket.jpg","","1"
"13472","Breakfast & Dairy","Dairy & Eggs","Milk","Hood","Hood Chocolate Lowfat Milk","","Hood Chocolate Lowfat Milk","4.36","0.0","Market Basket","0.5 gal","0.5 gal","498.jpg","","1"
"34191","Beverages & Juices","Tea, Coffee, Milk & Coconut Water","Tea","Pure Leaf","Pure Leaf Sweet Tea Real Brewed Tea ","012000181610","Pure Leaf Sweet Tea Real Brewed Tea ","7.49","0.0","Market Basket","6 x 16.9 fl oz","6 x 16.9 fl oz","X2960.jpg","","10"
"34739","Breakfast & Dairy","Bars & Pastries","Granola Bars","Sunbelt Bakery ","Sunbelt Bakery Blueberry Granola Bars","024300031717","Sunbelt Bakery Blueberry Granola Bars","3.13","0.0","Market Basket","11 oz","11 oz","X3799.jpg","","5"
"5230","Chips, Cookies & Snacks","Cookies & Crackers","Crackers","Nabisco","Nabisco Wheat Thins Crackers, reduced Fat","","Nabisco Wheat Thins Crackers, reduced Fat","4.69","0.0","Market Basket","14.5 oz","14.5 oz","No Image.jpg","","6"
"243","Kitchen & Cleaning","Dish Detergents","Dish Liquid","Palmolive","Palmolive OXY Dish Liquid Power Degreaser","","Palmolive OXY Dish Liquid Power Degreaser","3.49","1.0","Market Basket","25 fl oz","25 fl oz","18063.jpg","","15"
"30675","Condiments & Dressings","Salad Dressings & Toppings","Salad Dressing & Toppings","Briannas ","Briannas Home Style Rich Poppy Seed Dressing ","","Briannas Home Style Rich Poppy Seed Dressing ","4.36","0.0","Market Basket","12 fl oz","12 fl oz","X75.jpg","","2"
"8182","Condiments & Dressings","Marinades, Ketchup & Sauces","Condiments","Goya","Goya Hot Sauce Salsa Picante","","Goya Hot Sauce Salsa Picante","2.79","0.0","Market Basket","8 fl oz","8 fl oz","No Image.jpg","","7"
"30207","Cooking Needs","Baking & Cooking","Stuffing Mix","Arnold","ARNOLD Premium SEASONED CUBED STUFFING","","ARNOLD Premium SEASONED CUBED STUFFING","3.13","0.0","Market Basket","12 oz","12 oz","X29.jpg","","1"
"33114","Condiments & Dressings","Salad Dressings & Toppings","Dressing","Market Basket ","Market Basket Whipped Dressing ","","Market Basket Whipped Dressing ","2.99","0.0","Market Basket","30 fl oz","30 fl oz","X1733.jpg","","2"
"429","Kitchen & Cleaning","Trash Bags & Liners","Regular Trash Bags","Market Basket","Market Basket Drawstring Trash Bags","","Market Basket Drawstring Trash Bags","3.69","1.0","Market Basket","15 count","15 count","Market Basket.jpg","","12"
"33683","Beverages & Juices","Juices & Refrigerated Drinks","Juice & Nectars","Ocean Spray","Ocean Spray Pink Cranberry Juice Cocktail from Concentrate 6 pack","031200028181","Ocean Spray Pink Cranberry Juice Cocktail from Concentrate 6 pack","4.61","0.0","Market Basket","6 x 5.5 fl oz","6 x 5.5 fl oz","X2849.jpg","","10"
"8360","Condiments & Dressings","Honey, Syrup & Nectars","Honey","Golden Blossom Honey","Golden Blossom Honey Brand Organic White Forest Honey","","Golden Blossom Honey Brand Organic White Forest Honey","6.79","0.0","Market Basket","12 oz","12 oz","1606.jpg","","3"
"6507","Chips, Cookies & Snacks","Nuts, Seeds & Dried Fruit","Nuts, Seeds & Dried Fruit","Blue Diamond","Blue Diamond Lightly Salted Almonds (Sea Salt)","","Blue Diamond Lightly Salted Almonds (Sea Salt)","9.99","0.0","Market Basket","16 oz","16 oz","No Image.jpg","","6"
"8106","Cooking Needs","Canned Food","Soup, Broth & Bouillon","Progresso","Progresso Rich & Hearty, Hearty Chicken Pot Pie Style Soup","","Progresso Rich & Hearty, Hearty Chicken Pot Pie Style Soup","2.79","0.0","Market Basket","18.5 oz","18.5 oz","5275.jpg","","9"
"4925","Chips, Cookies & Snacks","Chips & Fruit Snacks","Chips & Pretzels","Smartfood","Smartfood Smart 50 White Cheddar","","Smartfood Smart 50 White Cheddar","6.23","0.0","Market Basket","5 oz","5 oz","No Image.jpg","","0"
"174","Kitchen & Cleaning","Cleaning Products","Other Cleaning Products","Resolve","Resolve Pet Expert Carpet Stain Remover","","Resolve Pet Expert Carpet Stain Remover","6.09","1.0","Market Basket","22 fl oz","22 fl oz","16781.jpg","","15"
"6052","Beverages & Juices","Ice Pops","Ice Pops","Jolly Rancher","Jolly Rancher Freezer Pops","","Jolly Rancher Freezer Pops","1.24","0.0","Market Basket","10 x 1 oz","10 x 1 oz","No Image.jpg","","17"
"30836","Cooking Needs","Rice & Grains","Rice","Carolina ","Carolina Enriched White Rice Extra Long Grain ","017400102456","Carolina Enriched White Rice Extra Long Grain ","2.49","0.0","Market Basket","32 oz","32 oz","X1040.jpg","","4"
"13913","Breakfast & Dairy","Dairy & Eggs","Soy & Lactose-Free","So Delicious","So Delicious Dairy Free French Vanilla Coconutmilk Organic Creamer","","So Delicious Dairy Free French Vanilla Coconutmilk Organic Creamer","3.69","0.0","Market Basket","946 ml","946 ml","736.jpg","","1"
"33007","Pasta & Sauces","Raw Pasta","Raw Pasta","Market Basket","Market Basket Whole Wheat Pasta Speghatti","049705310441","Market Basket Whole Wheat Pasta Speghatti","1.25","0.0","Market Basket","13.25 oz","13.25 oz","X1611.jpg","","4"
"7685","Cooking Needs","Canned Food","Canned Meals & Beans","B & M","Bush's Best Baked Beans Boston Recipe","","Bush's Best Baked Beans Boston Recipe","1.69","0.0","Market Basket","16 oz","16 oz","5127.jpg","","2"
"30033","Cooking Needs","Rice & Grains","Rice/Pasta Sides","Alessi","Alessi Premium Risotto with Porcini Mushrooms","071072003121","Alessi Premium Risotto with Porcini Mushrooms","3.13","0.0","Market Basket","8 oz","8 oz","X1159.jpg","","4"
"10265","Frozen Food","Ice Cream & Ice","Ice Cream & Ice","Weight Watchers","Weight Watchers Chocolate Fudge Ice Cream Snack Size Bar","","Weight Watchers Chocolate Fudge Ice Cream Snack Size Bar","5.99","0.0","Market Basket","1.8 fl oz","1.8 fl oz","16154.jpg","","21"
"30526","Breakfast & Dairy","Granola & Oats","Oats","Bob's Red Mill","Bob's Red Mill Premium Quality Wheat Germ ","039978121509","Bob's Red Mill Premium Quality Wheat Germ ","3.11","0.0","Market Basket","12 oz","12 oz","X5234.jpg","","3"
"34039","Meat & Seafood","Packaged Meat & Seafood","Burger","Plant Made ","Plant Made Jackfruit Enchilada","","Plant Made Jackfruit Enchilada","4.36","0.0","Market Basket","11 oz","11 oz","X4729.jpg","","1"
"14608","Beverages & Juices","Tea, Coffee, Milk & Coconut Water","Tea","Snapple","Snapple Tea, Raspberry, Diet","","Snapple Tea, Raspberry, Diet","1.29","0.0","Market Basket","16 fl oz","16 fl oz","3521.jpg","","10"
"32313","Breakfast & Dairy","Granola & Oats","Granola","Kind","Kind Peanut Butter Clusters","602652171826","Kind Peanut Butter Clusters","6.24","0.0","Market Basket","11 oz","11 oz","X3762.jpg","","5"
"9981","Frozen Food","Ice Cream & Ice","Ice Cream & Ice","Breyer's","Breyers Ice Cream Chocolate Ice Cream","","Breyers Ice Cream Chocolate Ice Cream","4.79","0.0","Market Basket","48 oz","48 oz","18032.jpg","","21"
"35236","Breakfast & Dairy","Breads & Rolls","Bagels","Zeppy","Zeppy Bagels Plain","023698100043","Zeppy Bagels Plain","3.74","0.0","Market Basket","20 oz","20 oz","X2631.jpg","","18"
"6272","Beverages & Juices","Water","Water","Glaceau","Glaceau Smart Water","","Glaceau Smart Water","7.49","0.0","Market Basket","6 x 500 ml","6 x 500 ml","No Image.jpg","","11"
"8071","Cooking Needs","Canned Food","Soup, Broth & Bouillon","Maruchan","Maruchan Ramen Noodle Soup, Shrimp Flavor","","Maruchan Ramen Noodle Soup, Shrimp Flavor","3.09","0.0","Market Basket","12 count","12 count","5334.jpg","","2"
"32721","Condiments & Dressings","Salad Dressings & Toppings","Salad Dressing & Toppings","Maple Grove Farms","Maple Grove Farms of Vermoont Fat Free Sweet N Sour Dressing","","Maple Grove Farms of Vermoont Fat Free Sweet N Sour Dressing","3.11","0.0","Market Basket","8 fl oz","8 fl oz","X500.jpg","","2"
"8410","Condiments & Dressings","Marinades, Ketchup & Sauces","Marinades & Meat Preparation","Heinz","Heinz HomeStyle Classic Chicken Gravy","","Heinz HomeStyle Classic Chicken Gravy","2.69","0.0","Market Basket","18 oz","18 oz","1956.jpg","","9"
"10137","Frozen Food","Ice Cream & Ice","Ice Cream & Ice","Luigi's","Luigi's Italian Ice, Lemon & Cherry, Box","","Luigi's Italian Ice, Lemon & Cherry, Box","3.69","0.0","Market Basket","6 x 4 oz","6 x 4 oz","16150.jpg","","21"
"32909","Breakfast & Dairy","Dairy & Eggs","Yogurt","Market Basket","Market Basket Light Nonfat Yogurt Strawberry With Other Natural Flavors","","Market Basket Light Nonfat Yogurt Strawberry With Other Natural Flavors","0.63","0.0","Market Basket","6 oz","6 oz","X547.jpg","","1"
"14990","Personal Care","First Aid & Healthcare","Muscles, Joints & Pain Relief","Bayer","Bayer Genuine Asprin Pain Reliever/Fever Reducer Coated Tablets","","Bayer Genuine Asprin Pain Reliever/Fever Reducer Coated Tablets","9.88","1.0","Market Basket","100 count","100 count","6633.jpg","","13"
"33562","Cooking Needs","Rice & Grains","Instant Rice","Near East ","Near East Couscous mix Original","072251000504","Near East Couscous mix Original","0.99","0.0","Market Basket","10 oz","10 oz","X1024.jpg","","4"
"32865","Breakfast & Dairy","Breads & Rolls","Bread","Market Basket","Market Basket Premium 100% Whole Wheat Bread","835841003053","Market Basket Premium 100% Whole Wheat Bread","3.13","0.0","Market Basket","24 oz","24 oz","X2394.jpg","","18"
"15000","Personal Care","First Aid & Healthcare","Muscles, Joints & Pain Relief","Market Basket","Market Basket Ibuprofen Coated Tablets 200 mg","","Market Basket Ibuprofen Coated Tablets 200 mg","7.0","1.0","Market Basket","100 count","100 count","Market Basket.jpg","","13"
"32172","Frozen Food","Frozen Breakfast","Frozen Waffles","Kellogg's ","Kellogg's Eggo Minis Cinnamon Toast ","038000256035","Kellogg's Eggo Minis Cinnamon Toast ","6.11","0.0","Market Basket","25.8 oz","25.8 oz","X5039.jpg","","19"
"13289","Breakfast & Dairy","Dairy & Eggs","Butter","I Can't Believe It's Not Butter","I Can't Believe It's Not Butter Buttery Spread Light","","I Can't Believe It's Not Butter Buttery Spread Light","7.39","0.0","Market Basket","45 oz","45 oz","638.jpg","","1"
"9066","Condiments & Dressings","Preserved Dips & Spreads","Spreads","Teddie","Teddie All Natural Peanut Butter Super Chunky","","Teddie All Natural Peanut Butter Super Chunky","6.09","0.0","Market Basket","16 oz","16 oz","1669.jpg","","3"
"4149","Meat & Seafood","Meat & Seafood Counter","Haddock","Market Basket","Market Basket Fresh Large Haddock Fillets","","Market Basket Fresh Large Haddock Fillets","14.57","0.0","Market Basket","Approx: 1.09 lb at $13.4/lb","Approx: 1.09 lb at $13.4/lb","Market Basket.jpg","","22"
"33887","Condiments & Dressings","Pickled Goods & Olives","Pickled Goods & Olives","Pastene","Pastene Imported Since 1874 Quartered & Marinated Atichoke Hearts ","066086100294","Pastene Imported Since 1874 Quartered & Marinated Atichoke Hearts ","3.74","0.0","Market Basket","12 oz","12 oz","X2326.jpg","","2"
"35220","Breakfast & Dairy","Dairy & Eggs","Yogurt","Yoplait","Yoplait light Made Wih Real Fruit 4 Strawberry & 4 harvest peach ","","Yoplait light Made Wih Real Fruit 4 Strawberry & 4 harvest peach ","5.61","0.0","Market Basket","8 x 6 oz","8 x 6 oz","X954.jpg","","1"
"3759","Fresh Produce","Fresh Herbs","Poultry Bouquet","HerbThyme Farms","HerbThyme Farms Poultry Bouquet","","HerbThyme Farms Poultry Bouquet","2.86","0.0","Market Basket","0.67 oz","0.67 oz","FP54.jpg","","20"
"31286","Breakfast & Dairy","Breads & Rolls","Rolls","Fantini","Fantini 100% Whole Wheat Bulkie Rolls","","Fantini 100% Whole Wheat Bulkie Rolls","2.5","0.0","Market Basket","13 oz","13 oz","X2647.jpg","","18"
"14609","Breakfast & Dairy","Tea & Coffee","Tea","Stash Tea","Stash Tea Black Tea Chai Spice","","Stash Tea Black Tea Chai Spice","3.69","0.0","Market Basket","20 count","20 count","16320.jpg","","8"
"32033","Breakfast & Dairy","Cereal","Cereal","Kashi","Kashi Go Rise Orignal","018627703211","Kashi Go Rise Orignal","3.75","0.0","Market Basket","13.1 oz","13.1 oz","X3707.jpg","","5"
"3607","Fresh Produce","Fresh Vegetables","Eddos","Market Basket","Eddos","","Eddos","1.97","0.0","Market Basket","1 lb","1 lb","f189.jpg","","20"
"13490","Breakfast & Dairy","Dairy & Eggs","Milk","Market Basket","Market Basket 1% Milk","","Market Basket 1% Milk","2.19","0.0","Market Basket","0.5 gal","0.5 gal","Market Basket.jpg","","1"
"3962","Fresh Produce","Fresh Vegetables","Red Potato","Market Basket","Baby red potatoes","","Baby red potatoes","4.24","0.0","Market Basket","1 count","1 count","14436.jpg","","20"
"32000","Beverages & Juices","Juices & Refrigerated Drinks","Juice & Nectars","Juicy Juice","Juicy Juice Orange Tangerine","889497348594","Juicy Juice Orange Tangerine","2.5","0.0","Market Basket","8 x 4.23 fl oz","8 x 4.23 fl oz","X3086.jpg","","10"
"32403","Condiments & Dressings","Marinades, Ketchup & Sauces","Marinades & Meat Preparation","Kraft","Kraft Slow Simmered Sweet Honey Barbecue Sauce ","021000052387","Kraft Slow Simmered Sweet Honey Barbecue Sauce ","2.5","0.0","Market Basket","18 oz","18 oz","X2090.jpg","","2"
"32204","Breakfast & Dairy","Cereal","Cereal","Kellogg's ","Kellogg's Frosted Flakes with Marshmallows","038000234354","Kellogg's Frosted Flakes with Marshmallows","3.75","0.0","Market Basket","12 oz","12 oz","X3376.jpg","","5"
"8139","Cooking Needs","Canned Food","Soup, Broth & Bouillon","Swanson","Swanson Unsalted Chicken Cooking Stock","","Swanson Unsalted Chicken Cooking Stock","3.29","0.0","Market Basket","32 oz","32 oz","5397.jpg","","2"
"32432","Beverages & Juices","Juices & Refrigerated Drinks","Juice & Nectars","L & A","L & A All Canberry 100% Cranberry Juice from concentrate","041755098003","L & A All Canberry 100% Cranberry Juice from concentrate","6.24","0.0","Market Basket","32 fl oz","32 fl oz","X2786.jpg","","10"
"3975","Fresh Produce","Fresh Vegetables","Speciality Produce","Market Basket","Bean Sprouts","","Bean Sprouts","1.83","0.0","Market Basket","1 count","1 count","14397.jpg","","20"
"6990","Cooking Needs","Baking & Cooking","Doughs, Gelatins & Bake Mixes","Jell-O","Jell O Sugar Free Strawberry Instant Gelatin Mix","","Jell O Sugar Free Strawberry Instant Gelatin Mix","1.09","0.0","Market Basket","0.3 oz","0.3 oz","2047.jpg","","8"
"8369","Condiments & Dressings","Honey, Syrup & Nectars","Nectar","Honeytree's","Honeytree's Light Agave Nectar","","Honeytree's Light Agave Nectar","6.09","0.0","Market Basket","23.5 oz","23.5 oz","No Image.jpg","","3"
"7085","Cooking Needs","Oils & Vinegars","Oils & Vinegars","Palermo's","Palermo's Extra Virgin Olive Oil","","Palermo's Extra Virgin Olive Oil","12.19","0.0","Market Basket","48 fl oz","48 fl oz","15528.jpg","","2"
"34279","Meat & Seafood","Packaged Meat & Seafood","Meatless Products","Quorn","Quorn Meatless Nuggets ","","Quorn Meatless Nuggets ","3.13","0.0","Market Basket","10.6 oz","10.6 oz","X4766.jpg","","1"
"6580","Beverages & Juices","Juices & Refrigerated Drinks","Refrigerated Drinks","Currant Affair","Currant Affair Black Currant Blueberry Juice","","Currant Affair Black Currant Blueberry Juice","4.69","0.0","Market Basket","53 fl oz","53 fl oz","16548.jpg","","20"
"112","Kitchen & Cleaning","Cleaning Products","Cleaning Brush","Butler Gum","Butler Gum Brush & Caddy Set, Round Bowl","","Butler Gum Brush & Caddy Set, Round Bowl","6.09","1.0","Market Basket","1 count","1 count","4269.jpg","","15"
"5113","Chips, Cookies & Snacks","Cookies & Crackers","Cookies & Cakes","Pepperidge Farm","Pepperidge Farm Classic Collection Cookies","","Pepperidge Farm Classic Collection Cookies","9.36","0.0","Market Basket","13.25 oz","13.25 oz","15028.jpg","","6"
"32277","Condiments & Dressings","Salad Dressings & Toppings","Salad Dressing & Toppings","Ken's Steak House","Ken's Seak House Asian Sesame With Ginger & Soy Dressing ","041335334583","Ken's Seak House Asian Sesame With Ginger & Soy Dressing ","3.49","0.0","Market Basket","16 fl oz","16 fl oz","X445.jpg","","2"
"30057","Meat & Seafood","Packaged Meat & Seafood","Sausage","Alfresco ","Alfresco Spicy Jalapeno With Jalapenos And Rosted Pappers Chicken Sausage ","","Alfresco Spicy Jalapeno With Jalapenos And Rosted Pappers Chicken Sausage ","6.24","0.0","Market Basket","11 oz","11 oz","X4634.jpg","","1"
"32327","Cooking Needs","Rice & Grains","Grains, Rice & Dried Goods","Kitchen & Love","Kitchen & Love Quinoa Quick Cup with Spicy Jalpeno & Roasted Pepper Fully Cooked","7.28119E+11","Kitchen & Love Quinoa Quick Cup with Spicy Jalpeno & Roasted Pepper Fully Cooked","4.99","0.0","Market Basket","7.9 oz","7.9 oz","X1060.jpg","","4"
"7267","Cooking Needs","Spices & Seasonings","Spices & Seasonings","McCormick","McCormick Cream Of Tartar","","McCormick Cream Of Tartar","4.29","0.0","Market Basket","1.5 oz","1.5 oz","2157.jpg","","9"
"31005","Breakfast & Dairy","Dairy & Eggs","Parmesan Cheese","Colonna ","Colonna Fine Grated Cheese Blend","070506041104","Colonna Fine Grated Cheese Blend","3.49","0.0","Market Basket","16 oz","16 oz","X1268.jpg","","4"
"4528","Meat & Seafood","Lunch Meat","Ham","Thin 'n Trim","Thin 'n Trim Ham Steak With Natural Juices","","Thin 'n Trim Ham Steak With Natural Juices","2.19","0.0","Market Basket","6 oz","6 oz","No Image.jpg","","22"
"31508","Chips, Cookies & Snacks","Candy & Chocolates","Candy & Chocolate","Ghirardelli","Ghirardelli Chocolate Interse Dark 92% Cacao Moonlight Mystique Dark Chocolate","","Ghirardelli Chocolate Interse Dark 92% Cacao Moonlight Mystique Dark Chocolate","3.13","0.0","Market Basket","3.17 oz","3.17 oz","X294.jpg","","3"
"34082","Frozen Food","Frozen Dinners & Entrees","Frozen Appetizers & Sides","Poppy's ","Poppy's Pierogies Potato & Onion","814416001915","Poppy's Pierogies Potato & Onion","1.25","0.0","Market Basket","13 oz","13 oz","X4304.jpg","","18"
"3953","Fresh Produce","Fresh Vegetables","Potato","Market Basket","Valley Pride Baby Red Gourmet Potatoes","","Valley Pride Baby Red Gourmet Potatoes","4.24","0.0","Market Basket","2 lb","2 lb","14427.jpg","","20"
"33178","Frozen Food","Frozen Fruit & Juice","Frozen Juice","Market Basket ","Market Basket Pink Lemonade ","049705720448","Market Basket Pink Lemonade ","1.25","0.0","Market Basket","12 oz","12 oz","X5096.jpg","","19"
"32308","Breakfast & Dairy","Bars & Pastries","Breakfast Bars","Kind","Kind Almond Butter Dark Chocolate Bars","602652204081","Kind Almond Butter Dark Chocolate Bars","3.75","0.0","Market Basket","5 x 1.2 oz","5 x 1.2 oz","X3884.jpg","","5"
"31305","Breakfast & Dairy","Bars & Pastries","Brownies","Fiber One","Fiber One Brownies Chocolate Chip Cookies","016000426412","Fiber One Brownies Chocolate Chip Cookies","3.75","0.0","Market Basket","6 x 0.89 oz","6 x 0.89 oz","X3844.jpg","","5"
"32233","Condiments & Dressings","Salad Dressings & Toppings","Salad Dressing & Toppings","Ken's Steak House","Ken's Seak House Ranch Dressing ","041335332183","Ken's Seak House Ranch Dressing ","3.49","0.0","Market Basket","16 fl oz","16 fl oz","X401.jpg","","2"
"33356","Cooking Needs","Canned Food","Canned Fruit & Applesauce","Mott's ","Mott's Applesause Apple Great Taste You Can See 4 Clear Pouches Great Taste You Can See ","","Mott's Applesause Apple Great Taste You Can See 4 Clear Pouches Great Taste You Can See ","3.13","0.0","Market Basket","12.7 oz","12.7 oz","X618.jpg","","3"
"3947","Fresh Produce","Fresh Vegetables","Potato","Market Basket","White Potatoes","","White Potatoes","5.49","0.0","Market Basket","5 lb","5 lb","f266.jpg","","20"
"31251","Breakfast & Dairy","Bars & Pastries","Chewy Bars","Enjoy Life","Enjoy Life Soft Baked Chewy Bars Cocoa Loco ","853522000382","Enjoy Life Soft Baked Chewy Bars Cocoa Loco ","4.99","0.0","Market Basket","5 x 1.15 oz","5 x 1.15 oz","X3919.jpg","","5"
"34761","Condiments & Dressings","Marinades, Ketchup & Sauces","Marinades & Meat Preparation","Sweet Baby Ray's","Sweet Baby Ray's Gourmet Sauces Hictory & Brown Sugar Barbecue Sauce ","013409351758","Sweet Baby Ray's Gourmet Sauces Hictory & Brown Sugar Barbecue Sauce ","4.36","0.0","Market Basket","18 oz","18 oz","X2060.jpg","","2"
"34920","Breakfast & Dairy","Dairy & Eggs","Yogurt","Two Good","Two Good 2G Sugar Vanilla Flavored Greek Yogurt ","","Two Good 2G Sugar Vanilla Flavored Greek Yogurt ","1.25","0.0","Market Basket","5.3 oz","5.3 oz","X873.jpg","","1"
"34751","Cooking Needs","Oils & Vinegars","Oils & Vinegars","Sure Jell ","Sure Jell No Sugar Added Premium Fruit Pectic American Original Snice 1934","","Sure Jell No Sugar Added Premium Fruit Pectic American Original Snice 1934","3.74","0.0","Market Basket","1.75 fl oz","1.75 fl oz","X1797.jpg","","2"
"6280","Beverages & Juices","Water","Water","Glaceau","Glaceau Smart Water Pineapple Kiwi","","Glaceau Smart Water Pineapple Kiwi","1.24","0.0","Market Basket","33.8 fl oz","33.8 fl oz","No Image.jpg","","11"
"7995","Cooking Needs","Canned Food","Soup, Broth & Bouillon","College Inn","College Inn Natural Chicken Broth","","College Inn Natural Chicken Broth","3.09","0.0","Market Basket","32 oz","32 oz","5387.jpg","","9"
"5022","Chips, Cookies & Snacks","Chips & Fruit Snacks","Chips & Pretzels","Wise","Wise Onion & Garlic Flavored Potato Chips","","Wise Onion & Garlic Flavored Potato Chips","4.69","0.0","Market Basket","8.75 oz","8.75 oz","941.jpg","","0"
"32050","Frozen Food","Frozen Breakfast","Frozen Waffles","Kashi","Kashi 7 Grain Waffles Light & Fluffy With Our Heritage Blend of 7 Whole Grains","018627534198","Kashi 7 Grain Waffles Light & Fluffy With Our Heritage Blend of 7 Whole Grains","3.61","0.0","Market Basket","10.1 oz","10.1 oz","X5012.jpg","","19"
"31543","Meat & Seafood","Packaged Meat & Seafood","Crepes","Golden ","Golden Blueberry Blintzes 6 Filled Crepes ","","Golden Blueberry Blintzes 6 Filled Crepes ","6.24","0.0","Market Basket","13 oz","13 oz","X4738.jpg","","1"
"31069","Breakfast & Dairy","Dairy & Eggs","Yogurt","Daiya","Daiya Peach Made With Coconut Cream Yogurt Alternative ","","Daiya Peach Made With Coconut Cream Yogurt Alternative ","2.36","0.0","Market Basket","5.3 oz","5.3 oz","X174.jpg","","1"
"130","Kitchen & Cleaning","Cleaning Products","Mop","Libman","Libman Mop, Wonder","","Libman Mop, Wonder","14.69","1.0","Market Basket","1 count","1 count","4321.jpg","","15"
"6849","Cooking Needs","Baking & Cooking","Baking Ingredients","Gold Medal","Gold Medal Wondra Quick Mixing Flour","","Gold Medal Wondra Quick Mixing Flour","2.99","0.0","Market Basket","13.5 oz","13.5 oz","2364.jpg","","8"
"34171","Pasta & Sauces","Raw Pasta","Raw Pasta","Prince","Prince Pasta Tricolor Rotini","041129840535","Prince Pasta Tricolor Rotini","1.56","0.0","Market Basket","12 oz","12 oz","X1661.jpg","","4"
"31285","Breakfast & Dairy","Breads & Rolls","Rolls","Fantini","Fantini Split Top 6 Rolls","","Fantini Split Top 6 Rolls","2.5","0.0","Market Basket","16 oz","16 oz","X2646.jpg","","18"
"31861","Cooking Needs","Canned Food","Canned Tomatoes","Hunts","Hunts Stewed Tomatoes","027000379134","Hunts Stewed Tomatoes","1.25","0.0","Market Basket","14.5 oz","14.5 oz","X1361.jpg","","4"
"32903","Breakfast & Dairy","Dairy & Eggs","Parmesan Cheese","Market Basket","Market Basket Parmesan Grated Cheese ","049705034170","Market Basket Parmesan Grated Cheese ","5.61","0.0","Market Basket","16 oz","16 oz","X1261.jpg","","4"
"35017","Cooking Needs","Canned Food","Canned Fruit & Applesauce","Vermont Village","Vermont Village Organic Unsweetened Apple Sauce","","Vermont Village Organic Unsweetened Apple Sauce","4.99","0.0","Market Basket","24 oz","24 oz","X885.jpg","","3"
"5677","Chips, Cookies & Snacks","Candy & Chocolates","Mint & Gum","Trident","Trident Tropical Twist Sugar Free Gum with Xylitol","","Trident Tropical Twist Sugar Free Gum with Xylitol","2.49","0.0","Market Basket","3 x 18 ct","3 x 18 ct","1479.jpg","","3"
"9043","Condiments & Dressings","Preserved Dips & Spreads","Spreads","Smucker's","Smucker's Goober Peanut Butter & Grape Jelly Stripes","","Smucker's Goober Peanut Butter & Grape Jelly Stripes","3.69","0.0","Market Basket","18 oz","18 oz","1625.jpg","","3"
"31595","Frozen Food","Frozen Produce","Frozen Produce","Goya","Goya Frozen Recaito","041331090568","Goya Frozen Recaito","2.73","0.0","Market Basket","14 oz","14 oz","X4420.jpg","","18"
"13381","Breakfast & Dairy","Dairy & Eggs","Cream","Nestle","NestlÃÂ© Coffee Mate Caramel Macchiato Liquid Coffee Creamer","","NestlÃÂ© Coffee Mate Caramel Macchiato Liquid Coffee Creamer","4.29","0.0","Market Basket","32 fl oz","32 fl oz","538.jpg","","1"
"5438","Chips, Cookies & Snacks","Candy & Chocolates","Candy & Chocolate","Flipz","Flipz Milk Chocolate Covered Pretzels","","Flipz Milk Chocolate Covered Pretzels","3.69","0.0","Market Basket","5 oz","5 oz","14913.jpg","","3"
"7518","Cooking Needs","Canned Food","Canned & Jarred Vegetables","Market Basket","Market Basket No Salt Added Sweet Peas","","Market Basket No Salt Added Sweet Peas","0.99","0.0","Market Basket","15 oz","15 oz","Market Basket.jpg","","9"
"6298","Beverages & Juices","Water","Water","Poland Spring","Poland Spring Minis Natural Spring Water Minis","","Poland Spring Minis Natural Spring Water Minis","2.49","0.0","Market Basket","12 x 8 oz","12 x 8 oz","No Image.jpg","","11"
"5309","Chips, Cookies & Snacks","Cookies & Crackers","Cookies & Cakes","Newman's Own","Newman's Own Vanilla Cookies","","Newman's Own Vanilla Cookies","3.91","0.0","Market Basket","8 oz","8 oz","No Image.jpg","","6"
"14518","Breakfast & Dairy","Tea & Coffee","Tea","Bigelow ","Bigelow Chamomile Mango Herbal Tea 20 CT","","Bigelow Chamomile Mango Herbal Tea 20 CT","4.29","0.0","Market Basket","0.96 oz","0.96 oz","3421.jpg","","8"
"6148","Beverages & Juices","Soft Drinks & Seltzers","Soft Drinks","Mountain Dew","Mountain Dew Box of Cans","","Mountain Dew Box of Cans","9.99","0.0","Market Basket","24 x 12 fl oz","24 x 12 fl oz","No Image.jpg","","17"
"32003","Condiments & Dressings","Marinades, Ketchup & Sauces","Paste","Kabuto","Kabuto Japanese Soyabean Paste Aka (Red) Miso","081652190738","Kabuto Japanese Soyabean Paste Aka (Red) Miso","3.74","0.0","Market Basket","1 lb","1 lb","X3226.jpg","","2"
"30841","Cooking Needs","Rice & Grains","Rice","Carolina ","Carolina Jasmine Thai Fragrant Long Grain Rice","017400109615","Carolina Jasmine Thai Fragrant Long Grain Rice","6.24","0.0","Market Basket","80 oz","80 oz","X1050.jpg","","4"
"13926","Breakfast & Dairy","Dairy & Eggs","Specialty Cheeses","Bel Kaukauna","Bel Kaukauna Port Wine Spreadable Cheeseball","","Bel Kaukauna Port Wine Spreadable Cheeseball","3.69","0.0","Market Basket","10 oz","10 oz","5463.jpg","","1"
"13373","Breakfast & Dairy","Dairy & Eggs","Cream","Market Basket","Market Basket Heavy Cream","","Market Basket Heavy Cream","3.09","0.0","Market Basket","16 fl oz","16 fl oz","Market Basket.jpg","","1"
"34894","Condiments & Dressings","Honey, Syrup & Nectars","Honey","Trinidad Country Style","Trinidad Country Style Old Fashioned Pure Honey","049705016701","Trinidad Country Style Old Fashioned Pure Honey","7.49","0.0","Market Basket","32 oz","32 oz","X3184.jpg","","2"
"9246","Frozen Food","Frozen Breakfast","Frozen Breakfast","Farm Rich","Farm Rich Original French Toast Sticks","","Farm Rich Original French Toast Sticks","2.49","0.0","Market Basket","12 oz","12 oz","15774.jpg","","20"
"32134","Breakfast & Dairy","Cereal","Mini Cereal","Kellogg's ","Kellogg's Frosted Flakes","038000219634","Kellogg's Frosted Flakes","0.41","0.0","Market Basket","1.2 oz","1.2 oz","X3634.jpg","","5"
"35061","Condiments & Dressings","Honey, Syrup & Nectars","Syrup","Walden farms","Walden farms Blueberry Syrup","072457880672","Walden farms Blueberry Syrup","4.36","0.0","Market Basket","12 fl oz","12 fl oz","X3197.jpg","","2"
"6574","Beverages & Juices","Juices & Refrigerated Drinks","Refrigerated Drinks","Bolthouse Farms","Bolthouse Farms Mocha Cappuccino","","Bolthouse Farms Mocha Cappuccino","4.59","0.0","Market Basket","32 fl oz","32 fl oz","3827.jpg","","20"
"13940","Breakfast & Dairy","Dairy & Eggs","Specialty Cheeses","Great Lakes","Great Lake American Cheese","","Great Lake American Cheese","10.99","0.0","Market Basket","3 lb","3 lb","Market Basket.jpg","","1"
"13726","Breakfast & Dairy","Dairy & Eggs","Packaged Cheese","Market Basket","Market Basket American Singles White","","Market Basket American Singles White","2.39","0.0","Market Basket","12 oz","12 oz","Market Basket.jpg","","1"
"3841","Fresh Produce","Fresh Organic Vegetables","Sweet Potato","Market Basket","Organic Sweet Potato Bag","","Organic Sweet Potato Bag","1.48","0.0","Market Basket","7 oz bag","7 oz bag","14336.jpg","","20"
"14797","Personal Care","Body Wash, Soap & Hair Care","Hair Care","Suave","Suave Unscented Hairspray Max Hold","","Suave Unscented Hairspray Max Hold","4.24","1.0","Market Basket","11 oz","11 oz","18161.jpg","","13"
"7501","Cooking Needs","Canned Food","Canned & Jarred Vegetables","Market Basket","Market Basket Cream Style Sweet Corn","","Market Basket Cream Style Sweet Corn","0.79","0.0","Market Basket","14.75 oz","14.75 oz","Market Basket.jpg","","9"
"32567","Frozen Food","Frozen Dinners & Entrees","Frozen Meal","Life Cuisine ","Life Cuisine Buffalo Style Chicken & Cauliflower Bowl","013800359377","Life Cuisine Buffalo Style Chicken & Cauliflower Bowl","4.36","0.0","Market Basket","10 oz","10 oz","X4251.jpg","","18"
"176","Kitchen & Cleaning","Cleaning Products","Other Cleaning Products","Scotch-Brite","Scotch-Brite Scour Pad Heavy Duty","","Scotch-Brite Scour Pad Heavy Duty","2.19","1.0","Market Basket","1 count","1 count","4306.jpg","","15"
"31231","Frozen Food","Frozen Pizza","Frozen Pizza","Ellio's ","Ellio's Italian Sausage & Pepperoni Pizza","041118009806","Ellio's Italian Sausage & Pepperoni Pizza","3.36","0.0","Market Basket","18.90 oz","18.90 oz","X4852.jpg","","19"
"5112","Chips, Cookies & Snacks","Cookies & Crackers","Cookies & Cakes","Pepperidge Farm","Pepperidge Farm Chocolate Collection Cookies","","Pepperidge Farm Chocolate Collection Cookies","9.36","0.0","Market Basket","13 oz","13 oz","15030.jpg","","6"
"34271","Breakfast & Dairy","Granola & Oats","Oats","Quaker ","Quaker Oats ","030000010204","Quaker Oats ","2.5","0.0","Market Basket","1 count","1 count","X3599.jpg","","5"
"32574","Chips, Cookies & Snacks","Candy & Chocolates","Candy & Chocolate","Lily's ","Lily's Salted Almonds Milk Chocolate Style 40%Cocoa ~ Stevia Sweetened Sweet & Creamy","","Lily's Salted Almonds Milk Chocolate Style 40%Cocoa ~ Stevia Sweetened Sweet & Creamy","3.74","0.0","Market Basket","3 oz","3 oz","X475.jpg","","3"
"5901","Beverages & Juices","Tea, Coffee, Milk & Coconut Water","Single To-Go Coffee","StarBucks","Stabucks Frappuccino Vanilla","","Stabucks Frappuccino Vanilla","3.36","0.0","Market Basket","13.7 fl oz","13.7 fl oz","No Image.jpg","","17"
"35299","Richardson's Farm Ice Cream","Ice Cream","Chocolate","Richarson's Farm","Richarson's Farm Chocolate Ice Cream 16% Butterfat","","Made with Bensdorp Cocoa imported all the way from Holland","7.99","0.0","Richardson's Farm","1-2 Gal. Container","1-2 Gal. Container","RichardsonsFarm.jpg","",""
"34898","Breakfast & Dairy","Dairy & Eggs","Yogurt","Tropical ","Tropical Drinkable Lowfat Yogurt Para Beber Pina Colada ","","Tropical Drinkable Lowfat Yogurt Para Beber Pina Colada ","0.99","0.0","Market Basket","7 fl oz","7 fl oz","X842.jpg","","1"
"31698","Condiments & Dressings","Marinades, Ketchup & Sauces","Ketchup","Heinz ","Heinz Est 1869 Tomato Ketchup 57 Varieties","01346604","Heinz Est 1869 Tomato Ketchup 57 Varieties","1.24","0.0","Market Basket","38 oz","38 oz","X2138.jpg","","2"
"7523","Cooking Needs","Canned Food","Canned & Jarred Vegetables","Market Basket","Market Basket Select Stewed Tomatoes In Tomato Juice","","Market Basket Select Stewed Tomatoes In Tomato Juice","0.89","0.0","Market Basket","14.5 oz","14.5 oz","Market Basket.jpg","","9"
"15328","Personal Care","Vitamins & Proteins","Vitamins & Supplements","Nature Made","Nature Made Calcium 500 mg Gummies","","Nature Made Calcium 500 mg Gummies","16.89","1.0","Market Basket","80 count","80 count","18194.jpg","","13"
"8289","Condiments & Dressings","Fresh Dips & Tapenades","Hommus","Cedar","Cedar Hommus, Red Pepper, Roasted","","Cedar Hommus, Red Pepper, Roasted","6.99","0.0","Market Basket","16 oz","16 oz","5514.jpg","","1"
"5127","Chips, Cookies & Snacks","Cookies & Crackers","Cookies & Cakes","Pepperidge Farm Milano","Pepperidge Farm Milano Mint Chocolate Cookies","","Pepperidge Farm Milano Mint Chocolate Cookies","6.23","0.0","Market Basket","9.5 oz","9.5 oz","No Image.jpg","","6"
"32824","Breakfast & Dairy","Breads & Rolls","Bagels","Market Basket","Market Basket Bagels Plain","049705105948","Market Basket Bagels Plain","2.5","0.0","Market Basket","22 oz","22 oz","X2405.jpg","","18"
"7431","Cooking Needs","Canned Food","Canned & Jarred Vegetables","Del Monte","Del Monte Fresh Cut Sweet Peas","","Del Monte Fresh Cut Sweet Peas","0.99","0.0","Market Basket","8.5 oz","8.5 oz","5024.jpg","","9"
"7346","Cooking Needs","Spices & Seasonings","Spices & Seasonings","McCormick","McCormick Pure Peppermint Extract","","McCormick Pure Peppermint Extract","3.69","0.0","Market Basket","1 fl oz","1 fl oz","2183.jpg","","9"
"31950","Meat & Seafood","Hot Dogs, Bacon & Sausage","Sausage","Johnsonville","Johnsonville BRATS ORIGINAL Bratwurst HOT","","Johnsonville BRATS ORIGINAL Bratwurst HOT","5.86","0.0","Market Basket","19 oz","19 oz","X386.jpg","","1"
"3543","Fresh Produce","Fresh Vegetables","Bell Pepper","Market Basket","Green Bell Pepper","","Green Bell Pepper","4.24","0.0","Market Basket","1 count","1 count","14389.jpg","","20"
"31026","Breakfast & Dairy","Breads & Rolls","Bread","Country Kitchen","Country Kitchen Heart Canadian White Bread","073402112602","Country Kitchen Heart Canadian White Bread","3.74","0.0","Market Basket","22 oz","22 oz","X2464.jpg","","18"
"5971","Beverages & Juices","Cocoa & Drink Mixes","Cocoa & Drink Mixes","Master of Mixes","Master of Mixes Handcrafted Watermelon Daiquiri & Margarita Mixer","","Master of Mixes Handcrafted Watermelon Daiquiri & Margarita Mixer","4.99","0.0","Market Basket","33.8 fl oz","33.8 fl oz","No Image.jpg","","17"
"6547","Chips, Cookies & Snacks","Nuts, Seeds & Dried Fruit","Nuts, Seeds & Dried Fruit","Dang","Dang Caramel Sea Salt Coconut Chips","","Dang Caramel Sea Salt Coconut Chips","4.99","0.0","Market Basket","3.17 oz","3.17 oz","No Image.jpg","","6"
"30333","Pasta & Sauces","Raw Pasta","Raw Pasta","Barilla","Barilla Pasta Thin Spaghetti","076808280098","Barilla Pasta Thin Spaghetti","1.74","0.0","Market Basket","1 lb","1 lb","X1637.jpg","","4"
"30109","Chips, Cookies & Snacks","Chips & Fruit Snacks","Fruit & Vegetable Snacks","Annie's","Annies Organic Bernie's Farm Fruit Snacks ","013562001262","Annies Organic Bernie's Farm Fruit Snacks ","3.75","0.0","Market Basket","4 oz","4 oz","X5145.jpg","","19"
"12963","Breakfast & Dairy","Breads & Rolls","Tortillas & Flat Bread","Joseph's","Joseph's Flax Oat Bran & Whole Wheat Pita Bread","","Joseph's Flax Oat Bran & Whole Wheat Pita Bread","3.09","0.0","Market Basket","6 x 8 oz","6 x 8 oz","4795.jpg","","7"
"31317","Breakfast & Dairy","Breads & Rolls","Bread","Fiber One","Fiber One Multigrain Bread","835841005118","Fiber One Multigrain Bread","4.36","0.0","Market Basket","16 oz","16 oz","X2570.jpg","","18"
"30971","Breakfast & Dairy","Bars & Pastries","Breakfast Bars","Clif","Bar Clif Chocolate Chip Peanut Crunch","722252660091","Bar Clif Chocolate Chip Peanut Crunch","8.11","0.0","Market Basket","14.40 oz","14.40 oz","X3909.jpg","","5"
"30557","Cooking Needs","Baking & Cooking","Flour","Bob's Red Mill","Bob's Red Mill Stone Ground Non GMO Chickpea Flour ","039978113320","Bob's Red Mill Stone Ground Non GMO Chickpea Flour ","4.61","0.0","Market Basket","16 oz","16 oz","X5265.jpg","","3"
"15214","Personal Care","Personal Needs","Oral Hygiene","Listerine","Listerine Cool Mint Antiseptic Mouthwash","","Listerine Cool Mint Antiseptic Mouthwash","7.58","1.0","Market Basket","1 L","1 L","6456.jpg","","13"
"14485","Breakfast & Dairy","Tea & Coffee","Coffee","StarBucks","Starbucks House Blend Medium Roast Ground Coffee","","Starbucks House Blend Medium Roast Ground Coffee","9.79","0.0","Market Basket","12 oz","12 oz","3312.jpg","","8"
"10077","Frozen Food","Ice Cream & Ice","Ice Cream & Ice","Haagen-dazs","Haagen Dazs Strawberry Ice Cream","","Haagen Dazs Strawberry Ice Cream","7.39","0.0","Market Basket","28 fl oz","28 fl oz","3078.jpg","","21"
"31879","Breakfast & Dairy","Dairy & Eggs","Yogurt","Icelandic ","Icelandic Traditional Skyr Provisions Cherry Black Currant ","","Icelandic Traditional Skyr Provisions Cherry Black Currant ","1.74","0.0","Market Basket","5.3 oz","5.3 oz","X359.jpg","","1"
"527","Laundry & Paper Goods","Laundry","Laundry Detergent","Arm & Hammer","Arm & Hammer detergent plus Softener Orchard Blosson","","Arm & Hammer detergent plus Softener Orchard Blosson","4.99","1.0","Market Basket","50 fl oz","50 fl oz","No Image.jpg","","15"
"9982","Frozen Food","Ice Cream & Ice","Ice Cream & Ice","Breyer's","Breyers Ice Cream Mint Chocolate Chip","","Breyers Ice Cream Mint Chocolate Chip","4.79","0.0","Market Basket","48 oz","48 oz","18008.jpg","","21"
"31260","Frozen Food","Frozen Pasta","Frozen Pasta","Evol","Evol Portabella & Goat Cheese Ravioli","891627009183","Evol Portabella & Goat Cheese Ravioli","3.74","0.0","Market Basket","8.75 oz","8.75 oz","X4323.jpg","","18"
"34984","Frozen Food","Frozen Dinners & Entrees","Frozen Appetizers & Sides","Van De Kamp's","Van De Kamp's Beer Battered Fillets","019600923015","Van De Kamp's Beer Battered Fillets","5.86","0.0","Market Basket","3.1 oz","3.1 oz","X4390.jpg","","18"
"30176","Beverages & Juices","Juices & Refrigerated Drinks","Juice & Nectars","AriZona","AriZona Watermelon","613008725778","AriZona Watermelon","1.25","0.0","Market Basket","20 fl oz","20 fl oz","X3052.jpg","","10"
"30543","Cooking Needs","Baking & Cooking","Baking Mix","Bob's Red Mill","Bob's Red Mill Vanilla Yellow Cake Mix ","039978114662","Bob's Red Mill Vanilla Yellow Cake Mix ","4.99","0.0","Market Basket","19 oz","19 oz","X5251.jpg","","3"
"9321","Frozen Food","Frozen Breakfast","Frozen Breakfast","Three Bakers","Three Bakers Whole Grain Bread White","","Three Bakers Whole Grain Bread White","4.89","0.0","Market Basket","17 oz","17 oz","15793.jpg","","20"
"6700","Chips, Cookies & Snacks","Cookies & Crackers","Twists","Entenmann's","Entenmann's Cinnamon Swirl Buns","","Entenmann's Cinnamon Swirl Buns","3.69","0.0","Market Basket","18 oz","18 oz","6218.jpg","","14"
"30874","Breakfast & Dairy","Dairy & Eggs","Coffee","Chalk Market & Label Set ","Chalk Marker & Label Set Decaf Coffee","","Chalk Marker & Label Set Decaf Coffee","6.24","0.0","Market Basket","1 oz","1 oz","X100.jpg","","1"
"4309","Meat & Seafood","Meat & Seafood Counter","Pork","Market Basket","Market Basket Boneless Center Cut Pork Chops","","Market Basket Boneless Center Cut Pork Chops","7.2","0.0","Market Basket","Approx: 1.76 lb at $4.09/lb","Approx: 1.76 lb at $4.09/lb","Market Basket.jpg","","22"
"3927","Fresh Produce","Fresh Vegetables","Pepper","Market Basket","Green Peppers","","Green Peppers","1.64","0.0","Market Basket","1 lb","1 lb","26.jpg","","20"
"6638","Beverages & Juices","Juices & Refrigerated Drinks","Refrigerated Drinks","Odwalla","Odwalla Fruit Smoothie Strawberry Banana","","Odwalla Fruit Smoothie Strawberry Banana","2.99","0.0","Market Basket","12 fl oz","12 fl oz","3798.jpg","","20"
"14781","Personal Care","Body Wash, Soap & Hair Care","Hair Care","Salon Grafix","Salon Grafix Professional Shaping Hair Spray Unscented Super Hold","","Salon Grafix Professional Shaping Hair Spray Unscented Super Hold","8.5","1.0","Market Basket","10 fl oz","10 fl oz","17815.jpg","","13"
"6664","Beverages & Juices","Juices & Refrigerated Drinks","Refrigerated Drinks","Suja","Suja Mighty Green Juice","","Suja Mighty Green Juice","3.09","0.0","Market Basket","12 fl oz","12 fl oz","16536.jpg","","20"
"13856","Breakfast & Dairy","Dairy & Eggs","Refrigerated Pudding & Desserts","Swiss Miss","Swiss Miss Creamy Milk Chocolate Pudding","","Swiss Miss Creamy Milk Chocolate Pudding","3.09","0.0","Market Basket","4 oz","4 oz","826.jpg","","19"
"32122","Breakfast & Dairy","Cereal","Cereal","Kellogg's ","Kellogg's Honey Nut Frosted Flakes","038000201707","Kellogg's Honey Nut Frosted Flakes","3.75","0.0","Market Basket","13.7 oz","13.7 oz","X3371.jpg","","5"
"12852","Chips, Cookies & Snacks","Cookies & Crackers","Cookies","Nabisco","Nabisco Belvita Bites Chocolate Mini Breakfast Biscuits","","Nabisco Belvita Bites Chocolate Mini Breakfast Biscuits","3.69","0.0","Market Basket","5 count","5 count","17056.jpg","","6"
"3911","Fresh Produce","Fresh Vegetables","Packaged Potato","The Little Potato Company","The Little Potato Company Potatoes, Fresh Creamer, Dynamic Duo","","The Little Potato Company Potatoes, Fresh Creamer, Dynamic Duo","3.55","0.0","Market Basket","1.5 lb","1.5 lb","37.jpg","","20"
"30570","Cooking Needs","Rice & Grains","Grains, Rice & Dried Goods","Bob's Red Mill","Bob's Red Mill Organic Whole Grain Quinoa ","039978053237","Bob's Red Mill Organic Whole Grain Quinoa ","7.49","0.0","Market Basket","13 oz","13 oz","X5278.jpg","","3"
"9773","Frozen Food","Frozen Produce","Frozen Produce","Birds Eye","Birds Eye Steamfresh Chef's Favorites Garlic Baby Peas & Mushrooms","","Birds Eye Steamfresh Chef's Favorites Garlic Baby Peas & Mushrooms","3.59","0.0","Market Basket","10.8 oz","10.8 oz","2469.jpg","","19"
"5569","Chips, Cookies & Snacks","Candy & Chocolates","Candy & Chocolate","Rolo","Rolo Chewy Caramel in Milk Chocolate Candy","","Rolo Chewy Caramel in Milk Chocolate Candy","3.69","0.0","Market Basket","12 oz","12 oz","1057.jpg","","3"
"14226","Breakfast & Dairy","Dairy & Eggs","Yogurt","So Delicious","So Delicious Dairy Free Coconut Milk Strawberry","","So Delicious Dairy Free Coconut Milk Strawberry","1.59","0.0","Market Basket","5.3 oz","5.3 oz","14662.jpg","","1"
"34021","Frozen Food","Frozen Breakfast","Frozen Breakfast","Pillsbury","Pillsbury Toster Scrambles Pastries ","018000447626","Pillsbury Toster Scrambles Pastries ","2.99","0.0","Market Basket","7.20 oz","7.20 oz","X4989.jpg","","19"
"9088","Frozen Food","Frozen Dinners & Entrees","Frozen Appetizers & Sides","Alexia","Alexia All Natural Onion Rings","","Alexia All Natural Onion Rings","3.69","0.0","Market Basket","12 oz","12 oz","2595.jpg","","18"
"14953","Personal Care","First Aid & Healthcare","First Aid","Band Aid Brand","Band Aid Brand Adhesive Bandages With Neosporin , Assorted Sizes","","Band Aid Brand Adhesive Bandages With Neosporin , Assorted Sizes","5.51","1.0","Market Basket","20 count","20 count","6531.jpg","","13"
"7353","Cooking Needs","Spices & Seasonings","Spices & Seasonings","McCormick","McCormick Taco Seasoning Mix","","McCormick Taco Seasoning Mix","1.89","0.0","Market Basket","1.25 oz","1.25 oz","2287.jpg","","9"
"7941","Cooking Needs","Canned Food","Soup, Broth & Bouillon","Campbell's","Campbell's Condensed Campbell's Condensed 98% Fat Free Cream of Chicken Soup","","Campbell's Condensed Campbell's Condensed 98% Fat Free Cream of Chicken Soup","2.09","0.0","Market Basket","10.5 oz","10.5 oz","5306.jpg","","2"
"33556","Frozen Food","Frozen Breakfast","Frozen Waffles","Nature's Path ","nature's Path Chia Plus ","058449590729","nature's Path Chia Plus ","3.13","0.0","Market Basket","7.4 oz","7.4 oz","X5008.jpg","","19"
"4294","Meat & Seafood","Meat & Seafood Counter","Lobster","Market Basket","Market Basket Lobster Bisque","","Market Basket Lobster Bisque","7.39","0.0","Market Basket","1 lb","1 lb","Market Basket.jpg","","22"
"31546","Condiments & Dressings","Marinades, Ketchup & Sauces","Sauce","Golden Curry","Golden Curry Japanese Curry Mix Medium Hot","074880030051","Golden Curry Japanese Curry Mix Medium Hot","3.36","0.0","Market Basket","3.2 oz","3.2 oz","X3229.jpg","","2"
"32346","Chips, Cookies & Snacks","Candy & Chocolates","Candy & Chocolate","Kitkat ","Kitkat Minis Unwrapped Crisp Waffer Milk Chocolate ","","Kitkat Minis Unwrapped Crisp Waffer Milk Chocolate ","3.74","0.0","Market Basket","7.6 oz","7.6 oz","X462.jpg","","3"
"12948","Breakfast & Dairy","Breads & Rolls","Tortillas & Flat Bread","Boghosian","Boghosian Whole Wheat Lavash Valley Bread","","Boghosian Whole Wheat Lavash Valley Bread","2.19","0.0","Market Basket","12 oz","12 oz","4813.jpg","","7"
"7911","Cooking Needs","Canned Food","Soup, Broth & Bouillon","Bar Harbor","Bar Harbor Chowder, Condensed, Fish, New England Style","","Bar Harbor Chowder, Condensed, Fish, New England Style","3.09","0.0","Market Basket","15 oz","15 oz","17270.jpg","","2"
"30537","Cooking Needs","Baking & Cooking","Baking Ingredients","Bob's Red Mill","Bob's Red Mill Sun Flower Seeds ","039978044426","Bob's Red Mill Sun Flower Seeds ","3.11","0.0","Market Basket","10 oz","10 oz","X5245.jpg","","3"
"30263","Frozen Food","Frozen Dinners & Entrees","Frozen Meal","Banquet","Banquet Chicken Strips Meal","031000007355","Banquet Chicken Strips Meal","1.56","0.0","Market Basket","8.9 oz","8.9 oz","X4026.jpg","","18"
"4129","Meat & Seafood","Meat & Seafood Counter","Chicken Breast","Springer","Springer Thin Sliced Chicken Breast","","Springer Thin Sliced Chicken Breast","9.43","0.0","Market Basket","Approx: 1.41 lb at $6.69/lb","Approx: 1.41 lb at $6.69/lb","16680.jpg","","22"
"31338","Frozen Food","Frozen Dinners & Entrees","Frozen Appetizers & Sides","Fisherboy","Fisherboy Fish Sticks","041600052099","Fisherboy Fish Sticks","8.74","0.0","Market Basket","60 oz","60 oz","X4370.jpg","","18"
"3518","Fresh Produce","Fresh Organic Vegetables","Potato","Market Basket","Organic Sunrise Potatoes Medley","","Organic Sunrise Potatoes Medley","5.49","0.0","Market Basket","24 oz","24 oz","f138.jpg","","20"
"32720","Condiments & Dressings","Salad Dressings & Toppings","Salad Dressing & Toppings","Maple Grove Farms","Maple Grove Farms of Vermoont Fat Free Vidalia Onion Dressing ","","Maple Grove Farms of Vermoont Fat Free Vidalia Onion Dressing ","3.11","0.0","Market Basket","8 fl oz","8 fl oz","X499.jpg","","2"
"260","Kitchen & Cleaning","Dish Detergents","Dishwasher Detergent","Cascade","Cascade Gel + Oxi, Dishwasher Detergent","","Cascade Gel + Oxi, Dishwasher Detergent","6.09","1.0","Market Basket","75 fl oz","75 fl oz","18058.jpg","","15"
"33904","Condiments & Dressings","Pickled Goods & Olives","Peppers","Pastene","Pastene Since 1874 Cherry Peppers ","066086101208","Pastene Since 1874 Cherry Peppers ","4.99","0.0","Market Basket","32 fl oz","32 fl oz","X2347.jpg","","2"
"31837","Frozen Food","Frozen Dinners & Entrees","Frozen Appetizers & Sides","Hungry-Man","Hungry-Man Selects, Mesquite Flavored Classic Fried Chicken","658276203023","Hungry-Man Selects, Mesquite Flavored Classic Fried Chicken","3.74","0.0","Market Basket","16 oz","16 oz","X4007.jpg","","18"
"379","Kitchen & Cleaning","Food Storage & Kitchen Supplies","Utensils & Kitchen Supplies","Progresso","Progresso Deluxe Wooden Spoon","","Progresso Deluxe Wooden Spoon","3.69","1.0","Market Basket","1 ct","1 ct","No Image.jpg","","12"
"13595","Breakfast & Dairy","Dairy & Eggs","Other Creams & Cheeses","Market Basket","Market Basket Part Skim Ricotta","","Market Basket Part Skim Ricotta","3.09","0.0","Market Basket","32 oz","32 oz","Market Basket.jpg","","1"
"622","Laundry & Paper Goods","Paper Goods","Wipes","Scotties","Scotties everyday comfort","","Scotties everyday comfort","1.24","1.0","Market Basket","64 count","64 count","No Image.jpg","","14"
"6549","Chips, Cookies & Snacks","Nuts, Seeds & Dried Fruit","Nuts, Seeds & Dried Fruit","Next Organics","Next Organics Dried Mango","","Next Organics Dried Mango","5.61","0.0","Market Basket","4 oz","4 oz","No Image.jpg","","6"
"6909","Cooking Needs","Baking & Cooking","Baking Ingredients","South Georgia Pecan Co.","South Georgia Pecan Halves, Bag","","South Georgia Pecan Halves, Bag","5.49","0.0","Market Basket","8 oz","8 oz","No Image.jpg","","8"
"14839","Personal Care","Body Wash, Soap & Hair Care","Soap","Dove","Dove Beauty Bar Sensitive Skin","","Dove Beauty Bar Sensitive Skin","4.82","1.0","Market Basket","3 ct","3 ct","18138.jpg","","13"
"30112","Chips, Cookies & Snacks","Chips & Fruit Snacks","Fruit & Vegetable Snacks","Annie's","Annies Organic Bernie's Farm Fruit Snacks Berry Patch","013562111053","Annies Organic Bernie's Farm Fruit Snacks Berry Patch","3.75","0.0","Market Basket","4 oz","4 oz","X5148.jpg","","19"
"7499","Cooking Needs","Canned Food","Canned & Jarred Vegetables","Libby's","Libby's Whole Kernel Sweet Corn","","Libby's Whole Kernel Sweet Corn","0.99","0.0","Market Basket","15 oz","15 oz","5088.jpg","","9"
"6114","Beverages & Juices","Soft Drinks & Seltzers","Soft Drinks","Dr Pepper","Dr Pepper Diet Soda","","Dr Pepper Diet Soda","1.24","0.0","Market Basket","2 L","2 L","No Image.jpg","","17"
"9856","Frozen Food","Frozen Produce","Frozen Produce","Market Basket","Market Basket Edamame In Shells","","Market Basket Edamame In Shells","1.89","0.0","Market Basket","16 oz","16 oz","Market Basket.jpg","","19"
"32442","Frozen Food","Frozen Fruit & Juice","Frozen Fruit","La Fe","La Fe Passion Fruit Pulp","023545002803","La Fe Passion Fruit Pulp","1.99","0.0","Market Basket","14 oz","14 oz","X4405.jpg","","18"
"13680","Breakfast & Dairy","Dairy & Eggs","Packaged Cheese","Galbani","Galbani Cheese Mozzarella Part Skim","","Galbani Cheese Mozzarella Part Skim","3.69","0.0","Market Basket","16 oz","16 oz","156.jpg","","1"
"12899","Breakfast & Dairy","Breads & Rolls","Rolls","Grand Central Bakery","Grand Central Bakery 8"" Central French Roll","","Grand Central Bakery 8"" Central French Roll","3.49","0.0","Market Basket","16 oz","16 oz","No Image.jpg","","18"
"32716","Condiments & Dressings","Salad Dressings & Toppings","Salad Dressing & Toppings","Maple Grove Farms","Maple Grove Farms of Vermont Sesame Ginger Dressing ","","Maple Grove Farms of Vermont Sesame Ginger Dressing ","4.36","0.0","Market Basket","12 fl oz","12 fl oz","X495.jpg","","2"
"30383","Cooking Needs","Oils & Vinegars","Oils & Vinegars","Bertolli ","Bertolli Dal 1865 Extra Virgin Olive Oil Rich Taste ","041790001600","Bertolli Dal 1865 Extra Virgin Olive Oil Rich Taste ","24.99","0.0","Market Basket","25.36 fl oz","25.36 fl oz","X1986.jpg","","2"
"31709","Condiments & Dressings","Marinades, Ketchup & Sauces","Mayonnaise","Hellmann's ","Hellmann's  Olive Oil Mayonnaise Dressing ","","Hellmann's  Olive Oil Mayonnaise Dressing ","8.11","0.0","Market Basket","30 fl oz","30 fl oz","X1730.jpg","","2"
"5400","Chips, Cookies & Snacks","Cookies & Crackers","Crackers","Back to Nature","Back to Nature Chocolate Chunk Cookies","","Back to Nature Chocolate Chunk Cookies","6.23","0.0","Market Basket","9.5 oz","9.5 oz","No Image.jpg","","6"
"6983","Cooking Needs","Baking & Cooking","Doughs, Gelatins & Bake Mixes","Jell-O","Jell O Sugar Free Chocolate Instant Pudding Mix","","Jell O Sugar Free Chocolate Instant Pudding Mix","1.09","0.0","Market Basket","1.4 oz","1.4 oz","2068.jpg","","8"
"31017","Frozen Food","Frozen Dessert","Frozen Dessert","Cool Whip ","Cool Whip original ","043000009536","Cool Whip original ","1.56","0.0","Market Basket","8 oz","8 oz","X4964.jpg","","19"
"34345","Condiments & Dressings","Marinades, Ketchup & Sauces","Marinades & Meat Preparation","RedHot ","ReDHot Frank's Since 1920 Original Cayenne Pepper Sauce The Perfect Blend Of Flavor & Heat","049733123457","ReDHot Frank's Since 1920 Original Cayenne Pepper Sauce The Perfect Blend Of Flavor & Heat","4.36","0.0","Market Basket","40 oz","40 oz","X2040.jpg","","2"
"14227","Breakfast & Dairy","Dairy & Eggs","Yogurt","So Delicious","So Delicious Dairy Free Coconut Milk Yogurt Alternative Blueberry","","So Delicious Dairy Free Coconut Milk Yogurt Alternative Blueberry","1.59","0.0","Market Basket","5.3 oz","5.3 oz","14668.jpg","","1"
"4658","Meat & Seafood","Canned Meat & Seafood","Canned Tuna","Genova","Genova Tonno Solid White Tuna in Olive Oil","","Genova Tonno Solid White Tuna in Olive Oil","2.49","0.0","Market Basket","5 oz","5 oz","5243.jpg","","2"
"7503","Cooking Needs","Canned Food","Canned & Jarred Vegetables","Market Basket","Market Basket Crushed Tomatoes With Basil","","Market Basket Crushed Tomatoes With Basil","1.29","0.0","Market Basket","28 oz","28 oz","Market Basket.jpg","","9"
"31277","Beverages & Juices","Juices & Refrigerated Drinks","Juice & Nectars","Fairlife","Fairlife Ultra Filtered Milk","811620022057","Fairlife Ultra Filtered Milk","8.11","0.0","Market Basket","6 x 8 fl oz","6 x 8 fl oz","X3116.jpg","","10"
"5509","Chips, Cookies & Snacks","Candy & Chocolates","Candy & Chocolate","M&M","Mars Christmas Peanut Butter M&Ms","","Mars Christmas Peanut Butter M&Ms","4.89","0.0","Market Basket","11.4 oz","11.4 oz","14977.jpg","","3"
"14360","Breakfast & Dairy","Tea & Coffee","Coffee","Dunkin' Donuts","Dunkin' Donuts Medium Roast Original Blend Ground Coffee","","Dunkin' Donuts Medium Roast Original Blend Ground Coffee","8.59","0.0","Market Basket","12 oz","12 oz","3378.jpg","","8"
"31919","Condiments & Dressings","Preserved Dips & Spreads","Spreads","Jelly Knife ","Jelly Knife Shaped To Get It All Out! Great For Peanut Butter & Jelly ","","Jelly Knife Shaped To Get It All Out! Great For Peanut Butter & Jelly ","1.88","0.0","Market Basket","9 oz","9 oz","X377.jpg","","3"
"14385","Breakfast & Dairy","Tea & Coffee","Coffee","Green Mountain","Green Mountain Coffee Coffee K Cup Pods Wild Mountain Blueberry","","Green Mountain Coffee Coffee K Cup Pods Wild Mountain Blueberry","8.59","0.0","Market Basket","12 x 0.33 oz","12 x 0.33 oz","3357.jpg","","8"
"6004","Beverages & Juices","Energy & Sports Drinks","Energy & Sports Drinks","Monster","Monster Ultra Energy Drinks","","Monster Ultra Energy Drinks","2.49","0.0","Market Basket","16 fl oz","16 fl oz","3781.jpg","","17"
"31934","Meat & Seafood","Packaged Meat & Seafood","Sausage","Jimmy Dean ","Jimmy Dean Biscuit Sausage, Egg & Cheese Sandwiches ","","Jimmy Dean Biscuit Sausage, Egg & Cheese Sandwiches ","6.24","0.0","Market Basket","18 oz","18 oz","X4740.jpg","","1"
"32782","Beverages & Juices","Juices & Refrigerated Drinks","Juice & Nectars","Market Basket","Market Basket Splash Berry Blend","049705061114","Market Basket Splash Berry Blend","2.24","0.0","Market Basket","64 fl oz","64 fl oz","X2884.jpg","","10"
"34781","Frozen Food","Frozen Dinners & Entrees","Frozen Appetizers & Sides","TAI & PEI","TAI & PEI Beef & Broccoli","070077811205","TAI & PEI Beef & Broccoli","2.99","0.0","Market Basket","10 oz","10 oz","X3980.jpg","","18"
"32192","Breakfast & Dairy","Cereal","Cereal","Kellogg's ","Kellogg's Special K Blueberry with Lemon Clusters","038000200304","Kellogg's Special K Blueberry with Lemon Clusters","3.75","0.0","Market Basket","12.8 oz","12.8 oz","X3349.jpg","","5"
"325","Kitchen & Cleaning","Food Storage & Kitchen Supplies","Storage Bags","Market Basket","Market Basket Food Storage Twist Tie Bags","","Market Basket Food Storage Twist Tie Bags","2.19","1.0","Market Basket","75 count","75 count","Market Basket.jpg","","12"
"6868","Cooking Needs","Baking & Cooking","Baking Ingredients","Keebler","Keebler Graham Cracker Crumbs Original","","Keebler Graham Cracker Crumbs Original","3.29","0.0","Market Basket","13.5 oz","13.5 oz","15724.jpg","","8"
"5673","Chips, Cookies & Snacks","Candy & Chocolates","Mint & Gum","Trident","Trident Original Flavor Sugar Free Gum","","Trident Original Flavor Sugar Free Gum","3.12","0.0","Market Basket","3 ct","3 ct","1477.jpg","","3"
"13702","Breakfast & Dairy","Dairy & Eggs","Packaged Cheese","Kraft","Kraft Mexican Style Four Cheese Shredded Cheese","","Kraft Mexican Style Four Cheese Shredded Cheese","3.29","0.0","Market Basket","8 oz","8 oz","126.jpg","","1"
"30280","Meat & Seafood","Canned Meat & Seafood","Clam","Bar Harbor ","Bar Harbor Chopped Sea Clams  ","","Bar Harbor Chopped Sea Clams  ","3.13","0.0","Market Basket","6.5 oz","6.5 oz","X1898.jpg","","2"
"5024","Chips, Cookies & Snacks","Chips & Fruit Snacks","Chips & Pretzels","Wise","Wise Ridgies Original Ridged Potato Chips","","Wise Ridgies Original Ridged Potato Chips","3.13","0.0","Market Basket","8.75 oz","8.75 oz","950.jpg","","0"
"10310","Pasta & Sauces","Raw Pasta","Raw Pasta","Goya","Goya Pasta Shells","","Goya Pasta Shells","1.29","0.0","Market Basket","16 oz","16 oz","5607.jpg","","4"
"34698","Frozen Food","Frozen Dinners & Entrees","Frozen Appetizers & Sides","Stuffed Foods","Stuffed Foods Bacon Mac and Cheese Bites","819985020527","Stuffed Foods Bacon Mac and Cheese Bites","4.99","0.0","Market Basket","9.75 oz","9.75 oz","X4808.jpg","","19"
"7141","Cooking Needs","Oils & Vinegars","Oils & Vinegars","Marukan","Marukan Rice Vinegar","","Marukan Rice Vinegar","3.69","0.0","Market Basket","12 oz","12 oz","15495.jpg","","2"
"14447","Breakfast & Dairy","Tea & Coffee","Coffee","New England Coffee","New England Coffee K Cup Pods Coffee Donut Shop Blend","","New England Coffee K Cup Pods Coffee Donut Shop Blend","7.39","0.0","Market Basket","12 x 0.4 oz","12 x 0.4 oz","3368.jpg","","8"
"30241","Beverages & Juices","Energy & Sports Drinks","Energy & Sports Drinks","Bai","Bai Antioxidant Infusion Malawi Mango","813694004006","Bai Antioxidant Infusion Malawi Mango","2.5","0.0","Market Basket","18 fl oz","18 fl oz","X2739.jpg","","10"
"30403","Pasta & Sauces","Instant Pasta","Instant Pasta","Betty Crocker","Betty Crocker Suddenly Pasta Salad Creamy Pasmasan Pasta, Vegetable Blend and Seasoning","016000169203","Betty Crocker Suddenly Pasta Salad Creamy Pasmasan Pasta, Vegetable Blend and Seasoning","2.5","0.0","Market Basket","6.2 oz","6.2 oz","X1134.jpg","","4"
"33810","Breakfast & Dairy","Breads & Rolls","Bread","Panera Bread","Panera Bread Country White Bread","835841006917","Panera Bread Country White Bread","4.36","0.0","Market Basket","20 oz","20 oz","X2568.jpg","","18"
"33228","Breakfast & Dairy","Breads & Rolls","Bread","Martin's","Martin's Old Fashioned Real Butter Bread","075185004013","Martin's Old Fashioned Real Butter Bread","4.74","0.0","Market Basket","18 oz","18 oz","X2556.jpg","","18"
"35153","Breakfast & Dairy","Breads & Rolls","Bread","Wonder Bread","Wonder Bread 100% Whole Wheat Bread","072250011365","Wonder Bread 100% Whole Wheat Bread","3.74","0.0","Market Basket","16 oz","16 oz","X2454.jpg","","18"
"6599","Beverages & Juices","Juices & Refrigerated Drinks","Refrigerated Drinks","Health-Ade","Health Ade Kombucha Bubbly Probiotic Tea Ginger Lemon","","Health Ade Kombucha Bubbly Probiotic Tea Ginger Lemon","4.29","0.0","Market Basket","16 fl oz","16 fl oz","16512.jpg","","22"
"14713","Personal Care","Body Wash, Soap & Hair Care","Body Wash","Zest","Zest Indulgence Cocoa Butter & Shea Ultra-Moisturizing Creamy Body Wash","","Zest Indulgence Cocoa Butter & Shea Ultra-Moisturizing Creamy Body Wash","4.01","1.0","Market Basket","16.5 fl oz","16.5 fl oz","17753.jpg","","13"
"7781","Cooking Needs","Canned Food","Canned Meals & Beans","Market Basket","Market Basket Black Beans","","Market Basket Black Beans","0.89","0.0","Market Basket","15.5 oz","15.5 oz","Market Basket.jpg","","9"
"31634","Chips, Cookies & Snacks","Candy & Chocolates","Candy & Chocolate","Gummi Factory","Gummi Factory Original Gummi Fun Mix Sour Party Natural & Artifical Flavor","","Gummi Factory Original Gummi Fun Mix Sour Party Natural & Artifical Flavor","1.24","0.0","Market Basket","5 oz","5 oz","X316.jpg","","3"
"30424","Frozen Food","Frozen Dinners & Entrees","Frozen Appetizers & Sides","Bibigo","Bibigo Korean style Steamed Dumplings Chicken & Vegetable","807176712733","Bibigo Korean style Steamed Dumplings Chicken & Vegetable","3.36","0.0","Market Basket","6.6 oz","6.6 oz","X3963.jpg","","18"
"13949","Breakfast & Dairy","Dairy & Eggs","Specialty Cheeses","Market Basket","Market B Asiago Cheese","","Market B Asiago Cheese","8.59","0.0","Market Basket","1 lb","1 lb","Market Basket.jpg","","1"
"34292","Beverages & Juices","Juices & Refrigerated Drinks","Juice & Nectars","R.W. Knudsen","R.W. Knudsen Cranberry Nectar 100% Juice from Concentrate","074682103274","R.W. Knudsen Cranberry Nectar 100% Juice from Concentrate","4.99","0.0","Market Basket","32 fl oz","32 fl oz","X2905.jpg","","10"
"321","Kitchen & Cleaning","Food Storage & Kitchen Supplies","Storage Bags","Hefty","Hefty Slider Bags Gallon Size Freezer Bags","","Hefty Slider Bags Gallon Size Freezer Bags","2.49","1.0","Market Basket","13 count","13 count","16855.jpg","","12"
"30288","Meat & Seafood","Packaged Meat & Seafood","Hot Dogs & Franks","Bar S","Bar s Chicken Jumbo Franks ","","Bar s Chicken Jumbo Franks ","1.74","0.0","Market Basket","16 oz","16 oz","X4592.jpg","","1"
"4244","Meat & Seafood","Packaged Meat & Seafood","Herring","Blue Hill Bay","Blue Hill Bay Herring, Rollmops","","Blue Hill Bay Herring, Rollmops","5.59","0.0","Market Basket","12 oz","12 oz","4126.jpg","","22"
"30106","Frozen Food","Frozen Pasta","Frozen Pasta","Angy's","Angy's Tri Color Cheese Tortellini","075662241047","Angy's Tri Color Cheese Tortellini","4.99","0.0","Market Basket","24 oz","24 oz","X4352.jpg","","18"
"33300","Frozen Food","Frozen Pasta","Frozen Pasta","Michelina's","Michelina's Tortellini Alfredo","717854105941","Michelina's Tortellini Alfredo","1.25","0.0","Market Basket","7.5 oz","7.5 oz","X4115.jpg","","18"
"34533","Richardson's Farm Ice Cream","Ice Cream Toppings","Ice Cream Toppings","Smucker's","Smucker's Chocolate Fudge ","051500025017","Smucker's Chocolate Fudge ","2.5","0.0","Market Basket","7.25 oz","7.25 oz","X5123.jpg","","20"
"3478","Fresh Produce","Fresh Herbs","Ginger","Market Basket","Ginger Root","","Ginger Root","4.94","0.0","Market Basket","1 lb","1 lb","f67.jpg","","20"
"35165","Condiments & Dressings","Marinades, Ketchup & Sauces","Mustard Sauce","Woodstock ","Woodstock Organic Yelloow Mustard Spread A Little Sunshone ","042563007683","Woodstock Organic Yelloow Mustard Spread A Little Sunshone ","2.5","0.0","Market Basket","12 oz","12 oz","X2150.jpg","","2"
"32669","Breakfast & Dairy","Breads & Rolls","Pizza Crust","Mama Marys","Mama Marys Original Pizza Crusts","035457770039","Mama Marys Original Pizza Crusts","3.13","0.0","Market Basket","9 oz","9 oz","X1334.jpg","","4"
"6338","Beverages & Juices","Soft Drinks & Seltzers","Seltzer","Polar","Polar Cranberry Seltzer","","Polar Cranberry Seltzer","1.24","0.0","Market Basket","2 L","2 L","No Image.jpg","","11"
"8666","Condiments & Dressings","Pickled Goods & Olives","Pickled Goods & Olives","Nathan's","Nathan's Pickles, Half Sour, New York","","Nathan's Pickles, Half Sour, New York","3.99","0.0","Market Basket","32 oz","32 oz","15534.jpg","","2"
"31765","Beverages & Juices","Tea, Coffee, Milk & Coconut Water","Tea","Honest","Honest Organic Just Black Tea","657622730848","Honest Organic Just Black Tea","1.66","0.0","Market Basket","16.9 fl oz","16.9 fl oz","X2928.jpg","","10"
"3673","Fresh Produce","Fresh Fruits","Lime","Coast Tropical","Coast Tropical Persian Limes","","Coast Tropical Persian Limes","3.55","0.0","Market Basket","2 lb","2 lb","FP1.jpg","","20"
"33002","Pasta & Sauces","Pasta Sauce","Pasta Sauce","Market Basket","Market Basket Pasta Sauce Flavoured with Meat","049705034415","Market Basket Pasta Sauce Flavoured with Meat","3.13","0.0","Market Basket","45 oz","45 oz","X1467.jpg","","4"
"30261","Frozen Food","Frozen Dinners & Entrees","Frozen Meal","Banquet","Banquet Backyard BBQ Meal","031000007386","Banquet Backyard BBQ Meal","1.56","0.0","Market Basket","10.45 oz","10.45 oz","X4024.jpg","","18"
"10070","Frozen Food","Ice Cream & Ice","Ice Cream & Ice","Haagen-dazs","Haagen dazs Double Belgian Chocolate Chip Ice Cream","","Haagen dazs Double Belgian Chocolate Chip Ice Cream","4.29","0.0","Market Basket","14 fl oz","14 fl oz","3070.jpg","","21"
"30815","Meat & Seafood","Packaged Meat & Seafood","Meatballs","Carando ","Carando Italian Style Meatballs ","","Carando Italian Style Meatballs ","4.99","0.0","Market Basket","6 oz","6 oz","X4705.jpg","","1"
"5100","Chips, Cookies & Snacks","Cookies & Crackers","Cookies & Cakes","Oreo","Nabisco Oreo Mega Stuf Golden Sandwich Cookies","","Nabisco Oreo Mega Stuf Golden Sandwich Cookies","5.47","0.0","Market Basket","566 g","566 g","15077.jpg","","6"
"6033","Beverages & Juices","Energy & Sports Drinks","Energy & Sports Drinks","Red Bull","Red Bull Green Edition - Kiwi Apple","","Red Bull Green Edition - Kiwi Apple","3.13","0.0","Market Basket","12 fl oz","12 fl oz","No Image.jpg","","17"
"565","Laundry & Paper Goods","Laundry","Laundry Detergent","Persil","Persil ProClean plus Odor Fighter Detergent Deep Clean 20 Loads","","Persil ProClean plus Odor Fighter Detergent Deep Clean 20 Loads","7.49","1.0","Market Basket","40 fl oz","40 fl oz","No Image.jpg","","15"
"31115","Breakfast & Dairy","Dairy & Eggs","Yogurt","Dannon","Dannon Light+Fit Greek Vanilla Naturally & Artifically Flavored ","","Dannon Light+Fit Greek Vanilla Naturally & Artifically Flavored ","1.25","0.0","Market Basket","5.3 oz","5.3 oz","X217.jpg","","1"
"6290","Beverages & Juices","Water","Water","Market Basket","Market Basket Alkaline Water Plus Electrolytes","","Market Basket Alkaline Water Plus Electrolytes","1.88","0.0","Market Basket","50.7 fl oz","50.7 fl oz","Market Basket.jpg","","11"
"7862","Cooking Needs","Canned Food","Canned Meat & Seafood","King Oscar","King Oscar Wild Caught Sardines In Pure Spring Water","","King Oscar Wild Caught Sardines In Pure Spring Water","2.69","0.0","Market Basket","3.75 oz","3.75 oz","5235.jpg","","2"
"33338","Meat & Seafood","Packaged Meat & Seafood","Burger","Morning Stars Farms ","Morning Stars Farms Veggie Chik'n Strips ","","Morning Stars Farms Veggie Chik'n Strips ","4.61","0.0","Market Basket","10 oz","10 oz","X4776.jpg","","1"
"32167","Frozen Food","Frozen Breakfast","Frozen Waffles","Kellogg's ","Kellogg's Eggo Blueberry ","038000403200","Kellogg's Eggo Blueberry ","2.99","0.0","Market Basket","12.3 oz","12.3 oz","X5034.jpg","","19"
"7362","Cooking Needs","Spices & Seasonings","Spices & Seasonings","Mrs. Dash","Mrs. Dash Italian Medley Seasoning Blend Salt Free","","Mrs. Dash Italian Medley Seasoning Blend Salt Free","3.69","0.0","Market Basket","2 oz","2 oz","15645.jpg","","9"
"14663","Personal Care","Body Wash, Soap & Hair Care","Body Lotion","Boorage","Borage Therapy Dry Skin Lotion Original Unscented","","Borage Therapy Dry Skin Lotion Original Unscented","14.71","1.0","Market Basket","8 fl oz","8 fl oz","17747.jpg","","13"
"31196","Condiments & Dressings","Marinades, Ketchup & Sauces","Paste","Dragonfly","Dragonfly Pho Gia Vi Pho Bo","721557214077","Dragonfly Pho Gia Vi Pho Bo","2.49","0.0","Market Basket","8 oz","8 oz","X3235.jpg","","2"
"7283","Cooking Needs","Spices & Seasonings","Spices & Seasonings","McCormick","McCormick GourmetÃ¢âÂ¢ Coriander Seed","","McCormick GourmetÃ¢âÂ¢ Coriander Seed","4.89","0.0","Market Basket","1.12 oz","1.12 oz","2187.jpg","","9"
"35160","Condiments & Dressings","Preserved Dips & Spreads","Spreads","Wood Stocks","Wood Stocks Smooth Cashew Butter ","","Wood Stocks Smooth Cashew Butter ","11.24","0.0","Market Basket","16 oz","16 oz","X919.jpg","","3"
"13884","Breakfast & Dairy","Dairy & Eggs","Soy & Lactose-Free","Market Basket","Market Basket 100% Lactose Free Reduced Fat 2% Milk","","Market Basket 100% Lactose Free Reduced Fat 2% Milk","3.69","0.0","Market Basket","64 fl oz","64 fl oz","Market Basket.jpg","","1"
"31940","Frozen Food","Frozen Breakfast","Frozen Breakfast","JimmyDean","JimmyDean Sausage  ","077900471322","JimmyDean Sausage  ","3.49","0.0","Market Basket","7 oz","7 oz","X4982.jpg","","19"
"6376","Beverages & Juices","Water","Sparkling Water","Polar","Polar Lemon Sparkling Water","","Polar Lemon Sparkling Water","1.24","0.0","Market Basket","1 L","1 L","No Image.jpg","","11"
"33006","Pasta & Sauces","Raw Pasta","Raw Pasta","Market Basket","Market Basket Whole Wheat Pasta Penne Rigate","049705309650","Market Basket Whole Wheat Pasta Penne Rigate","1.25","0.0","Market Basket","13.25 oz","13.25 oz","X1610.jpg","","4"
"32459","Cooking Needs","Oils & Vinegars","Oils & Vinegars","La Tourangelle ","L Touragelle Artisan Oils Delicate Avacodo Oil Huile d Amande ","857190000088","L Touragelle Artisan Oils Delicate Avacodo Oil Huile d Amande ","7.49","0.0","Market Basket","10 fl oz","10 fl oz","X1962.jpg","","2"
"33770","Frozen Food","Frozen Pizza","Frozen Pizza","Outsiders Pizza Company ","Outsiders Pizza Company Pepperoni Cups ","071921664725","Outsiders Pizza Company Pepperoni Cups ","9.36","0.0","Market Basket","28.1 oz","28.1 oz","X4934.jpg","","19"
"6384","Beverages & Juices","Water","Sparkling Water","Polar","Polar Black Cherry Sparkling Water","","Polar Black Cherry Sparkling Water","1.24","0.0","Market Basket","1 L","1 L","No Image.jpg","","11"
"10445","Cooking Needs","Rice & Grains","Grains, Rice & Dried Goods","Royal","RiceSelect Royal Blend with Red Quinoa Rice","","RiceSelect Royal Blend with Red Quinoa Rice","9.19","0.0","Market Basket","28 oz","28 oz","5865.jpg","","4"
"15015","Personal Care","Personal Needs","Deodorants","Axe","Axe Body Spray For Men Kilo","","Axe Body Spray For Men Kilo","7.0","1.0","Market Basket","4 oz","4 oz","6293.jpg","","13"
"31073","Frozen Food","Frozen Pizza","Frozen Pizza","Daiya","Daiya Thin Crust Gluten Free Pizza ","871459001326","Daiya Thin Crust Gluten Free Pizza ","8.74","0.0","Market Basket","15.70 oz","15.70 oz","X4876.jpg","","19"
"5879","Beverages & Juices","Cocoa & Drink Mixes","Cocoa & Drink Mixes","4C","4C Lemonade","","4C Lemonade","1.88","0.0","Market Basket","18.6 oz","18.6 oz","No Image.jpg","","17"
"32450","Frozen Food","Frozen Produce","Frozen Produce","La Fe","La Fe Green Pigeon Peas","023545002643","La Fe Green Pigeon Peas","2.49","0.0","Market Basket","14 oz","14 oz","X4416.jpg","","18"
"5130","Chips, Cookies & Snacks","Cookies & Crackers","Cookies & Cakes","Pepperidge Farm Milano","Pepperidge Farm Milano Orange Chocolate Cookies","","Pepperidge Farm Milano Orange Chocolate Cookies","4.69","0.0","Market Basket","7 oz","7 oz","1154.jpg","","6"
"35134","Condiments & Dressings","Salad Dressings & Toppings","Salad Dressing & Toppings","Wish Bone","Wish Bone Chipotle Ranch Dressing","041321261404","Wish Bone Chipotle Ranch Dressing","2.5","0.0","Market Basket","15 fl oz","15 fl oz","X905.jpg","","2"
"6394","Beverages & Juices","Soft Drinks & Seltzers","Seltzer","Polar","Polar Seltzer Starfruit Lemonade","","Polar Seltzer Starfruit Lemonade","4.18","0.0","Market Basket","8 x 12 fl oz","8 x 12 fl oz","No Image.jpg","","11"
"4234","Meat & Seafood","Packaged Meat & Seafood","Ham","Market Basket","Ham","","Ham","5.59","0.0","Market Basket","1 lb","1 lb","Market Basket.jpg","","1"
"7832","Cooking Needs","Canned Food","Canned Meat & Seafood","Chicken of the Sea","Chicken of the Sea Chunk Light Tuna in Water","","Chicken of the Sea Chunk Light Tuna in Water","1.29","0.0","Market Basket","5 oz","5 oz","17154.jpg","","2"
"33019","Pasta & Sauces","Raw Pasta","Raw Pasta","Market Basket","Market Basket Pasta Alphabets","049795032824","Market Basket Pasta Alphabets","1.86","0.0","Market Basket","16 oz","16 oz","X1674.jpg","","4"
"4302","Meat & Seafood","Meat & Seafood Counter","Other Seafood","Market Basket","Market Basket Fresh Fish Bones For Fish Stock","","Market Basket Fresh Fish Bones For Fish Stock","1.29","0.0","Market Basket","Approx: 1.00 lb at $1.29/lb","Approx: 1.00 lb at $1.29/lb","Market Basket.jpg","","22"
"9352","Frozen Food","Frozen Dessert","Frozen Dessert","Mrs. Smith's","Mrs. Smith's Original Flaky Crust Apple Pie","","Mrs. Smith's Original Flaky Crust Apple Pie","8.79","0.0","Market Basket","37 oz","37 oz","17983.jpg","","19"
"58","Kitchen & Cleaning","Air Fresheners & Candles","Automatic Spray & Refill","Glade","Glade Automatic Spray Refill Clean Linen","","Glade Automatic Spray Refill Clean Linen","4.89","1.0","Market Basket","6.2 fl oz","6.2 fl oz","4227.jpg","","15"
"34206","Breakfast & Dairy","Granola & Oats","Granola","Purely Elizabeth","Purely Elizabeth Grain Free Granola Banana Nut Butter","885140002724","Purely Elizabeth Grain Free Granola Banana Nut Butter","7.49","0.0","Market Basket","8 oz","8 oz","X3753.jpg","","5"
"4859","Chips, Cookies & Snacks","Chips & Fruit Snacks","Chips & Pretzels","Lay's","Lay's Baked Barbeque","","Lay's Baked Barbeque","5.14","0.0","Market Basket","6.25 oz","6.25 oz","No Image.jpg","","0"
"14749","Personal Care","Body Wash, Soap & Hair Care","Hair Care","Herbal Essences","Herbal Essences Moisture Boost Hydralicious Conditioner","","Herbal Essences Moisture Boost Hydralicious Conditioner","4.82","1.0","Market Basket","10.1 fl oz","10.1 fl oz","6590.jpg","","13"
"6308","Beverages & Juices","Water","Sparkling Water","Poland Spring","Poland Spring Sparkling Water, Ruby Red Grapefruit","","Poland Spring Sparkling Water, Ruby Red Grapefruit","3.74","0.0","Market Basket","8 x 16.9 fl oz","8 x 16.9 fl oz","No Image.jpg","","11"
"9791","Frozen Food","Frozen Produce","Frozen Produce","Birds Eye","Birds Eye Sweet Mini Corn On The Cob","","Birds Eye Sweet Mini Corn On The Cob","4.29","0.0","Market Basket","12 count","12 count","2427.jpg","","19"
"30732","Cooking Needs","Canned Food","Baked Beans","Bush's","Bush's Best Since 1908 Maple & Cured Bacon  Brown Sugar Hickory Baked Beans ","","Bush's Best Since 1908 Maple & Cured Bacon  Brown Sugar Hickory Baked Beans ","2.88","0.0","Market Basket","16 oz","16 oz","X1827.jpg","","2"
"3712","Fresh Produce","Fresh Fruits","Plantain","Market Basket","Plantain","","Plantain","1.48","0.0","Market Basket","1 lb","1 lb","FP33.jpg","","20"
"31960","Meat & Seafood","Packaged Meat & Seafood","Liverwurst","Jones Dairy Farm","Jones Dairy Farm Barunschweiger Liverwurst","","Jones Dairy Farm Barunschweiger Liverwurst","3.36","0.0","Market Basket","8 oz","8 oz","X4503.jpg","","1"
"6171","Beverages & Juices","Soft Drinks & Seltzers","Soft Drinks","Pepsi","Pepsi Real Sugar Box of Cans","","Pepsi Real Sugar Box of Cans","5.63","0.0","Market Basket","12 x 12 fl oz","12 x 12 fl oz","3927.jpg","","17"
"12779","Breakfast & Dairy","Breads & Rolls","Bread","Schar Gluten Free","Dr. Schar Gluten Free Artisan Baker Multigrain Bread","","Dr. Schar Gluten Free Artisan Baker Multigrain Bread","6.09","0.0","Market Basket","14.1 oz","14.1 oz","17002.jpg","","18"
"7817","Cooking Needs","Canned Food","Canned Meat & Seafood","Bumble Bee","Bumble Bee Chunk Light Tuna In Water","","Bumble Bee Chunk Light Tuna In Water","1.29","0.0","Market Basket","5 oz","5 oz","5187.jpg","","2"
"30729","Cooking Needs","Canned Food","Baked Beans","Bush's","Bush's Best Since 1908 Country Style Brown Sugar Hickory Baked Beans Good Source of Fiber","","Bush's Best Since 1908 Country Style Brown Sugar Hickory Baked Beans Good Source of Fiber","2.88","0.0","Market Basket","16 oz","16 oz","X1824.jpg","","2"
"5365","Chips, Cookies & Snacks","Cookies & Crackers","Cookies & Cakes","Pepperidge Farm","Pepperidge Farmhouse Thin & Crispy Dark Chocolate Chip","","Pepperidge Farmhouse Thin & Crispy Dark Chocolate Chip","4.69","0.0","Market Basket","6.9 oz","6.9 oz","No Image.jpg","","6"
"515","Laundry & Paper Goods","Laundry","Fabric Softener","Market Basket","Market Basket Ultra Fabric Softener Spring Scent 40 Loads","","Market Basket Ultra Fabric Softener Spring Scent 40 Loads","4.99","1.0","Market Basket","34 fl oz","34 fl oz","Market Basket.jpg","","15"
"30521","Breakfast & Dairy","Granola & Oats","Oats","Bob's Red Mill","Bob's Red Mill Steel Cut Oats Whole Grain ","039978013736","Bob's Red Mill Steel Cut Oats Whole Grain ","5.61","0.0","Market Basket","24 oz","24 oz","X5229.jpg","","3"
"4839","Chips, Cookies & Snacks","Chips & Fruit Snacks","Chips & Pretzels","Doritos","Doritos Spicy Nacho Flavored Tortilla Chips","","Doritos Spicy Nacho Flavored Tortilla Chips","5.47","0.0","Market Basket","9.75 oz","9.75 oz","956.jpg","","0"
"14349","Breakfast & Dairy","Tea & Coffee","Coffee","Cafe Jose","Cafe Jose Tarrazu Reserve","","Cafe Jose Tarrazu Reserve","8.59","0.0","Market Basket","12 oz","12 oz","No Image.jpg","","8"
"10428","Cooking Needs","Canned Food","Canned Food","Goya","Goya Whole Green Peas","","Goya Whole Green Peas","1.09","0.0","Market Basket","16 oz","16 oz","5811.jpg","","7"
"32623","Pasta & Sauces","Raw Pasta","Raw Pasta","Lucio","Lucio Pasta Elbows No. 197","085164119775","Lucio Pasta Elbows No. 197","1.11","0.0","Market Basket","16 oz","16 oz","X1700.jpg","","4"
"5281","Chips, Cookies & Snacks","Chips & Fruit Snacks","Chips & Pretzels","Market Basket","Market Basket Cheddar & Sour Cream Potato Chips","","Market Basket Cheddar & Sour Cream Potato Chips","3.13","0.0","Market Basket","9.5 oz","9.5 oz","Market Basket.jpg","","0"
"32087","Breakfast & Dairy","Bars & Pastries","Breakfast Bars","Kellogg's ","Kellogg's NutriGrain Kids Strawberry Blast Soft Baked Mini Bars","038000220685","Kellogg's NutriGrain Kids Strawberry Blast Soft Baked Mini Bars","3.75","0.0","Market Basket","5 x 1.3 oz","5 x 1.3 oz","X3942.jpg","","5"
"9179","Frozen Food","Frozen Dinners & Entrees","Frozen Appetizers & Sides","Ore-Ida","Ore Ida Shredded Hash Brown Potatoes","","Ore Ida Shredded Hash Brown Potatoes","3.09","0.0","Market Basket","30 oz","30 oz","2568.jpg","","19"
"30036","Cooking Needs","Oils & Vinegars","Oils & Vinegars","Alessi","Alessi Autentico Premium Aceto Balsamic Bianco Orange Blossom Honey ","","Alessi Autentico Premium Aceto Balsamic Bianco Orange Blossom Honey ","3.74","0.0","Market Basket","8.5 fl oz","8.5 fl oz","X1788.jpg","","2"
"35169","Condiments & Dressings","Marinades, Ketchup & Sauces","Marinades & Meat Preparation","World Harbors ","World Harbors Authentic Flavors Asian inspired Sriracha Sauce & Marinade ","715364100234","World Harbors Authentic Flavors Asian inspired Sriracha Sauce & Marinade ","3.74","0.0","Market Basket","23 fl oz","23 fl oz","X2042.jpg","","2"
"15032","Personal Care","Personal Needs","Deodorants","Gillette","Gillette Cool Wave Clear Gel Menâs Antiperspirant and Deodorant 2.85 oz","","Gillette Cool Wave Clear Gel Menâs Antiperspirant and Deodorant 2.85 oz","4.93","1.0","Market Basket","2.85 oz","2.85 oz","17694.jpg","","13"
"9974","Frozen Food","Ice Cream & Ice","Ice Cream & Ice","Breyer's","Breyer's Light Ice Cream 2in1 Snickers M&m's","","Breyer's Light Ice Cream 2in1 Snickers M&m's","4.89","0.0","Market Basket","1.5 quart","1.5 quart","16177.jpg","","21"
"13844","Breakfast & Dairy","Dairy & Eggs","Refrigerated Pudding & Desserts","Snack Pack","Snack Pack Bakery Shop Chocolate Cupcake Pudding","","Snack Pack Bakery Shop Chocolate Cupcake Pudding","1.49","0.0","Market Basket","4 x 3.25 oz","4 x 3.25 oz","812.jpg","","19"
"8836","Condiments & Dressings","Salad Dressings & Toppings","Salad Dressing & Toppings","Joseph's","Joseph's Spinach Hommus","","Joseph's Spinach Hommus","4.29","0.0","Market Basket","16 oz","16 oz","15454.jpg","","2"
"7190","Cooking Needs","Spices & Seasonings","Spices & Seasonings","Badia","Badia Cumin, Ground","","Badia Cumin, Ground","6.09","0.0","Market Basket","16 oz","16 oz","2232.jpg","","9"
"9044","Condiments & Dressings","Preserved Dips & Spreads","Spreads","Smucker's","Smucker's Jelly Concord Grape","","Smucker's Jelly Concord Grape","3.69","0.0","Market Basket","32 oz","32 oz","1632.jpg","","3"
"7784","Cooking Needs","Canned Food","Canned Meals & Beans","Market Basket","Market Basket Chick Peas","","Market Basket Chick Peas","0.89","0.0","Market Basket","15.5 oz","15.5 oz","Market Basket.jpg","","2"
"6913","Cooking Needs","Baking & Cooking","Baking Ingredients","Splenda","Splenda No Calorie Sweetener Individual Packets","","Splenda No Calorie Sweetener Individual Packets","8.59","0.0","Market Basket","200 count","200 count","15684.jpg","","8"
"604","Laundry & Paper Goods","Paper Goods","Bathroom Tissues / Toilet Paper","Earth First","Earth First Recycled Paper Bath Tissue Double Roll","","Earth First Recycled Paper Bath Tissue Double Roll","8.74","1.0","Market Basket","12 count","12 count","No Image.jpg","","14"
"34005","Frozen Food","Frozen Dinners & Entrees","Frozen Appetizers & Sides","Pepperidge Farm","Pepperidge Farm Garlic Bread Crusty Mozzarella","051000076885","Pepperidge Farm Garlic Bread Crusty Mozzarella","3.11","0.0","Market Basket","11.75 oz","11.75 oz","X4368.jpg","","18"
"15349","Personal Care","Vitamins & Proteins","Vitamins & Supplements","One A Day","One A Day Energy Multivitamin/Multimineral Supplement","","One A Day Energy Multivitamin/Multimineral Supplement","14.02","1.0","Market Basket","50 count","50 count","6703.jpg","","13"
"8358","Condiments & Dressings","Honey, Syrup & Nectars","Syrup","Coombs Family Farms","Coombs Family Farms Organic Maple Syrup","","Coombs Family Farms Organic Maple Syrup","29.99","0.0","Market Basket","32 fl oz","32 fl oz","1604.jpg","","3"
"7822","Cooking Needs","Canned Food","Canned Meat & Seafood","Bumble Bee","Bumble Bee Premium Chunk White Albacore in Water","","Bumble Bee Premium Chunk White Albacore in Water","1.59","0.0","Market Basket","5 oz","5 oz","5195.jpg","","2"
"7848","Cooking Needs","Canned Food","Canned Meat & Seafood","Goya","Goya Premium Sardinas In Olive Oil","","Goya Premium Sardinas In Olive Oil","3.09","0.0","Market Basket","120 g","120 g","5229.jpg","","2"
"32829","Breakfast & Dairy","Breads & Rolls","Bagels","Market Basket","Market Basket Bagels Veggie Medley","049705544952","Market Basket Bagels Veggie Medley","2.5","0.0","Market Basket","22 oz","22 oz","X2410.jpg","","18"
"33804","Meat & Seafood","Canned Meat & Seafood","Beef","Pampeano ","Pampeano Corned Beef Product ","","Pampeano Corned Beef Product ","4.36","0.0","Market Basket","12 oz","12 oz","X1862.jpg","","2"
"10484","Cooking Needs","Rice & Grains","Instant Rice","Goya","Goya Mexican Rice Chicken Flavor","","Goya Mexican Rice Chicken Flavor","2.49","0.0","Market Basket","8 oz","8 oz","5744.jpg","","7"
"5519","Chips, Cookies & Snacks","Candy & Chocolates","Candy & Chocolate","M&M's","M&M's Peanut Butter Milk Chocolate Candies","","M&M's Peanut Butter Milk Chocolate Candies","3.69","0.0","Market Basket","12.7 oz","12.7 oz","1011.jpg","","3"
"31332","Cooking Needs","Oils & Vinegars","Oils & Vinegars","Filippo Berio","Filippo Berio Since 1867 Extra Virgin Olive Oil For Dressing & Marinating  FilippoBerio ","041736010284","Filippo Berio Since 1867 Extra Virgin Olive Oil For Dressing & Marinating  FilippoBerio ","8.74","0.0","Market Basket","101.4 fl oz","101.4 fl oz","X1983.jpg","","2"
"31980","Condiments & Dressings","Marinades, Ketchup & Sauces","Sauce","Joyce Chen ","Joyce Chen Less Sodium Soy Sauce ","184113000086","Joyce Chen Less Sodium Soy Sauce ","6.24","0.0","Market Basket","10 fl oz","10 fl oz","X5349.jpg","","3"
"4077","Meat & Seafood","Meat & Seafood Counter","Beef","Market Basket","Market Basket Beef Chuck Fillet Roast","","Market Basket Beef Chuck Fillet Roast","12.91","0.0","Market Basket","Approx: 2.31 lb at $5.59/lb","Approx: 2.31 lb at $5.59/lb","Market Basket.jpg","","22"
"6128","Beverages & Juices","Soft Drinks & Seltzers","Soft Drinks","Fresca","Fresca Sparkling Soda Water Grapefruit Citrus Original","","Fresca Sparkling Soda Water Grapefruit Citrus Original","6.86","0.0","Market Basket","12 x 12 fl oz","12 x 12 fl oz","No Image.jpg","","17"
"4949","Chips, Cookies & Snacks","Chips & Fruit Snacks","Chips & Pretzels","Snyder's of Hanover","Snyder's of Hanover Sticks The Pounder Pretzels","","Snyder's of Hanover Sticks The Pounder Pretzels","3.91","0.0","Market Basket","16 oz","16 oz","904.jpg","","0"
"13509","Breakfast & Dairy","Dairy & Eggs","Milk","Market Basket","Market Basket Skim Fat Free Milk","","Market Basket Skim Fat Free Milk","2.24","0.0","Market Basket","0.5 gal","0.5 gal","Market Basket.jpg","","1"
"15324","Personal Care","Vitamins & Proteins","Vitamins & Supplements","L'il Critters","L'il Critters Complete Multivitamin, Gummies","","L'il Critters Complete Multivitamin, Gummies","7.0","1.0","Market Basket","70 count","70 count","6716.jpg","","13"
"6598","Beverages & Juices","Juices & Refrigerated Drinks","Refrigerated Drinks","GT's","GT's Synergy Organic Kombucha Gingerberry","","GT's Synergy Organic Kombucha Gingerberry","3.49","0.0","Market Basket","16 fl oz","16 fl oz","16527.jpg","","20"
"202","Kitchen & Cleaning","Cleaning Products","Scrub Sponge","Scotch-Brite","Scotch-Brite Heavy Duty Scrub Sponges","","Scotch-Brite Heavy Duty Scrub Sponges","5.49","1.0","Market Basket","6 count","6 count","4303.jpg","","15"
"4253","Meat & Seafood","Packaged Meat & Seafood","Pollock","Buena Ventura","Buena Ventura Ventura Salted Alaska Pollock Fillets Boned/Skinless","","Buena Ventura Ventura Salted Alaska Pollock Fillets Boned/Skinless","4.89","0.0","Market Basket","16 oz","16 oz","16716.jpg","","22"
"35289","Richardson's Farm Ice Cream","Ice Cream","Chocolate","Richarson's Farm","Richarson's Farm German Chocolate Cake Ice Cream 16% Butterfat","","Chocolate-coconut based ice cream with chunks of brownie fudge and a caramel ripple","32.99","0.0","Richardson's Farm","3 Gal. Tub","3 Gal. Tub","RichardsonsFarm.jpg","",""
"5881","Beverages & Juices","Cocoa & Drink Mixes","Cocoa & Drink Mixes","4C","4C Ice Tea Mix Decaffeinated","","4C Ice Tea Mix Decaffeinated","1.88","0.0","Market Basket","13.9 oz","13.9 oz","No Image.jpg","","17"
"35047","Beverages & Juices","Energy & Sports Drinks","Energy & Sports Drinks","Vitamin Water","Vitamin Water Zero Sugar Squeezed Lemonade","786162003508","Vitamin Water Zero Sugar Squeezed Lemonade","6.24","0.0","Market Basket","6 x 16.9 fl oz","6 x 16.9 fl oz","X2776.jpg","","10"
"13965","Breakfast & Dairy","Dairy & Eggs","Specialty Cheeses","Market Basket","Market Basket Shredded Parmesan Cheese","","Market Basket Shredded Parmesan Cheese","2.48","0.0","Market Basket","7 oz","7 oz","Market Basket.jpg","","1"
"31857","Cooking Needs","Canned Food","Canned Tomatoes","Hunts","Hunts Diced Tomatoes with Basil, Garlic and Oregano","027000378953","Hunts Diced Tomatoes with Basil, Garlic and Oregano","1.25","0.0","Market Basket","14.5 oz","14.5 oz","X1346.jpg","","4"
"33575","Breakfast & Dairy","Dairy & Eggs","Eggnog","Nellie's","NELLIE'S FREE RANGE EGGS LIMITED EDITION EGGNOG MADE WITH CERTIFIED HUMANE NELLIE'S FREE RANGE EGGS","","NELLIE'S FREE RANGE EGGS LIMITED EDITION EGGNOG MADE WITH CERTIFIED HUMANE NELLIE'S FREE RANGE EGGS","4.99","0.0","Market Basket","32 fl oz","32 fl oz","X637.jpg","","1"
"32240","Condiments & Dressings","Salad Dressings & Toppings","Salad Dressing & Toppings","Ken's Steak House","Ken's Seak House Poppy Seed Dressing ","041335349563","Ken's Seak House Poppy Seed Dressing ","3.49","0.0","Market Basket","16 fl oz","16 fl oz","X408.jpg","","2"
"15274","Personal Care","Personal Needs","Skin care","Summer's Eve","Summer's Eve Douche Fresh Scent","","Summer's Eve Douche Fresh Scent","2.75","1.0","Market Basket","2 x 4.5 fl oz","2 x 4.5 fl oz","6514.jpg","","13"
"8548","Cooking Needs","Oils & Vinegars","Oils & Vinegars","Mazola","Mazola Canola Cooking Spray Original","","Mazola Canola Cooking Spray Original","2.49","0.0","Market Basket","5 oz","5 oz","15493.jpg","","2"
"31645","Breakfast & Dairy","Dairy & Eggs","Fruit Drink","Happy Kid ","Happy Kid Organic Apple,Beet,StarBerry & Kiwi ","","Happy Kid Organic Apple,Beet,StarBerry & Kiwi ","4.99","0.0","Market Basket","12.68 oz","12.68 oz","X320.jpg","","1"
"15254","Personal Care","Personal Needs","Oral Hygiene","Scope","Scope Classic Original Mint Mouthwash","","Scope Classic Original Mint Mouthwash","5.62","1.0","Market Basket","1 L","1 L","17785.jpg","","13"
"5007","Chips, Cookies & Snacks","Chips & Fruit Snacks","Chips & Pretzels","Utz","Utz The Crab Chip Potato Chips","","Utz The Crab Chip Potato Chips","4.69","0.0","Market Basket","9 oz","9 oz","No Image.jpg","","0"
"3536","Fresh Produce","Fresh Vegetables","Beet","Market Basket","Bunch Beets","","Bunch Beets","3.29","0.0","Market Basket","1 count","1 count","f150.jpg","","20"
"148","Kitchen & Cleaning","Cleaning Products","Other Cleaning Products","Easy-Off","Easy-Off Oven Cleaner Fume Free Lemon","","Easy-Off Oven Cleaner Fume Free Lemon","4.89","1.0","Market Basket","14.5 oz","14.5 oz","16786.jpg","","15"
"34600","Condiments & Dressings","Marinades, Ketchup & Sauces","Mayonnaise","Spectrum","Spectrum Culinary Organic Mayonnaise Expller Pressed Oil ","","Spectrum Culinary Organic Mayonnaise Expller Pressed Oil ","4.99","0.0","Market Basket","16 fl oz","16 fl oz","X786.jpg","","2"
"4224","Meat & Seafood","Packaged Meat & Seafood","Codfish","Bom Petisco","Bom Petisco Choice Bone In Salted Codfish","","Bom Petisco Choice Bone In Salted Codfish","10.99","0.0","Market Basket","24 oz","24 oz","No Image.jpg","","1"
"13300","Breakfast & Dairy","Dairy & Eggs","Butter","Land O' Lakes","Land O' Lakes Butter Salted","","Land O' Lakes Butter Salted","4.59","0.0","Market Basket","4 x 1 lb","4 x 1 lb","618.jpg","","1"
"173","Kitchen & Cleaning","Cleaning Products","Other Cleaning Products","Resolve","Resolve Pet Expert Carpet Foam Carpet Foam","","Resolve Pet Expert Carpet Foam Carpet Foam","6.09","1.0","Market Basket","22 fl oz","22 fl oz","16802.jpg","","15"
"13804","Breakfast & Dairy","Dairy & Eggs","Packaged Cheese","Stella","Stella Cheese, Shredded, Parmesan","","Stella Cheese, Shredded, Parmesan","4.89","0.0","Market Basket","10 oz","10 oz","14595.jpg","","1"
"33052","Condiments & Dressings","Honey, Syrup & Nectars","Honey","Market Basket ","Market Basket Pure Honey","049705016787","Market Basket Pure Honey","2.74","0.0","Market Basket","8 oz","8 oz","X3187.jpg","","2"
"32495","Frozen Food","Frozen Dinners & Entrees","Frozen Meal","Lean Cuisine ","Lean Cuisine Roasted Turkey Vegetables","013800207333","Lean Cuisine Roasted Turkey Vegetables","3.61","0.0","Market Basket","10 oz","10 oz","X4211.jpg","","18"
"34266","Breakfast & Dairy","Granola & Oats","Oats","Quaker ","Quaker Steel Cut Blueberries & Cranberries Instant Oatmeal","030000321898","Quaker Steel Cut Blueberries & Cranberries Instant Oatmeal","3.75","0.0","Market Basket","8 x 1.62 oz","8 x 1.62 oz","X3587.jpg","","5"
"33308","Cooking Needs","Rice & Grains","Instant Rice","Minute Rice","Minute Jasmine Rice Fragrant & Fluffy","017400222529","Minute Jasmine Rice Fragrant & Fluffy","2.49","0.0","Market Basket","12 oz","12 oz","X1003.jpg","","4"
"7084","Cooking Needs","Oils & Vinegars","Oils & Vinegars","Olympiana","Olympiana Early Harvest Extra Virgin Olive Oil","","Olympiana Early Harvest Extra Virgin Olive Oil","7.39","0.0","Market Basket","16.9 fl oz","16.9 fl oz","No Image.jpg","","2"
"30153","Beverages & Juices","Juices & Refrigerated Drinks","Juice & Nectars","Apple & Eve","Apple & Eve Cool Waters Tropical Punch","076301830097","Apple & Eve Cool Waters Tropical Punch","3.13","0.0","Market Basket","8 x 6.75 fl oz","8 x 6.75 fl oz","X3104.jpg","","10"
"4177","Meat & Seafood","Packaged Meat & Seafood","Beef","Market Basket","Selected Thin Sliced NY Sirloin Petite","","Selected Thin Sliced NY Sirloin Petite","6.09","0.0","Market Basket","1 lb","1 lb","Market Basket.jpg","","22"
"32508","Frozen Food","Frozen Dinners & Entrees","Frozen Meal","Lean Cuisine ","Lean Cuisine Chicken club Panini","013800170002","Lean Cuisine Chicken club Panini","3.13","0.0","Market Basket","6 oz","6 oz","X4227.jpg","","18"
"34126","Beverages & Juices","Energy & Sports Drinks","Energy & Sports Drinks","Powerade","Powerade Ultra White Cherry","049000531039","Powerade Ultra White Cherry","1.56","0.0","Market Basket","20 fl oz","20 fl oz","X2707.jpg","","10"
"7013","Cooking Needs","Baking & Cooking","Doughs, Gelatins & Bake Mixes","Pillsbury","Pillsbury Crescents, Reduced Fat","","Pillsbury Crescents, Reduced Fat","2.69","0.0","Market Basket","8 oz","8 oz","2036.jpg","","1"
"33315","Cooking Needs","Rice & Grains","Instant Rice","Minute Rice","Minute Brown Rice & Quinoa ","017400140380","Minute Brown Rice & Quinoa ","2.11","0.0","Market Basket","8.8 oz","8.8 oz","X1010.jpg","","4"
"4900","Chips, Cookies & Snacks","Chips & Fruit Snacks","Chips & Pretzels","PiratesBrands","Pirate's Booty Aged White Cheddar Rice and Corn Puffs Multi Pack","","Pirate's Booty Aged White Cheddar Rice and Corn Puffs Multi Pack","7.8","0.0","Market Basket","6 x 1 oz","6 x 1 oz","No Image.jpg","","0"
"31461","Breakfast & Dairy","Cereal","Cereal","General Mills","General Mills Cocoa Puffs","016000151284","General Mills Cocoa Puffs","3.75","0.0","Market Basket","10.4 oz","10.4 oz","X3438.jpg","","5"
"31776","Breakfast & Dairy","Dairy & Eggs","Cottage Cheese","Hood","Hood Cottage Cheese Country Style SMALL CURD 4% MILKFAT MIN","","Hood Cottage Cheese Country Style SMALL CURD 4% MILKFAT MIN","2.09","0.0","Market Basket","16 oz","16 oz","X339.jpg","","1"
"9075","Condiments & Dressings","Preserved Dips & Spreads","Spreads","Trappist","Trappist Cherry Preserve","","Trappist Cherry Preserve","3.69","0.0","Market Basket","12 oz","12 oz","1664.jpg","","3"
"48","Kitchen & Cleaning","Air Fresheners & Candles","Air Freshener","Pure Citrus","Pure Citrus Air Freshener, Orange","","Pure Citrus Air Freshener, Orange","4.89","1.0","Market Basket","6.25 oz","6.25 oz","4246.jpg","","15"
"479","Laundry & Paper Goods","Laundry","Laundry Detergent","Purex Liquid Detergents","Purex Concentrated Detergent After the Rain 57 loads","","Purex Concentrated Detergent After the Rain 57 loads","3.74","1.0","Market Basket","75 fl oz","75 fl oz","No Image.jpg","","15"
"3677","Fresh Produce","Fresh Fruits","Mango","Market Basket","Mango","","Mango","1.71","0.0","Market Basket","1 each","1 each","Market Basket.jpg","","20"
"31580","Frozen Food","Frozen Dinners & Entrees","Frozen Appetizers & Sides","Gorton's","Gorton's Parmesan Crusted Whole Fillets (Not Minced)","044400156400","Gorton's Parmesan Crusted Whole Fillets (Not Minced)","6.24","0.0","Market Basket","18.2 oz","18.2 oz","X4396.jpg","","18"
"9040","Condiments & Dressings","Preserved Dips & Spreads","Spreads","Smart Balance","Smart Balance Natural Rich Roast Chunky Peanut Butter","","Smart Balance Natural Rich Roast Chunky Peanut Butter","5.39","0.0","Market Basket","16 oz","16 oz","15423.jpg","","3"
"34411","Meat & Seafood","Canned Meat & Seafood","Other Meat","Romanoff ","Romanoff Caviar Black LumpFish ","","Romanoff Caviar Black LumpFish ","1.86","0.0","Market Basket","2 oz","2 oz","X1903.jpg","","2"
"5656","Chips, Cookies & Snacks","Candy & Chocolates","Mint & Gum","LifeSavers","LifeSavers Mints WintOGreen Hard Candy Party Size","","LifeSavers Mints WintOGreen Hard Candy Party Size","6.09","0.0","Market Basket","41 oz","41 oz","1505.jpg","","3"
"35034","Beverages & Juices","Energy & Sports Drinks","Energy & Sports Drinks","Vitamin 1","Vitamin 1 Mango No Sugar","8.64477E+11","Vitamin 1 Mango No Sugar","2.49","0.0","Market Basket","16.9 fl oz","16.9 fl oz","X2753.jpg","","10"
"14653","Breakfast & Dairy","Tea & Coffee","Tea","Yogi","Yogi Green Tea Kombucha Bags, Box","","Yogi Green Tea Kombucha Bags, Box","4.89","0.0","Market Basket","16 count","16 count","3513.jpg","","8"
"10030","Frozen Food","Ice Cream & Ice","Ice Cream & Ice","Friendly's","Friendly's Cherry Vanilla Premium Ice Cream","","Friendly's Cherry Vanilla Premium Ice Cream","3.69","0.0","Market Basket","1.5 quart","1.5 quart","3064.jpg","","21"
"31375","Frozen Food","Frozen Pizza","Frozen Pizza","Freschetta ","Freschetta Three Meat ","072180563569","Freschetta Three Meat ","6.24","0.0","Market Basket","23.09 oz","23.09 oz","X4923.jpg","","19"
"32673","Frozen Food","Frozen Dinners & Entrees","Frozen Appetizers & Sides","Mama Rosie's","Mama Rosie's Three Cheese Lasagna","076239463053","Mama Rosie's Three Cheese Lasagna","5.61","0.0","Market Basket","28 oz","28 oz","X4341.jpg","","18"
"8014","Cooking Needs","Canned Food","Soup, Broth & Bouillon","Herb-Ox","Herb Ox Chicken Flavor Granulated Bouillon","","Herb Ox Chicken Flavor Granulated Bouillon","1.59","0.0","Market Basket","32 g","32 g","17265.jpg","","2"
"30243","Meat & Seafood","Packaged Meat & Seafood","Hot Dogs & Franks","Ball Park","Ball Park Franks ","","Ball Park Franks ","3.74","0.0","Market Basket","15 oz","15 oz","X4568.jpg","","1"
"6845","Cooking Needs","Baking & Cooking","Baking Ingredients","Ghirardelli Chocolate","Ghirardelli Chocolate Chocolate Premium Baking Bar Semi Sweet Chocolate","","Ghirardelli Chocolate Chocolate Premium Baking Bar Semi Sweet Chocolate","2.79","0.0","Market Basket","4 oz","4 oz","2339.jpg","","8"
"33787","Pasta & Sauces","Pasta Sauce","Pasta Sauce","Paesana","Paesana Pasta Sauce Marinara Traditional Pasta Sauce","076050170215","Paesana Pasta Sauce Marinara Traditional Pasta Sauce","4.99","0.0","Market Basket","25 oz","25 oz","X1527.jpg","","4"
"30733","Cooking Needs","Canned Food","Baked Beans","Bush's","Bush's Best Since 1908 Vegetarain Brown Sugar Hickory Baked Beans ","","Bush's Best Since 1908 Vegetarain Brown Sugar Hickory Baked Beans ","2.88","0.0","Market Basket","16 oz","16 oz","X1828.jpg","","2"
"5763","Breakfast & Dairy","Bars & Pastries","Protien Bars","Luna","Luna S'mores Whole Nutrition Bar","","Luna S'mores Whole Nutrition Bar","1.25","0.0","Market Basket","1.7 oz","1.7 oz","1297.jpg","","3"
"5898","Beverages & Juices","Tea, Coffee, Milk & Coconut Water","Single To-Go Coffee","StarBucks","Starbucks Doubleshot Energy Vanilla","","Starbucks Doubleshot Energy Vanilla","3.74","0.0","Market Basket","15 fl oz","15 fl oz","No Image.jpg","","17"
"14532","Breakfast & Dairy","Tea & Coffee","Tea","Bigelow ","Bigelow Herbal Tea Bags Peppermint","","Bigelow Herbal Tea Bags Peppermint","3.09","0.0","Market Basket","20 count","20 count","3418.jpg","","8"
"10069","Frozen Food","Ice Cream & Ice","Ice Cream & Ice","Haagen-dazs","Haagen dazs Coffee Ice Cream","","Haagen dazs Coffee Ice Cream","1.29","0.0","Market Basket","3.6 fl oz","3.6 fl oz","3079.jpg","","21"
"10403","Cooking Needs","Canned Food","Canned Food","Goya","Goya Beans Black","","Goya Beans Black","6.69","0.0","Market Basket","4 lb","4 lb","5828.jpg","","7"
"5286","Chips, Cookies & Snacks","Chips & Fruit Snacks","Chips & Pretzels","Pringles","Pringles Pizza Potato Crisps","","Pringles Pizza Potato Crisps","2.08","0.0","Market Basket","5.5 oz","5.5 oz","No Image.jpg","","0"
"30461","Breakfast & Dairy","Cereal","Muesli Cereal","Bob's Red Mill","Bob's Red Mill Gluten Free Muesli Hot or cold Cereal","039978003669","Bob's Red Mill Gluten Free Muesli Hot or cold Cereal","6.24","0.0","Market Basket","16 oz","16 oz","X3656.jpg","","5"
"34316","Pasta & Sauces","Pasta Sauce","Pasta Sauce","Rao's","Rao's Tomato Basil Homemade Pasta Sauce All Natural Premium","747479001151","Rao's Tomato Basil Homemade Pasta Sauce All Natural Premium","11.24","0.0","Market Basket","32 oz","32 oz","X1541.jpg","","4"
"573","Laundry & Paper Goods","Laundry","Laundry Detergent","Downy","Downy infusions BLISS Sparkling Amber & Rose 48 loads Laundry Detergent","","Downy infusions BLISS Sparkling Amber & Rose 48 loads Laundry Detergent","7.49","1.0","Market Basket","0.96 L","0.96 L","No Image.jpg","","15"
"34965","Beverages & Juices","Juices & Refrigerated Drinks","Juice & Nectars","V8","V8 Low Sodium Vegetable Juice","051000000675","V8 Low Sodium Vegetable Juice","3.74","0.0","Market Basket","6 x 5.5 fl oz","6 x 5.5 fl oz","X3121.jpg","","10"
"14722","Personal Care","Body Wash, Soap & Hair Care","Hair Care","Conair","Conair I Want To Gently Detangle! Hairbrush","","Conair I Want To Gently Detangle! Hairbrush","5.62","1.0","Market Basket","1 count","1 count","17825.jpg","","13"
"585","Laundry & Paper Goods","Laundry","Fabric Softener","Snuggle","Snuggle exhilarations island hibiscus & rainflower fabric conditioner","","Snuggle exhilarations island hibiscus & rainflower fabric conditioner","3.74","1.0","Market Basket","32 fl oz","32 fl oz","No Image.jpg","","15"
"13422","Breakfast & Dairy","Dairy & Eggs","Eggs","Market Basket","Market Basket Egg Starts","","Market Basket Egg Starts","4.29","0.0","Market Basket","32 oz","32 oz","Market Basket.jpg","","1"
"6702","Chips, Cookies & Snacks","Cookies & Crackers","Donuts","Entenmann's","Entenmann's Powdered Bagged Donuts","","Entenmann's Powdered Bagged Donuts","3.69","0.0","Market Basket","10 oz","10 oz","6225.jpg","","14"
"9901","Frozen Food","Frozen Produce","Frozen Produce","Seapoint Farms","Seapoint Farms Edamame Lightly Salted","","Seapoint Farms Edamame Lightly Salted","2.69","0.0","Market Basket","14 oz","14 oz","2493.jpg","","19"
"8969","Condiments & Dressings","Preserved Dips & Spreads","Spreads","Jif","Jif Extra Crunchy Peanut Butter","","Jif Extra Crunchy Peanut Butter","3.49","0.0","Market Basket","16 oz","16 oz","1651.jpg","","3"
"35342","Richardson's Farm Ice Cream","Frozen Yogurt","Pistachio","Richarson's Farm","Richarson's Farm Pistachio Frozen Yogurt 95% Fat Free","","The real deal pistachio yogurt with pistacio nut pieces","7.99","0.0","Richardson's Farm","1-2 Gal. Container","1-2 Gal. Container","RichardsonsFarm.jpg","",""
"34078","Breakfast & Dairy","Bars & Pastries","Pastries","Pop Tarts","Poptarts Frosted Wild Berry","038000222856","Poptarts Frosted Wild Berry","2.5","0.0","Market Basket","13.5 oz","13.5 oz","X3510.jpg","","5"
"34452","Richardson's Farm Ice Cream","Ice Cream Toppings","Ice Cream Toppings","Sander's ","Sander's Dessert Topping  milk Chocolate Hot Fudge ","035900171222","Sander's Dessert Topping  milk Chocolate Hot Fudge ","4.99","0.0","Market Basket","10 oz","10 oz","X5141.jpg","","20"
"4782","Meat & Seafood","Frozen Meat & Seafood","Frozen Shrimp","Market Basket","Market Basket 26 30 Shell On Extra Large Shrimp","","Market Basket 26 30 Shell On Extra Large Shrimp","24.29","0.0","Market Basket","32 oz","32 oz","Market Basket.jpg","","18"
"5924","Beverages & Juices","Tea, Coffee, Milk & Coconut Water","Single To-Go Coffee","Forto","Forto Energy Coffee Organic Vanilla Latte","","Forto Energy Coffee Organic Vanilla Latte","2.5","0.0","Market Basket","11 fl oz","11 fl oz","No Image.jpg","","17"
"8039","Cooking Needs","Canned Food","Soup, Broth & Bouillon","Market Basket","Market Basket Beef Broth","","Market Basket Beef Broth","0.69","0.0","Market Basket","14.5 oz","14.5 oz","Market Basket.jpg","","2"
"32892","Breakfast & Dairy","Granola & Oats","Oats","Market Basket","Market Basketg Apple & Cinnamon Instant Oatmeal","049705009789","Market Basketg Apple & Cinnamon Instant Oatmeal","2.5","0.0","Market Basket","10 x 1.09 oz","10 x 1.09 oz","X3566.jpg","","5"
"5420","Chips, Cookies & Snacks","Cookies & Crackers","Cookies & Cakes","Nabisco","Nutter Butter Bites Peanut Butter","","Nutter Butter Bites Peanut Butter","1.56","0.0","Market Basket","3.5 oz","3.5 oz","No Image.jpg","","6"
"33423","Cooking Needs","Oils & Vinegars","Oils & Vinegars","Nakano","Nakano Rice Vinegar Natural & Mellow ","073575273346","Nakano Rice Vinegar Natural & Mellow ","3.36","0.0","Market Basket","12 fl oz","12 fl oz","X5328.jpg","","3"
"30904","Breakfast & Dairy","Dairy & Eggs","Yogurt","Chobani","Chobani Less Sugar Greek Yogurt With Fino Lemon ","","Chobani Less Sugar Greek Yogurt With Fino Lemon ","1.25","0.0","Market Basket","5.3 oz","5.3 oz","X111.jpg","","1"
"30392","Chips, Cookies & Snacks","Chips & Fruit Snacks","Fruit & Vegetable Snacks","Betty Crocker","Betty Crocker Sponge Box SquarePants Fruit Flavored Snacks ","016000424142","Betty Crocker Sponge Box SquarePants Fruit Flavored Snacks ","2.5","0.0","Market Basket","8 oz","8 oz","X5169.jpg","","19"
"13822","Breakfast & Dairy","Dairy & Eggs","Refrigerated Pudding & Desserts","Jell-O","Jell O Ready to Eat Sugar Free Creme Brulee Rice Pudding Cups","","Jell O Ready to Eat Sugar Free Creme Brulee Rice Pudding Cups","2.49","0.0","Market Basket","4 x 3.625 oz","4 x 3.625 oz","798.jpg","","19"
"31343","Beverages & Juices","Juices & Refrigerated Drinks","Refrigerated Drinks","Floridas Natural","Floridas Natural Lemonade Alex's Lemonade Stand","","Floridas Natural Lemonade Alex's Lemonade Stand","2.49","0.0","Market Basket","59 fl oz","59 fl oz","X273.jpg","","1"
"4876","Chips, Cookies & Snacks","Chips & Fruit Snacks","Chips & Pretzels","Lay's","Lay's Wavy Potato Chips Original","","Lay's Wavy Potato Chips Original","3.91","0.0","Market Basket","3.75 oz","3.75 oz","889.jpg","","0"
"32188","Breakfast & Dairy","Bars & Pastries","Breakfast Bars","Kellogg's ","Kellogg's Rice Krispies  Treats Crispy Marshmallows Squares  Orignal Mini","038000186998","Kellogg's Rice Krispies  Treats Crispy Marshmallows Squares  Orignal Mini","4.99","0.0","Market Basket","32 x 0.39 oz","32 x 0.39 oz","X3544.jpg","","5"
"13881","Breakfast & Dairy","Dairy & Eggs","Soy & Lactose-Free","Dream Blends","Dream Blends Coconut, Almond & Chia Drink, Original","","Dream Blends Coconut, Almond & Chia Drink, Original","3.69","0.0","Market Basket","32 oz","32 oz","14809.jpg","","1"
"3725","Fresh Produce","Fresh Fruits","Strawberries","Market Basket","Strawberries","","Strawberries","6.23","0.0","Market Basket","1 lb container","1 lb container","14207.jpg","","20"
"13877","Breakfast & Dairy","Dairy & Eggs","Soy & Lactose-Free","Blue Diamond Almond Breeze Almondmilk","Blue Diamond Almond Breeze Almondmilk Vanilla","","Blue Diamond Almond Breeze Almondmilk Vanilla","6.09","0.0","Market Basket","96 fl oz","96 fl oz","751.jpg","","1"
"32347","Chips, Cookies & Snacks","Candy & Chocolates","Candy & Chocolate","Kitkat ","Kitkat Crisp Wafers In Milk Chocolate ","","Kitkat Crisp Wafers In Milk Chocolate ","1.88","0.0","Market Basket","3.92 oz","3.92 oz","X463.jpg","","3"
"30322","Pasta & Sauces","Raw Pasta","Raw Pasta","Barilla","Barilla Whole Grain Pasta Spaghetti","076808005844","Barilla Whole Grain Pasta Spaghetti","1.74","0.0","Market Basket","16 oz","16 oz","X1626.jpg","","4"
"3566","Fresh Produce","Fresh Vegetables","Carrot","Market Basket","Baby Carrots","","Baby Carrots","2.19","0.0","Market Basket","1 bag","1 bag","f162.jpg","","20"
"31985","Beverages & Juices","Juices & Refrigerated Drinks","Juice & Nectars","Juicy Juice","Juicy Juice Apple 100% Juice No Sugar Added","889497008245","Juicy Juice Apple 100% Juice No Sugar Added","3.74","0.0","Market Basket","64 fl oz","64 fl oz","X2863.jpg","","10"
"3796","Fresh Produce","Fresh Organic Herbs","Ginger","Market Basket","Organic Ginger Root","","Organic Ginger Root","2.74","0.0","Market Basket","4 oz","4 oz","f92.jpg","","20"
"15215","Personal Care","Personal Needs","Oral Hygiene","Listerine","Listerine Cool Mint Antiseptic Mouthwash","","Listerine Cool Mint Antiseptic Mouthwash","11.26","1.0","Market Basket","1.5 L","1.5 L","6458.jpg","","13"
"34435","Personal Care","Vitamins & Proteins","Protien Powders","RX","Rx Nut Honey Cinnamon Peanut Butter","859162007309","Rx Nut Honey Cinnamon Peanut Butter","1.88","0.0","Market Basket","10 x 1.13 oz","10 x 1.13 oz","X5189.jpg","","3"
"4864","Chips, Cookies & Snacks","Chips & Fruit Snacks","Chips & Pretzels","Lay's","Lay'S Dill Pickle Potato Chips","","Lay'S Dill Pickle Potato Chips","3.91","0.0","Market Basket","7.75 oz","7.75 oz","869.jpg","","0"
"33812","Frozen Food","Frozen Pizza","Frozen Pizza","Papa Gino's Pizzeria ","Papa Gino's Pizzeria Pepperoni ","854527004214","Papa Gino's Pizzeria Pepperoni ","7.49","0.0","Market Basket","20.5 oz","20.5 oz","X4908.jpg","","19"
"111","Kitchen & Cleaning","Cleaning Products","Cleaning Brush","Butler Gum","Butler Gum Brass Pot/Pan Brush","","Butler Gum Brass Pot/Pan Brush","2.69","1.0","Market Basket","1 count","1 count","No Image.jpg","","15"
"10091","Frozen Food","Ice Cream & Ice","Ice Cream & Ice","Hood","Hood Ice Cream Chocolate Chip","","Hood Ice Cream Chocolate Chip","3.69","0.0","Market Basket","1.5 quart","1.5 quart","3095.jpg","","21"
"5421","Chips, Cookies & Snacks","Cookies & Crackers","Cookies & Cakes","Nabisco","Mini Nilla Wafers","","Mini Nilla Wafers","1.56","0.0","Market Basket","2.25 oz","2.25 oz","No Image.jpg","","6"
"34165","Pasta & Sauces","Raw Pasta","Raw Pasta","Prince","Prince Pasta Linguine","041129010068","Prince Pasta Linguine","1.56","0.0","Market Basket","16 oz","16 oz","X1655.jpg","","4"
"7355","Cooking Needs","Spices & Seasonings","Spices & Seasonings","McCormick","McCormick Whole Black Peppercorns","","McCormick Whole Black Peppercorns","3.69","0.0","Market Basket","4.25 oz","4.25 oz","2146.jpg","","9"
"4140","Meat & Seafood","Meat & Seafood Counter","Codfish","Gonsalves","Gonsalves Choice Bone In Salted Codfish","","Gonsalves Choice Bone In Salted Codfish","8.59","0.0","Market Basket","1 lb","1 lb","No Image.jpg","","22"
"4259","Meat & Seafood","Packaged Meat & Seafood","Pork","Lloyd's","Lloyd's Barbeque Co. Seasoned & Smoked Babyback Pork Ribs","","Lloyd's Barbeque Co. Seasoned & Smoked Babyback Pork Ribs","10.99","0.0","Market Basket","24 oz","24 oz","4090.jpg","","22"
"4795","Meat & Seafood","Frozen Meat & Seafood","Frozen Fish (All)","Market Basket","Market Basket Salmon Fillets","","Market Basket Salmon Fillets","8.59","0.0","Market Basket","16 oz","16 oz","Market Basket.jpg","","22"
"34823","Meat & Seafood","Packaged Meat & Seafood","Sausage","Thin 'n Trim","Thin n Trim Chicken Sausage Apple & Cinnamon ","","Thin n Trim Chicken Sausage Apple & Cinnamon ","4.36","0.0","Market Basket","10 oz","10 oz","X4649.jpg","","1"
"9976","Frozen Food","Ice Cream & Ice","Ice Cream & Ice","Breyer's","Breyers Cookies & Cream Ice Cream","","Breyers Cookies & Cream Ice Cream","4.29","0.0","Market Basket","48 oz","48 oz","Market Basket.jpg","","21"
"33869","Condiments & Dressings","Pickled Goods & Olives","Olives","Pastene","Pastene Imported Since 1874 ialapes Stuffed Olives ","066086130307","Pastene Imported Since 1874 ialapes Stuffed Olives ","6.86","0.0","Market Basket","7 oz","7 oz","X2338.jpg","","2"
"13803","Breakfast & Dairy","Dairy & Eggs","Packaged Cheese","Sargento","Sargento Shredded Six Cheese Italian Natural Cheese","","Sargento Shredded Six Cheese Italian Natural Cheese","3.29","0.0","Market Basket","8 oz","8 oz","164.jpg","","1"
"10153","Frozen Food","Ice Cream & Ice","Ice Cream & Ice","Market Basket","Drumstick Ice Cream Cones Variety Pack","","Drumstick Ice Cream Cones Variety Pack","6.69","0.0","Market Basket","12 count","12 count","16084.jpg","","21"
"30514","Breakfast & Dairy","Granola & Oats","Oats","Bob's Red Mill","Bob's Red Mill Quick Cooking Steel Cut Oats ","039978031907","Bob's Red Mill Quick Cooking Steel Cut Oats ","3.74","0.0","Market Basket","22 oz","22 oz","X5222.jpg","","3"
"13879","Breakfast & Dairy","Dairy & Eggs","Soy & Lactose-Free","Califia Farms","Califia Farms Toasted Coconut Almondmilk","","Califia Farms Toasted Coconut Almondmilk","4.29","0.0","Market Basket","48 fl oz","48 fl oz","787.jpg","","1"
"35315","Richardson's Farm Ice Cream","Ice Cream","Black Raspberry","Richarson's Farm","Richarson's Farm Black Raspberry Ice Cream 16% Butterfat","","Black raspberry ice cream with berries","7.99","0.0","Richardson's Farm","1-2 Gal. Container","1-2 Gal. Container","RichardsonsFarm.jpg","",""
"13384","Breakfast & Dairy","Dairy & Eggs","Cream","Nestle","NestlÃÂ© Coffee Mate French Vanilla Fat Free Powder Coffee Creamer","","NestlÃÂ© Coffee Mate French Vanilla Fat Free Powder Coffee Creamer","4.89","0.0","Market Basket","15 oz","15 oz","544.jpg","","8"
"3968","Fresh Produce","Fresh Vegetables","Russet Potato","Market Basket","Jumbo Russet Potatoes","","Jumbo Russet Potatoes","4.7","0.0","Market Basket","1 lb","1 lb","FP76.jpg","","20"
"15190","Personal Care","Personal Needs","Oral Hygiene","Crest","Crest Pro-Health CPC Antigingivits/Antiplaque Oral Mouthwash Multi-Protection Clean Mint","","Crest Pro-Health CPC Antigingivits/Antiplaque Oral Mouthwash Multi-Protection Clean Mint","5.62","1.0","Market Basket","16.9 fl oz","16.9 fl oz","6413.jpg","","13"
"5269","Chips, Cookies & Snacks","Chips & Fruit Snacks","Chips & Pretzels","Good Health","Good Health Veggie Chips Cream Onion & Chive","","Good Health Veggie Chips Cream Onion & Chive","4.69","0.0","Market Basket","6.25 oz","6.25 oz","No Image.jpg","","0"
"4363","Meat & Seafood","Meat & Seafood Counter","Steak","Market Basket","Sirloin Tip Steaks","","Sirloin Tip Steaks","10.99","0.0","Market Basket","1 lb","1 lb","Market Basket.jpg","","22"
"13599","Breakfast & Dairy","Dairy & Eggs","Other Creams & Cheeses","Market Basket","Market Basket Whipped Cream Cheese","","Market Basket Whipped Cream Cheese","3.09","0.0","Market Basket","12 oz","12 oz","Market Basket.jpg","","1"
"10117","Frozen Food","Ice Cream & Ice","Ice Cream & Ice","Kemps","Kemps Smooth & Creamy Frozen Yogurt Black Jack Cherry","","Kemps Smooth & Creamy Frozen Yogurt Black Jack Cherry","4.09","0.0","Market Basket","48 oz","48 oz","16184.jpg","","21"
"9669","Frozen Food","Frozen Dessert","Frozen Dessert","Willow Tree","Willow Tree Poultry Farm Chicken Pie Premium White Meat With Classic Vegetables","","Willow Tree Poultry Farm Chicken Pie Premium White Meat With Classic Vegetables","10.69","0.0","Market Basket","26 oz","26 oz","15946.jpg","","18"
"34502","Condiments & Dressings","Salad Dressings & Toppings","Salad Dressing & Toppings","Skinny girl ","Skinny girl Fat Free Sugar Free Dressing poppyseed ","074683005928","Skinny girl Fat Free Sugar Free Dressing poppyseed ","2.49","0.0","Market Basket","8 fl oz","8 fl oz","X775.jpg","","2"
"580","Laundry & Paper Goods","Laundry","Scent Booster","Downy","Downy Unstoppables inwash scent booster Lush Somptueux","","Downy Unstoppables inwash scent booster Lush Somptueux","8.74","1.0","Market Basket","285 g","285 g","No Image.jpg","","15"
"35247","Richardson's Farm Ice Cream","Ice Cream","Coffee","Richarson's Farm","Richarson's Farm Coffee Ice Cream 16% Butterfat","","A deep robust coffee flavor","32.99","0.0","Richardson's Farm","3 Gal. Tub","3 Gal. Tub","RichardsonsFarm.jpg","",""
"13329","Breakfast & Dairy","Dairy & Eggs","Cream","Coffee-mate","Coffee mate French Vanilla Liquid Coffee Creamer","","Coffee mate French Vanilla Liquid Coffee Creamer","4.29","0.0","Market Basket","32 fl oz","32 fl oz","549.jpg","","1"
"8754","Condiments & Dressings","Preserved Dips & Spreads","Preserved Dips & Salsa","Market Basket","Market Basket Mild Salsa","","Market Basket Mild Salsa","1.89","0.0","Market Basket","16 oz","16 oz","Market Basket.jpg","","1"
"30524","Breakfast & Dairy","Granola & Oats","Oats","Bob's Red Mill","Bob's Red Mill High Fiber Oat Brain Hot Cereal ","039978041432","Bob's Red Mill High Fiber Oat Brain Hot Cereal ","4.11","0.0","Market Basket","18 oz","18 oz","X5232.jpg","","3"
"10186","Frozen Food","Ice Cream & Ice","Ice Cream & Ice","Outshine","Outshine Fruit Bars,Variety, No Sugar Added","","Outshine Fruit Bars,Variety, No Sugar Added","4.29","0.0","Market Basket","12 count","12 count","3158.jpg","","21"
"15343","Personal Care","Vitamins & Proteins","Vitamins & Supplements","Nature Made","Nature Made Super B-Complex Tablets","","Nature Made Super B-Complex Tablets","12.64","1.0","Market Basket","175 count","175 count","18179.jpg","","13"
"30523","Breakfast & Dairy","Granola & Oats","Oats","Bob's Red Mill","Bob's Red Mill Quick Cooking Rolled Oats Whole Grain ","039978033765","Bob's Red Mill Quick Cooking Rolled Oats Whole Grain ","7.49","0.0","Market Basket","28 oz","28 oz","X5231.jpg","","3"
"15061","Personal Care","Personal Needs","Deodorants","Suave","Suave Roll-on Deodorant Powder","","Suave Roll-on Deodorant Powder","3.55","1.0","Market Basket","2.7 oz","2.7 oz","6316.jpg","","13"
"33443","Meat & Seafood","Packaged Meat & Seafood","Hot Dogs & Franks","Nathan's","Nathan's Skinless 8 Beef Franks","","Nathan's Skinless 8 Beef Franks","4.99","0.0","Market Basket","12 oz","12 oz","X4584.jpg","","1"
"32665","Breakfast & Dairy","Cereal","Cereal","Malt O Meal","Malt O Meal Fruity Dyno-Bites","042400039358","Malt O Meal Fruity Dyno-Bites","3.75","0.0","Market Basket","19 oz","19 oz","X3479.jpg","","5"
"13684","Breakfast & Dairy","Dairy & Eggs","Packaged Cheese","Galbani","Galbani Cheese, String, Mozzarella, Reduced Fat","","Galbani Cheese, String, Mozzarella, Reduced Fat","3.09","0.0","Market Basket","12 count","12 count","155.jpg","","1"
"32137","Frozen Food","Frozen Breakfast","Frozen Breakfast","Kellogg's ","Kellogg's Crustless Quiche Uncured Ham,Cheese Quinao & Peooers ","038000140983","Kellogg's Crustless Quiche Uncured Ham,Cheese Quinao & Peooers ","4.86","0.0","Market Basket","7 oz","7 oz","X4997.jpg","","19"
"30448","Breakfast & Dairy","Cereal","Buckwheat Cereal","Bob's Red Mill","Bob's Red Mill Organic Creamy Buckwheat Hot Cereal","039978111135","Bob's Red Mill Organic Creamy Buckwheat Hot Cereal","7.49","0.0","Market Basket","18 oz","18 oz","X3659.jpg","","5"
"589","Laundry & Paper Goods","Laundry","Scent Booster","Snuggle","Snuggle Scnt booster Concentrated Scent Pacs 20 loads","","Snuggle Scnt booster Concentrated Scent Pacs 20 loads","4.99","1.0","Market Basket","400 g","400 g","No Image.jpg","","15"
"31472","Breakfast & Dairy","Cereal","Cereal","General Mills","General Mills Cheerios Family Size ","016000275287","General Mills Cheerios Family Size ","4.99","0.0","Market Basket","18 oz","18 oz","X3449.jpg","","5"
"7616","Cooking Needs","Canned Food","Canned Fruit & Applesauce","Del Monte","Del Monte Fruit Naturals Red Grapefruit No Sugar Added","","Del Monte Fruit Naturals Red Grapefruit No Sugar Added","1.59","0.0","Market Basket","6.5 oz","6.5 oz","4910.jpg","","3"
"6627","Beverages & Juices","Juices & Refrigerated Drinks","Refrigerated Drinks","Newman's Own","Newman's Own Limeade Virgin","","Newman's Own Limeade Virgin","2.39","0.0","Market Basket","59 fl oz","59 fl oz","3856.jpg","","1"
"6994","Cooking Needs","Baking & Cooking","Doughs, Gelatins & Bake Mixes","Jiffy","Jiffy Apple Cinnamon Muffin Mix","","Jiffy Apple Cinnamon Muffin Mix","0.89","0.0","Market Basket","7 oz","7 oz","2114.jpg","","8"
"32160","Frozen Food","Frozen Breakfast","Frozen Waffles","Kellogg's ","Kellogg'S Eggo Mickey Homestyle ","038000165924","Kellogg'S Eggo Mickey Homestyle ","2.99","0.0","Market Basket","12.3 oz","12.3 oz","X5027.jpg","","19"
"8521","Cooking Needs","Oils & Vinegars","Oils & Vinegars","LouAna","LouAna Pure Coconut Oil","","LouAna Pure Coconut Oil","4.29","0.0","Market Basket","14 fl oz","14 fl oz","15518.jpg","","2"
"34446","Frozen Food","Frozen Dinners & Entrees","Frozen Meal","Saffron Road","Saffron Road Chicken Tikka Masala with Basmati Rice","857063002003","Saffron Road Chicken Tikka Masala with Basmati Rice","4.99","0.0","Market Basket","10 oz","10 oz","X4176.jpg","","18"
"15318","Personal Care","Vitamins & Proteins","Vitamins & Supplements","Disney","Disney Princess MultiVitamin Gummies- 60 PCS","","Disney Princess MultiVitamin Gummies- 60 PCS","8.5","1.0","Market Basket","60 count","60 count","17850.jpg","","13"
"34955","Beverages & Juices","Juices & Refrigerated Drinks","Juice & Nectars","V8","V8 Splash Pineapple Coconut Juice","051000245045","V8 Splash Pineapple Coconut Juice","2.5","0.0","Market Basket","64 fl oz","64 fl oz","X2919.jpg","","10"
"13577","Breakfast & Dairy","Dairy & Eggs","Other Creams & Cheeses","Kraft","Kraft Philadelphia Philadelphia Original Whipped Cream Cheese Spread","","Kraft Philadelphia Philadelphia Original Whipped Cream Cheese Spread","3.09","0.0","Market Basket","8 oz","8 oz","682.jpg","","1"
"35184","Chips, Cookies & Snacks","Candy & Chocolates","Candy & Chocolate","Wrigley's ","Wrigley's Winter Fresh 3 packs ","","Wrigley's Winter Fresh 3 packs ","3.13","0.0","Market Basket","15 oz","15 oz","X922.jpg","","3"
"228","Kitchen & Cleaning","Cleaning Products","Window and Glass Cleaner","Market Basket","Market Basket Window And Glass Cleaner","","Market Basket Window And Glass Cleaner","2.49","1.0","Market Basket","32 fl oz","32 fl oz","Market Basket.jpg","","15"
"8765","Condiments & Dressings","Preserved Dips & Spreads","Preserved Dips & Salsa","Newman's Own","Newman's Own Habanero Hot Salsa","","Newman's Own Habanero Hot Salsa","0.59","0.0","Market Basket","16 oz","16 oz","1990.jpg","","0"
"30027","Pasta & Sauces","Raw Pasta","Raw Pasta","Alessi","Alessi Organic Italian Pasta Spaghetti Alla Chitarra","071072001202","Alessi Organic Italian Pasta Spaghetti Alla Chitarra","3.74","0.0","Market Basket","16 oz","16 oz","X1563.jpg","","4"
"34836","Breakfast & Dairy","Breads & Rolls","Bagels","Thomas","Thomas Bagels Cinnamon Swirl","048121253219","Thomas Bagels Cinnamon Swirl","5.86","0.0","Market Basket","20 oz","20 oz","X2606.jpg","","18"
"3531","Fresh Produce","Fresh Vegetables","Avacado","Market Basket","Avocado","","Avocado","1.99","0.0","Market Basket","1 count","1 count","14316.jpg","","20"
"10146","Frozen Food","Ice Cream & Ice","Ice Cream & Ice","Magnum","Magnum Ice Cream Bars White","","Magnum Ice Cream Bars White","4.29","0.0","Market Basket","9.12 oz","9.12 oz","18010.jpg","","21"
"30023","Pasta & Sauces","Raw Pasta","Raw Pasta","Alessi","Alessi Organic Italian Pasta Penne","071072001226","Alessi Organic Italian Pasta Penne","4.11","0.0","Market Basket","16 oz","16 oz","X1559.jpg","","4"
"15307","Personal Care","Vitamins & Proteins","Protien Drinks","Muscle Milk","Muscle Milk Vanilla Cream Dairy Substitute - Shelf Stable","","Muscle Milk Vanilla Cream Dairy Substitute - Shelf Stable","4.24","1.0","Market Basket","14 fl oz","14 fl oz","6732.jpg","","13"
"5254","Chips, Cookies & Snacks","Chips & Fruit Snacks","Chips & Pretzels","LATE JULY","LATE JULY Cantina Style Yellow Corn Tortilla Chips","","LATE JULY Cantina Style Yellow Corn Tortilla Chips","4.67","0.0","Market Basket","9 oz","9 oz","No Image.jpg","","0"
"13288","Breakfast & Dairy","Dairy & Eggs","Butter","I Can't Believe It's Not Butter","I Can't Believe It's Not Butter Buttery Spread Light","","I Can't Believe It's Not Butter Buttery Spread Light","3.29","0.0","Market Basket","2 x 7.5 oz","2 x 7.5 oz","634.jpg","","1"
"14427","Breakfast & Dairy","Tea & Coffee","Coffee","Melitta","Melitta Super Premium Coffee Filters #2 Natural Brown","","Melitta Super Premium Coffee Filters #2 Natural Brown","1.69","0.0","Market Basket","40 count","40 count","3395.jpg","","8"
"35316","Richardson's Farm Ice Cream","Ice Cream","Red Raspberry","Richarson's Farm","Richarson's Farm Maine Black Bear Ice Cream 16% Butterfat","","Red raspberry ice cream with chocolate chips and chocolate covered raspberry truffles","7.99","0.0","Richardson's Farm","1-2 Gal. Container","1-2 Gal. Container","RichardsonsFarm.jpg","",""
"31365","Condiments & Dressings","Marinades, Ketchup & Sauces","Marinades & Meat Preparation","French's ","French's Since 1904 New Sweet & Smoky Barbecue Mustard Dipping Sauce Made With No High Fructose Corn Syuup","041500001456","French's Since 1904 New Sweet & Smoky Barbecue Mustard Dipping Sauce Made With No High Fructose Corn Syuup","2.86","0.0","Market Basket","12 fl oz","12 fl oz","X2072.jpg","","2"
"6349","Beverages & Juices","Soft Drinks & Seltzers","Soft Drinks","Polar","Polar Cream Soda","","Polar Cream Soda","1.49","0.0","Market Basket","1 L","1 L","No Image.jpg","","17"
"14669","Personal Care","Body Wash, Soap & Hair Care","Body Lotion","Gold Bond","Gold Bond Ultimate Skin Therapy Lotion Healing Aloe","","Gold Bond Ultimate Skin Therapy Lotion Healing Aloe","14.02","1.0","Market Basket","14 oz","14 oz","17760.jpg","","13"
"3595","Fresh Produce","Fresh Vegetables","Cucumber","Market Basket","Pickling Cucumbers","","Pickling Cucumbers","2.19","0.0","Market Basket","1 count","1 count","f182.jpg","","20"
"34400","Chips, Cookies & Snacks","Candy & Chocolates","Candy & Chocolate","Rips","Rips Rindow Nnovation In Licorice Bite-Size Licorice Pieces Pedacitos De Regaliz Eat Some Share Some Artificially Flavored Candy","","Rips Rindow Nnovation In Licorice Bite-Size Licorice Pieces Pedacitos De Regaliz Eat Some Share Some Artificially Flavored Candy","1.21","0.0","Market Basket","4 oz","4 oz","X748.jpg","","3"
"33353","Cooking Needs","Canned Food","Canned Fruit & Applesauce","Mott's ","Mott's No Sugar Added Applauce StrawBerry 12 Clear Poches","","Mott's No Sugar Added Applauce StrawBerry 12 Clear Poches","8.11","0.0","Market Basket","2.4 lb","2.4 lb","X615.jpg","","3"
"5379","Chips, Cookies & Snacks","Cookies & Crackers","Crackers","Schar","Schar Gluten Free Cocoa Wafers","","Schar Gluten Free Cocoa Wafers","4.67","0.0","Market Basket","4.4 oz","4.4 oz","No Image.jpg","","6"
"8258","Condiments & Dressings","Marinades, Ketchup & Sauces","Condiments","Newman's Own","Newman's Own Mild Salsa","","Newman's Own Mild Salsa","3.09","0.0","Market Basket","16 oz","16 oz","15378.jpg","","0"
"32788","Beverages & Juices","Juices & Refrigerated Drinks","Refrigerated Drinks","Market Basket","Market Basket PREMIUM RASPBERRY LEMONADE ALL Natural Flavors  PASTEURIZED made with Real Lemons","","Market Basket PREMIUM RASPBERRY LEMONADE ALL Natural Flavors  PASTEURIZED made with Real Lemons","2.36","0.0","Market Basket","52 fl oz","52 fl oz","X593.jpg","","1"
"13395","Breakfast & Dairy","Dairy & Eggs","Eggs","All Whites","All Whites 100% Liquid Egg Whites","","All Whites 100% Liquid Egg Whites","3.61","0.0","Market Basket","16 fl oz","16 fl oz","612.jpg","","1"
"5800","Breakfast & Dairy","Bars & Pastries","Protien Bars","Perfect Foods","Perfect Foods Peanut Butter Bar","","Perfect Foods Peanut Butter Bar","2.99","0.0","Market Basket","2.5 oz","2.5 oz","15253.jpg","","3"
"31440","Breakfast & Dairy","Bars & Pastries","Cereal Bars","General Mills","General Mills Honey Nut Cheerios Treat Cereal Bars","016000156975","General Mills Honey Nut Cheerios Treat Cereal Bars","3.75","0.0","Market Basket","8 x 0.85 oz","8 x 0.85 oz","X3850.jpg","","5"
"109","Kitchen & Cleaning","Cleaning Products","Carpet Cleaner","Carbona","Carbona Oxy Powered Carpet Cleaner","","Carbona Oxy Powered Carpet Cleaner","7.49","1.0","Market Basket","27.5 fl oz","27.5 fl oz","16801.jpg","","15"
"32135","Breakfast & Dairy","Cereal","Mini Cereal","Kellogg's ","Kellogg's Frosted Mini Flakes Orignal","038000313295","Kellogg's Frosted Mini Flakes Orignal","1.25","0.0","Market Basket","2.5 oz","2.5 oz","X3635.jpg","","5"
"32485","Condiments & Dressings","Marinades, Ketchup & Sauces","Marinades & Meat Preparation","Lawry's ","Lawry's Marinade Singature SteakHouse With Garlic,Onion & Red Bell Pepper ","021500976022","Lawry's Marinade Singature SteakHouse With Garlic,Onion & Red Bell Pepper ","3.13","0.0","Market Basket","14 fl oz","14 fl oz","X2065.jpg","","2"
"34348","Cooking Needs","Oils & Vinegars","Cooking Wine","Reese","Reese Vintage Cooking Wine Red ","","Reese Vintage Cooking Wine Red ","3.0","0.0","Market Basket","12.7 oz","12.7 oz","X1776.jpg","","2"
"35163","Breakfast & Dairy","Granola & Oats","Oats","Woodstock","Woodstock 5 Grain Cereal ","042563017729","Woodstock 5 Grain Cereal ","3.13","0.0","Market Basket","18.5 oz","18.5 oz","X3578.jpg","","5"
"35341","Richardson's Farm Ice Cream","Frozen Yogurt","Vanilla","Richarson's Farm","Richarson's Farm French Vanilla Frozen Yogurt 95% Fat Free","","Vanilla yogurt with real eggs for a richer flavor","7.99","0.0","Richardson's Farm","1-2 Gal. Container","1-2 Gal. Container","RichardsonsFarm.jpg","",""
"31100","Breakfast & Dairy","Dairy & Eggs","Yogurt","Dannon","Dannon Light+Fit Greek Toasted Salted Caramel ","","Dannon Light+Fit Greek Toasted Salted Caramel ","3.75","0.0","Market Basket","5.3 oz","5.3 oz","X202.jpg","","1"
"30688","Breakfast & Dairy","Dairy & Eggs","Yogurt","Brown Cow ","Brown Cow Whole Milk Yogurt Cream Top Strawberry On The Bottom ","","Brown Cow Whole Milk Yogurt Cream Top Strawberry On The Bottom ","1.24","0.0","Market Basket","5.3 oz","5.3 oz","X83.jpg","","1"
"9904","Frozen Food","Frozen Produce","Frozen Produce","Wyman's","Wyman's Wymans Blueberries, Wild, Pouch","","Wyman's Wymans Blueberries, Wild, Pouch","6.09","0.0","Market Basket","15 oz","15 oz","2487.jpg","","19"
"34968","Beverages & Juices","Juices & Refrigerated Drinks","Juice & Nectars","V8","V8 Low Sodium Vegetable Juice","051000171009","V8 Low Sodium Vegetable Juice","5.61","0.0","Market Basket","6 x 11.5 fl oz","6 x 11.5 fl oz","X3124.jpg","","10"
"31523","Breakfast & Dairy","Dairy & Eggs","Fruit Drink","GoGo Squeez","GoGo Squeez Apple Bananan No Sugar Added Made From 100% Fruit ","","GoGo Squeez Apple Bananan No Sugar Added Made From 100% Fruit ","3.74","0.0","Market Basket","12.8 oz","12.8 oz","X302.jpg","","1"
"30143","Beverages & Juices","Juices & Refrigerated Drinks","Juice & Nectars","Apple & Eve","Apple & Eve Cranberry Blend 100% Juice","076301722149","Apple & Eve Cranberry Blend 100% Juice","3.74","0.0","Market Basket","64 fl oz","64 fl oz","X2792.jpg","","10"
"3670","Fresh Produce","Fresh Fruits","Lemon","Meyer","Meyer Lemons","","Meyer Lemons","4.24","0.0","Market Basket","1 lb","1 lb","14284.jpg","","20"
"32351","Cooking Needs","Rice & Grains","Rice/Pasta Sides","Knorr","Knorr Pasta Sides Chicken Flavour","041000022463","Knorr Pasta Sides Chicken Flavour","1.25","0.0","Market Basket","4.3 oz","4.3 oz","X1152.jpg","","4"
"5172","Chips, Cookies & Snacks","Cookies & Crackers","Crackers","Dare","Dare Grainsfirst Whole Grain Crackers","","Dare Grainsfirst Whole Grain Crackers","3.13","0.0","Market Basket","8.8 oz","8.8 oz","No Image.jpg","","6"
"30846","Condiments & Dressings","Honey, Syrup & Nectars","Syrup","Cary's","Cary's SUgar Free Low Calorie Syrup","053900000328","Cary's SUgar Free Low Calorie Syrup","3.61","0.0","Market Basket","24 fl oz","24 fl oz","X3203.jpg","","2"
"33675","Beverages & Juices","Juices & Refrigerated Drinks","Juice & Nectars","Ocean Spray","Ocean Spray Light 50 Cranberry Juice Drink from Concentrate","031200342270","Ocean Spray Light 50 Cranberry Juice Drink from Concentrate","3.74","0.0","Market Basket","64 fl oz","64 fl oz","X2841.jpg","","10"
"4842","Chips, Cookies & Snacks","Chips & Fruit Snacks","Chips & Pretzels","Eatsmart Snacks","Eatsmart Snacks Garden Veggie Sticks with Potato Tomato & Spinach","","Eatsmart Snacks Garden Veggie Sticks with Potato Tomato & Spinach","3.91","0.0","Market Basket","7 oz","7 oz","14849.jpg","","0"
"30494","Cooking Needs","Rice & Grains","Grains, Rice & Dried Goods","Bob's Red Mill","Bob's Red Mill Organic Whole Grain Teff Gluten Free Non GMO The traditional grain of Ethiopia","039978025364","Bob's Red Mill Organic Whole Grain Teff Gluten Free Non GMO The traditional grain of Ethiopia","7.49","0.0","Market Basket","24 oz","24 oz","X1082.jpg","","4"
"13501","Breakfast & Dairy","Dairy & Eggs","Milk","Market Basket","Market Basket Organic Lowfat Milk","","Market Basket Organic Lowfat Milk","4.36","0.0","Market Basket","0.5 gal","0.5 gal","Market Basket.jpg","","1"
"8052","Cooking Needs","Canned Food","Soup, Broth & Bouillon","Market Basket","Market Basket Homestyle Clam Chowder Soup","","Market Basket Homestyle Clam Chowder Soup","1.89","0.0","Market Basket","18.5 oz","18.5 oz","Market Basket.jpg","","2"
"8313","Condiments & Dressings","Fresh Dips & Tapenades","Hommus","Joseph's","Joseph's Spicy Hommus Topped With Slow Roasted Ancho Chili Peppers","","Joseph's Spicy Hommus Topped With Slow Roasted Ancho Chili Peppers","3.09","0.0","Market Basket","10 oz","10 oz","5526.jpg","","1"
"32805","Chips, Cookies & Snacks","Candy & Chocolates","Candy & Chocolate","Market Basket","Market Basket Wintergreen Mints ","","Market Basket Wintergreen Mints ","1.88","0.0","Market Basket","10.5 oz","10.5 oz","X521.jpg","","3"
"32238","Condiments & Dressings","Salad Dressings & Toppings","Salad Dressing & Toppings","Ken's Steak House","Ken's Seak House Honey Mustard Dressing ","041335000341","Ken's Seak House Honey Mustard Dressing ","3.49","0.0","Market Basket","16 fl oz","16 fl oz","X406.jpg","","2"
"32998","Pasta & Sauces","Pasta Sauce","Pasta Sauce","Market Basket","Market Basket Premium Pasta Sauce Marinara","049705034620","Market Basket Premium Pasta Sauce Marinara","2.5","0.0","Market Basket","24 oz","24 oz","X1463.jpg","","4"
"30920","Breakfast & Dairy","Dairy & Eggs","Yogurt","Chobani","Chobani Flip Coffee Brownie Bliss ","","Chobani Flip Coffee Brownie Bliss ","1.25","0.0","Market Basket","5.3 oz","5.3 oz","X127.jpg","","1"
"7319","Cooking Needs","Spices & Seasonings","Spices & Seasonings","McCormick","McCormick Ground Oregano","","McCormick Ground Oregano","2.49","0.0","Market Basket","0.75 oz","0.75 oz","2161.jpg","","9"
"6554","Chips, Cookies & Snacks","Nuts, Seeds & Dried Fruit","Nuts, Seeds & Dried Fruit","Ocean Spray","Ocean Spray Craisins Dried Cranberries Infused With Blueberry Juice","","Ocean Spray Craisins Dried Cranberries Infused With Blueberry Juice","2.49","0.0","Market Basket","6 oz","6 oz","No Image.jpg","","6"
"5395","Chips, Cookies & Snacks","Cookies & Crackers","Crackers","Ak-Mak","ak-mak Sesame Cracker Low Fat Organic Whole Wheat Flour","","ak-mak Sesame Cracker Low Fat Organic Whole Wheat Flour","3.91","0.0","Market Basket","4.15 oz","4.15 oz","No Image.jpg","","6"
"81","Kitchen & Cleaning","Air Fresheners & Candles","Scented Oil Refill","Febreze","Febreze Plug Scented Oil Refill, Linen & Sky","","Febreze Plug Scented Oil Refill, Linen & Sky","9.99","1.0","Market Basket","0.87 fl oz","0.87 fl oz","4236.jpg","","15"
"5974","Beverages & Juices","Cocoa & Drink Mixes","Cocoa & Drink Mixes","Master of Mixes","Master of Mixes Handcrafted Mojito Mixer","","Master of Mixes Handcrafted Mojito Mixer","4.99","0.0","Market Basket","33.8 fl oz","33.8 fl oz","No Image.jpg","","17"
"13295","Breakfast & Dairy","Dairy & Eggs","Butter","Kate's Creamery","Kate's Creamery 100% Pure Butter Sea Salted","","Kate's Creamery 100% Pure Butter Sea Salted","3.29","0.0","Market Basket","8 oz","8 oz","661.jpg","","1"
"7340","Cooking Needs","Spices & Seasonings","Spices & Seasonings","McCormick","McCormick Premium Vanilla Flavor","","McCormick Premium Vanilla Flavor","3.69","0.0","Market Basket","4 fl oz","4 fl oz","2182.jpg","","9"
"32076","Chips, Cookies & Snacks","Chips & Fruit Snacks","Fruit & Vegetable Snacks","Kellogg's ","kellogg's Disney Mickey Mouse & Friends ","038000228407","kellogg's Disney Mickey Mouse & Friends ","2.5","0.0","Market Basket","8 oz","8 oz","X5161.jpg","","19"
"13463","Breakfast & Dairy","Dairy & Eggs","Milk","Hershey's","Hershey's Chocolate Milk 2% Reduced Fat 3 CT","","Hershey's Chocolate Milk 2% Reduced Fat 3 CT","2.49","0.0","Market Basket","8 fl oz","8 fl oz","14730.jpg","","10"
"10094","Frozen Food","Ice Cream & Ice","Ice Cream & Ice","Hood","Hood Ice Cream Cookie Dough","","Hood Ice Cream Cookie Dough","3.69","0.0","Market Basket","1.5 quart","1.5 quart","3102.jpg","","21"
"32155","Frozen Food","Frozen Breakfast","Frozen Waffles","Kellogg's ","Kellogg's Eggo Thick & Fluffy Salted Caramel ","038000218736","Kellogg's Eggo Thick & Fluffy Salted Caramel ","3.36","0.0","Market Basket","11.6 oz","11.6 oz","X5022.jpg","","19"
"13893","Breakfast & Dairy","Dairy & Eggs","Soy & Lactose-Free","Market Basket","Market Basket Vanilla Almondmilk","","Market Basket Vanilla Almondmilk","2.09","0.0","Market Basket","32 fl oz","32 fl oz","Market Basket.jpg","","1"
"14712","Personal Care","Body Wash, Soap & Hair Care","Body Wash","White Rain","White Rain Ocean Mist Moisturizing Body Wash","","White Rain Ocean Mist Moisturizing Body Wash","1.48","1.0","Market Basket","12 fl oz","12 fl oz","17738.jpg","","13"
"14616","Breakfast & Dairy","Tea & Coffee","Tea","Tetley","Tetley British Blend ags","","Tetley British Blend ags","3.69","0.0","Market Basket","80 count","80 count","16317.jpg","","8"
"7956","Cooking Needs","Canned Food","Soup, Broth & Bouillon","Campbell's","Campbell's Condensed Campbell's Condensed Healthy Request Cheddar Cheese Soup","","Campbell's Condensed Campbell's Condensed Healthy Request Cheddar Cheese Soup","2.09","0.0","Market Basket","10.75 oz","10.75 oz","5316.jpg","","2"
"13912","Breakfast & Dairy","Dairy & Eggs","Soy & Lactose-Free","So Delicious","So Delicious Dairy Free Cultured Coconut Milk Strawberry","","So Delicious Dairy Free Cultured Coconut Milk Strawberry","1.49","0.0","Market Basket","6 oz","6 oz","739.jpg","","1"
"30634","Pasta & Sauces","Pasta Sauce","Pasta Sauce","Botticelli","Botticelli Premium Pasta Sauce Marinara","855019000318","Botticelli Premium Pasta Sauce Marinara","6.24","0.0","Market Basket","24 oz","24 oz","X1495.jpg","","4"
"10247","Frozen Food","Ice Cream & Ice","Ice Cream & Ice","Turkey Hill","Turkey Hill Frozen Dairy Dessert Double Dunker","","Turkey Hill Frozen Dairy Dessert Double Dunker","3.69","0.0","Market Basket","48 fl oz","48 fl oz","3130.jpg","","21"
"15008","Personal Care","Personal Needs","Deodorants","Arm & Hammer","Arm & Hammer Ultra Max Antiperspirant Deodorant Unscented","","Arm & Hammer Ultra Max Antiperspirant Deodorant Unscented","4.82","1.0","Market Basket","2.6 oz","2.6 oz","6319.jpg","","13"
"33459","Breakfast & Dairy","Bars & Pastries","Chewy Bars","Nature Valley ","Nature Valley Protien Chewy Bars Peanut , Almond & Dark Chocolate","016000457249","Nature Valley Protien Chewy Bars Peanut , Almond & Dark Chocolate","4.36","0.0","Market Basket","5 x 1.42 oz","5 x 1.42 oz","X3828.jpg","","5"
"13814","Breakfast & Dairy","Dairy & Eggs","Packaged Cheese","Weight Watchers","Ww String Cheese, Part Skim, Mozzarella, Light Low Moisture, Bag","","Ww String Cheese, Part Skim, Mozzarella, Light Low Moisture, Bag","4.59","0.0","Market Basket","12 count","12 count","14605.jpg","","1"
"33661","Beverages & Juices","Juices & Refrigerated Drinks","Juice & Nectars","Ocean Spray","Ocean Spray Diet 5 Ruby Red","031200023131","Ocean Spray Diet 5 Ruby Red","3.74","0.0","Market Basket","64 fl oz","64 fl oz","X2827.jpg","","10"
"9136","Frozen Food","Frozen Dinners & Entrees","Frozen Appetizers & Sides","Koch","Koch Snack Cravers Chicken Fries","","Koch Snack Cravers Chicken Fries","6.09","0.0","Market Basket","26 oz","26 oz","Market Basket.jpg","","18"
"14620","Breakfast & Dairy","Tea & Coffee","Tea","Traditional Medicinals","Traditional Medicinals Digestive Teas Organic Ginger Aid Herbal Supplement Wrapped Tea Bags","","Traditional Medicinals Digestive Teas Organic Ginger Aid Herbal Supplement Wrapped Tea Bags","4.89","0.0","Market Basket","16 count","16 count","3493.jpg","","8"
"12825","Breakfast & Dairy","Breads & Rolls","Muffin","Market Basket","Market Basket Blueberry Muffin","","Market Basket Blueberry Muffin","2.19","0.0","Market Basket","10 oz","10 oz","Market Basket.jpg","","0"
"33036","Meat & Seafood","Packaged Meat & Seafood","Bacon","Market Basket","Market Basket Center Cut Bacon","","Market Basket Center Cut Bacon","6.24","0.0","Market Basket","12 oz","12 oz","X4446.jpg","","1"
"168","Kitchen & Cleaning","Cleaning Products","Other Cleaning Products","Oxi Clean","Kaboom with the Power of Oxi Clean Stain Fighters Shower, Tub & Tile Cleaner","","Kaboom with the Power of Oxi Clean Stain Fighters Shower, Tub & Tile Cleaner","4.89","1.0","Market Basket","32 fl oz","32 fl oz","16791.jpg","","15"
"9140","Frozen Food","Frozen Dinners & Entrees","Frozen Appetizers & Sides","Market Basket","Market Basket 16 20 Per Pound Ez Peel Raw Extra Jumbo Shrimp","","Market Basket 16 20 Per Pound Ez Peel Raw Extra Jumbo Shrimp","24.29","0.0","Market Basket","32 oz","32 oz","Market Basket.jpg","","18"
"3647","Fresh Produce","Fresh Fruits","Blueberries","Valley Fresh","Valley Fresh Berries Blueberries","","Valley Fresh Berries Blueberries","4.24","0.0","Market Basket","1 pint container","1 pint container","14258.jpg","","20"
"14692","Personal Care","Body Wash, Soap & Hair Care","Body Wash","Dove","Dove Refreshing Body Wash Cucumber And Green Tea","","Dove Refreshing Body Wash Cucumber And Green Tea","9.88","1.0","Market Basket","22 fl oz","22 fl oz","18141.jpg","","13"
"8760","Condiments & Dressings","Preserved Dips & Spreads","Preserved Dips & Salsa","Mrs. Renfro's","Mrs. Renfro's Habanero Salsa Hot","","Mrs. Renfro's Habanero Salsa Hot","3.69","0.0","Market Basket","16 oz","16 oz","2003.jpg","","1"
"3878","Fresh Produce","Fresh Vegetables","Lettuce","Market Basket","Green Leaf Lettuce","","Green Leaf Lettuce","1.97","0.0","Market Basket","1 count","1 count","f221.jpg","","20"
"7218","Cooking Needs","Spices & Seasonings","Spices & Seasonings","Goya","Goya Adobo Light All Purpose Seasoning without Pepper","","Goya Adobo Light All Purpose Seasoning without Pepper","1.99","0.0","Market Basket","8 oz","8 oz","2235.jpg","","9"
"9917","Frozen Food","Frozen Dinners & Entrees","Frozen Vegan & Vegetarian","Gardein","Gardein Teriyaki Chick'n Strips","","Gardein Teriyaki Chick'n Strips","5.61","0.0","Market Basket","10.5 oz","10.5 oz","2936.jpg","","1"
"4904","Chips, Cookies & Snacks","Chips & Fruit Snacks","Chips & Pretzels","Pringles","Pringles Potato Crisps Chips Sour Cream & Onion Flavored","","Pringles Potato Crisps Chips Sour Cream & Onion Flavored","2.08","0.0","Market Basket","5.5 oz","5.5 oz","972.jpg","","0"
"7802","Cooking Needs","Canned Food","Canned Meals & Beans","Old El Paso","Old El Paso Traditional Refried Beans","","Old El Paso Traditional Refried Beans","1.29","0.0","Market Basket","16 oz","16 oz","17129.jpg","","7"
"13845","Breakfast & Dairy","Dairy & Eggs","Refrigerated Pudding & Desserts","Snack Pack","Snack Pack Fat Free Chocolate Pudding","","Snack Pack Fat Free Chocolate Pudding","1.29","0.0","Market Basket","4 x 3.25 oz","4 x 3.25 oz","816.jpg","","8"
"34468","Condiments & Dressings","Marinades, Ketchup & Sauces","Sauce","Saucy Susar ","Saucy Susar Peach Apricot ","041153000059","Saucy Susar Peach Apricot ","3.74","0.0","Market Basket","9.5 oz","9.5 oz","X5385.jpg","","3"
"14411","Breakfast & Dairy","Tea & Coffee","Coffee","Market Basket","Market Basket Hazelnut Cream Whole Bean Coffee","","Market Basket Hazelnut Cream Whole Bean Coffee","7.39","0.0","Market Basket","22 oz","22 oz","Market Basket.jpg","","8"
"31903","Breakfast & Dairy","Dairy & Eggs","Coffee Creamer","International Delight","DELICIOUS & CINNABON CLASSIC CINNABON ROLL  INTERNATIONAL Delight","","DELICIOUS & CINNABON CLASSIC CINNABON ROLL  INTERNATIONAL Delight","3.99","0.0","Market Basket","32 fl oz","32 fl oz","X371.jpg","","1"
"3988","Fresh Produce","Fresh Vegetables","Speciality Produce","Market Basket","Watercress Bunch","","Watercress Bunch","2.17","0.0","Market Basket","1 bunch","1 bunch","14388.jpg","","20"
"33482","Cooking Needs","Rice & Grains","Grains, Rice & Dried Goods","Nature's Earthly Choice","Nature's Earthly Choice Barley & Lentiis Organic Blend Vegan","679948100525","Nature's Earthly Choice Barley & Lentiis Organic Blend Vegan","2.5","0.0","Market Basket","8.5 oz","8.5 oz","X1095.jpg","","4"
"31968","Frozen Food","Frozen Dinners & Entrees","Frozen Appetizers & Sides","Jose Ole","Jose Ole Taquitos Beef and Cheese","073202894555","Jose Ole Taquitos Beef and Cheese","5.86","0.0","Market Basket","22.5 oz","22.5 oz","X4844.jpg","","19"
"34077","Breakfast & Dairy","Bars & Pastries","Pastries","Pop Tarts","Poptarts Frosted Blueberry","038000222559","Poptarts Frosted Blueberry","2.5","0.0","Market Basket","13.5 oz","13.5 oz","X3509.jpg","","5"
"30069","Cooking Needs","Baking & Cooking","Pizza Sauce","Amore","Amore Tomato Basil Paste Vegan Double concentrated ","072248710027","Amore Tomato Basil Paste Vegan Double concentrated ","3.74","0.0","Market Basket","4.5 oz","4.5 oz","X1301.jpg","","4"
"9862","Frozen Food","Frozen Produce","Frozen Produce","Market Basket","Market Basket Golden Cut Corn","","Market Basket Golden Cut Corn","2.49","0.0","Market Basket","32 oz","32 oz","Market Basket.jpg","","19"
"31644","Breakfast & Dairy","Dairy & Eggs","Fruit Drink","Happy Kid ","Happy kid Organic Apple, Kale& BlueBerry","","Happy kid Organic Apple, Kale& BlueBerry","4.99","0.0","Market Basket","12.68 oz","12.68 oz","X319.jpg","","1"
"34835","Breakfast & Dairy","Breads & Rolls","Bagels","Thomas","Thomas Bagels 100% Whole Wheat","048121255053","Thomas Bagels 100% Whole Wheat","5.86","0.0","Market Basket","20 oz","20 oz","X2605.jpg","","18"
"10051","Frozen Food","Ice Cream & Ice","Ice Cream & Ice","Friendly's","Friendly's Signature Black Raspberry Ice Cream Bars","","Friendly's Signature Black Raspberry Ice Cream Bars","3.69","0.0","Market Basket","6 x 2.75 fl oz","6 x 2.75 fl oz","3044.jpg","","21"
"32062","Meat & Seafood","Packaged Meat & Seafood","Hot Dogs & Franks","Kayem ","Kayem Old Tyme Beef & Pork ","","Kayem Old Tyme Beef & Pork ","16.24","0.0","Market Basket","40 oz","40 oz","X4577.jpg","","1"
"3644","Fresh Produce","Fresh Fruits","Blueberries","Market Basket","Tal S.a. Blueberries","","Tal S.a. Blueberries","4.29","0.0","Market Basket","11 oz container","11 oz container","FP38.jpg","","20"
"33105","Cooking Needs","Oils & Vinegars","Oils & Vinegars","Market Basket ","Market Basket No Preservatives Cooking Spary Olive Oil ","049705023808","Market Basket No Preservatives Cooking Spary Olive Oil ","6.24","0.0","Market Basket","5 oz","5 oz","X1949.jpg","","2"
"33748","Meat & Seafood","Packaged Meat & Seafood","Salami","Oscar Mayer","Oscar mayer Hard Salami","","Oscar mayer Hard Salami","6.24","0.0","Market Basket","8 oz","8 oz","X4500.jpg","","1"
"32296","Condiments & Dressings","Marinades, Ketchup & Sauces","Sauce","Kikkoman ","Kikkoman Teriyaki Baste & Glaze ","041390011108","Kikkoman Teriyaki Baste & Glaze ","2.5","0.0","Market Basket","12 fl oz","12 fl oz","X5372.jpg","","3"
"15036","Personal Care","Personal Needs","Deodorants","Old Spice","Old Spice Classic Original Scent Deodorant for Men","","Old Spice Classic Original Scent Deodorant for Men","4.24","1.0","Market Basket","3.25 oz","3.25 oz","6305.jpg","","13"
"5354","Chips, Cookies & Snacks","Cookies & Crackers","Crackers","Austin","Austin Sandwich Crackers Peanut Butter on Cheese Crackers","","Austin Sandwich Crackers Peanut Butter on Cheese Crackers","2.34","0.0","Market Basket","11 oz","11 oz","No Image.jpg","","6"
"14489","Breakfast & Dairy","Tea & Coffee","Coffee","StarBucks","Starbucks Medium K Cup Coffee Pods Ã¢â¬â Breakfast Blend for Keurig Brewers","","Starbucks Medium K Cup Coffee Pods Ã¢â¬â Breakfast Blend for Keurig Brewers","9.79","0.0","Market Basket","10 x 0.44 oz","10 x 0.44 oz","3301.jpg","","8"
"14837","Personal Care","Body Wash, Soap & Hair Care","Soap","Dove","Dove Beauty Bar Pink","","Dove Beauty Bar Pink","4.82","1.0","Market Basket","3.75 oz","3.75 oz","6345.jpg","","13"
"30988","Cooking Needs","Oils & Vinegars","Oils & Vinegars","Colavita","Colavita Extra Virgin Olive Oil First Cold Pressed Premium Selection Balance Falvor ","039153010024","Colavita Extra Virgin Olive Oil First Cold Pressed Premium Selection Balance Falvor ","28.74","0.0","Market Basket","16.9 fl oz","16.9 fl oz","X2004.jpg","","2"
"31245","Chips, Cookies & Snacks","Candy & Chocolates","Candy & Chocolate","Endangered Species","Endangered Spcies Chocolate Bold + Silky Dark Chocolate 72% cocoa ","","Endangered Spcies Chocolate Bold + Silky Dark Chocolate 72% cocoa ","3.74","0.0","Market Basket","3 oz","3 oz","X244.jpg","","3"
"14733","Personal Care","Body Wash, Soap & Hair Care","Hair Care","Garnier","Garnier Fructis Frizz Protection Hairspray Sleek & Shine","","Garnier Fructis Frizz Protection Hairspray Sleek & Shine","5.97","1.0","Market Basket","8.2 oz","8.2 oz","6618.jpg","","13"
"33444","Meat & Seafood","Packaged Meat & Seafood","Hot Dogs & Franks","Nathan's","Nathan's Beef Franks ","","Nathan's Beef Franks ","11.24","0.0","Market Basket","28 oz","28 oz","X4597.jpg","","1"
"5972","Beverages & Juices","Cocoa & Drink Mixes","Cocoa & Drink Mixes","Master of Mixes","Master of Mixes Handcrafted Mango Daiquiri & Margarita Mixer","","Master of Mixes Handcrafted Mango Daiquiri & Margarita Mixer","4.99","0.0","Market Basket","33.8 fl oz","33.8 fl oz","No Image.jpg","","17"
"33527","Breakfast & Dairy","Cereal","Cereal","Nature's Path","Nature's Path Envirokidz Orignal Berry Blast Cheetah Chomps Organic","058449185048","Nature's Path Envirokidz Orignal Berry Blast Cheetah Chomps Organic","4.99","0.0","Market Basket","10 oz","10 oz","X3699.jpg","","5"
"30853","Breakfast & Dairy","Granola & Oats","Granola","Cascadian Farm ","Cascadian Farm Organic Ancient Grains Granola","021908442150","Cascadian Farm Organic Ancient Grains Granola","4.36","0.0","Market Basket","12.5 oz","12.5 oz","X3726.jpg","","5"
"8739","Condiments & Dressings","Preserved Dips & Spreads","Preserved Dips & Salsa","Heluva Good!","Heluva Good! Prepared Horseradish","","Heluva Good! Prepared Horseradish","1.59","0.0","Market Basket","5 oz","5 oz","15592.jpg","","1"
"15224","Personal Care","Personal Needs","Oral Hygiene","Market Basket","Market Basket Antiseptic Mouth Rinse Blue Mint","","Market Basket Antiseptic Mouth Rinse Blue Mint","2.86","1.0","Market Basket","1 L","1 L","Market Basket.jpg","","13"
"5146","Chips, Cookies & Snacks","Cookies & Crackers","Crackers","Annie's Homegrown","Annie's Homegrown Organic Honey Bunny Grahams Baked Grahams Snacks","","Annie's Homegrown Organic Honey Bunny Grahams Baked Grahams Snacks","4.69","0.0","Market Basket","7.5 oz","7.5 oz","1218.jpg","","6"
"32772","Beverages & Juices","Juices & Refrigerated Drinks","Juice & Nectars","Market Basket","Market Basket Cranberry Grape Juice Cocktail from Concentrate","049705062067","Market Basket Cranberry Grape Juice Cocktail from Concentrate","2.5","0.0","Market Basket","64 fl oz","64 fl oz","X2810.jpg","","10"
"7881","Cooking Needs","Canned Food","Canned Meat & Seafood","Snow's","Snow's Chopped Clams in Clam Juice","","Snow's Chopped Clams in Clam Juice","1.49","0.0","Market Basket","6.5 oz","6.5 oz","17169.jpg","","2"
"7824","Cooking Needs","Canned Food","Canned Meat & Seafood","Bumble Bee","Bumble Bee Premium Select Fancy Smoked Oysters","","Bumble Bee Premium Select Fancy Smoked Oysters","2.49","0.0","Market Basket","3.75 oz","3.75 oz","5189.jpg","","2"
"30452","Breakfast & Dairy","Granola & Oats","Cup Oatmeal","Bob's Red Mill","Bob's Red Mill Gluten Free Oatmeal Classic","039978021847","Bob's Red Mill Gluten Free Oatmeal Classic","2.5","0.0","Market Basket","1.81 oz","1.81 oz","X3620.jpg","","5"
"7967","Cooking Needs","Canned Food","Soup, Broth & Bouillon","Campbell's","Campbell's Condensed Cheddar Cheese Soup","","Campbell's Condensed Cheddar Cheese Soup","2.09","0.0","Market Basket","10.75 oz","10.75 oz","5313.jpg","","2"
"15257","Personal Care","Personal Needs","Oral Hygiene","Sensodyne","Sensodyne Pronamel Toothpaste","","Sensodyne Pronamel Toothpaste","8.5","1.0","Market Basket","4 oz","4 oz","17782.jpg","","13"
"6975","Cooking Needs","Baking & Cooking","Doughs, Gelatins & Bake Mixes","Jell-O","Jell O Lemon Instant Pudding & Pie Filling Mix","","Jell O Lemon Instant Pudding & Pie Filling Mix","1.09","0.0","Market Basket","3.4 oz","3.4 oz","2061.jpg","","8"
"30827","Personal Care","Vitamins & Proteins","Protien Drinks","Carnation","Carnation Breakfast Essentials Classic French Vanilla High Protien","050000407378","Carnation Breakfast Essentials Classic French Vanilla High Protien","8.74","0.0","Market Basket","6 x 10  fl oz ","6 x 10  fl oz ","X3485.jpg","","5"
"14437","Breakfast & Dairy","Tea & Coffee","Coffee","Nescafe","Nescafe Taster's Choice House Blend Medium Light Roast Instant Coffee","","Nescafe Taster's Choice House Blend Medium Light Roast Instant Coffee","10.39","0.0","Market Basket","7 oz","7 oz","3399.jpg","","8"
"4804","Meat & Seafood","Frozen Meat & Seafood","Other Frozen Seafood","Pier 33 Gourmet","Pier 33 Gourmet Mussels, in Tomato & Garlic Sauce","","Pier 33 Gourmet Mussels, in Tomato & Garlic Sauce","4.39","0.0","Market Basket","16 oz","16 oz","2913.jpg","","18"
"4950","Chips, Cookies & Snacks","Chips & Fruit Snacks","Chips & Pretzels","Stacy'S","Stacy'S Bagel Chips Everything","","Stacy'S Bagel Chips Everything","3.13","0.0","Market Basket","7 oz","7 oz","937.jpg","","0"
"35143","Condiments & Dressings","Salad Dressings & Toppings","Salad Dressing & Toppings","Wish Bone","Wish Bone Thousand Island Dressing ","041321006456","Wish Bone Thousand Island Dressing ","2.5","0.0","Market Basket","15 fl oz","15 fl oz","X914.jpg","","2"
"15094","Personal Care","Personal Needs","Facial Care","Biore","Biore Witch Hazel Ultra Deep Cleansing Pore Strips","","Biore Witch Hazel Ultra Deep Cleansing Pore Strips","9.88","1.0","Market Basket","6 count","6 count","17681.jpg","","13"
"33687","Breakfast & Dairy","Dairy & Eggs","Yogurt","Oikos","Oikos Triple Zero Blended Greek Yogurt Vanilla ","","Oikos Triple Zero Blended Greek Yogurt Vanilla ","3.75","0.0","Market Basket","5.3 oz","5.3 oz","X685.jpg","","1"
"13977","Breakfast & Dairy","Dairy & Eggs","Specialty Cheeses","Market Basket","Tour De Marze Brie","","Tour De Marze Brie","9.19","0.0","Market Basket","1 per lb","1 per lb","Market Basket.jpg","","1"
"3726","Fresh Produce","Fresh Fruits","Strawberries","Market Basket","Strawberries","","Strawberries","12.46","0.0","Market Basket","2 lb container","2 lb container","14287.jpg","","20"
"5570","Chips, Cookies & Snacks","Candy & Chocolates","Candy & Chocolate","Rolo","Rolo Holiday Creamy Caramels Wrapped in Rich Chocolate Candy","","Rolo Holiday Creamy Caramels Wrapped in Rich Chocolate Candy","12.19","0.0","Market Basket","36 oz","36 oz","1058.jpg","","3"
"34174","Meat & Seafood","Packaged Meat & Seafood","Dumplings","Pulmuone","Pulmuone Korean-Inspired Beef Dumplings ","","Pulmuone Korean-Inspired Beef Dumplings ","4.99","0.0","Market Basket","8 oz","8 oz","X4660.jpg","","1"
"33744","Meat & Seafood","Packaged Meat & Seafood","Bologna","Oscar Mayer","Oscar Mayer Bologna ","","Oscar Mayer Bologna ","2.49","0.0","Market Basket","16 oz","16 oz","X4497.jpg","","1"
"13488","Breakfast & Dairy","Dairy & Eggs","Milk","Market Basket","Market Basket 1% Lactose Free","","Market Basket 1% Lactose Free","3.69","0.0","Market Basket","1 gal","1 gal","Market Basket.jpg","","1"
"6903","Cooking Needs","Baking & Cooking","Baking Ingredients","Pillsbury","Pillsbury Softasilk Cake Flour","","Pillsbury Softasilk Cake Flour","3.29","0.0","Market Basket","32 oz","32 oz","15722.jpg","","8"
"14981","Personal Care","First Aid & Healthcare","Muscles, Joints & Pain Relief","Advil","Advil Ibuprofen","","Advil Ibuprofen","5.05","1.0","Market Basket","24 count","24 count","6631.jpg","","13"
"33287","Frozen Food","Frozen Dinners & Entrees","Frozen Meal","Michael Angelo's","Michael Angelo's Three Cheese Baked Ziti","037363985514","Michael Angelo's Three Cheese Baked Ziti","3.74","0.0","Market Basket","11 oz","11 oz","X4141.jpg","","18"
"13527","Breakfast & Dairy","Dairy & Eggs","Milk","Organic Valley","Organic Valley Grassmilk Reduced Fat 2%","","Organic Valley Grassmilk Reduced Fat 2%","6.24","0.0","Market Basket","0.5 gal","0.5 gal","503.jpg","","1"
"4625","Meat & Seafood","Canned Meat & Seafood","Other Meat","Spam","Spam Lite Canned Meat","","Spam Lite Canned Meat","3.09","0.0","Market Basket","12 oz","12 oz","17149.jpg","","2"
"30785","Beverages & Juices","Juices & Refrigerated Drinks","Juice & Nectars","Campbells","Campbells Tomato juice","051000000071","Campbells Tomato juice","0.99","0.0","Market Basket","6 x 5.5 fl oz","6 x 5.5 fl oz","X3119.jpg","","10"
"223","Kitchen & Cleaning","Cleaning Products","Toilet Cleaner","Lysol","Lysol Toilet Bowl Cleaner Clean & Fresh","","Lysol Toilet Bowl Cleaner Clean & Fresh","4.89","1.0","Market Basket","24 fl oz","24 fl oz","4259.jpg","","15"
"34709","Meat & Seafood","Packaged Meat & Seafood","Pepperoni","Sugardale","Sugardale Pepperoni ","073890050332","Sugardale Pepperoni ","2.5","0.0","Market Basket","8 oz","8 oz","X1311.jpg","","4"
"447","Kitchen & Cleaning","Trash Bags & Liners","Tall Trash Bags","Market Basket","Market Basket Drawstring Clear Tall Kitchen Bags","","Market Basket Drawstring Clear Tall Kitchen Bags","3.69","1.0","Market Basket","20 count","20 count","Market Basket.jpg","","12"
"3611","Fresh Produce","Fresh Vegetables","Eggplant","Market Basket","Tender Fresh Eggplant (Approx: 1.5 lb)","","Tender Fresh Eggplant (Approx: 1.5 lb)","4.68","0.0","Market Basket","1 count","1 count","f194.jpg","","20"
"32975","Cooking Needs","Canned Food","Canned Tomatoes","Market Basket","Market Basket Select Diced Tomatoes in Tomato Juice","049705096895","Market Basket Select Diced Tomatoes in Tomato Juice","1.49","0.0","Market Basket","28 oz","28 oz","X1389.jpg","","4"
"34963","Beverages & Juices","Juices & Refrigerated Drinks","Juice & Nectars","V8","V8 Pineapple Passion Fruit Juice No Sugar Added","051000228949","V8 Pineapple Passion Fruit Juice No Sugar Added","2.5","0.0","Market Basket","46 fl oz","46 fl oz","X2927.jpg","","10"
"7152","Cooking Needs","Oils & Vinegars","Oils & Vinegars","Newman's Own","Newman's Own Dressing Oil & Vinegar","","Newman's Own Dressing Oil & Vinegar","3.09","0.0","Market Basket","12 fl oz","12 fl oz","15484.jpg","","2"
"125","Kitchen & Cleaning","Cleaning Products","Disinfecting Wipes & Sprays","Lysol","Lysol Disinfecting Wipes Lemon & Lime Blossom Scent","","Lysol Disinfecting Wipes Lemon & Lime Blossom Scent","3.49","1.0","Market Basket","35 count","35 count","16792.jpg","","15"
"4098","Meat & Seafood","Meat & Seafood Counter","Beef","Market Basket","Market Basket Certified Angus Beef Underblade Steak","","Market Basket Certified Angus Beef Underblade Steak","8.28","0.0","Market Basket","Approx: 1.41 lb at $5.89/lb","Approx: 1.41 lb at $5.89/lb","Market Basket.jpg","","22"
"14835","Personal Care","Body Wash, Soap & Hair Care","Soap","Dove","Dove Beauty Bar Cucumber And Green Tea","","Dove Beauty Bar Cucumber And Green Tea","9.88","1.0","Market Basket","6 x 4 oz","6 x 4 oz","18143.jpg","","13"
"9154","Frozen Food","Frozen Dinners & Entrees","Frozen Appetizers & Sides","Market Basket","Market Basket Waffle Cut Fries","","Market Basket Waffle Cut Fries","1.89","0.0","Market Basket","24 oz","24 oz","Market Basket.jpg","","18"
"31193","Cooking Needs","Oils & Vinegars","Oils & Vinegars","Dragonfly","Dragonfly Hot Chili Oil","721557215500","Dragonfly Hot Chili Oil","2.74","0.0","Market Basket","6.76 fl oz","6.76 fl oz","X3217.jpg","","2"
"8019","Cooking Needs","Canned Food","Soup, Broth & Bouillon","Kitchen Basics","Kitchen Basics All Natural Unsalted Beef Stock","","Kitchen Basics All Natural Unsalted Beef Stock","3.09","0.0","Market Basket","32 fl oz","32 fl oz","17221.jpg","","2"
"6621","Beverages & Juices","Juices & Refrigerated Drinks","Refrigerated Drinks","Naked","Naked Pure Fruit Mighty Mango Smoothie","","Naked Pure Fruit Mighty Mango Smoothie","9.79","0.0","Market Basket","64 fl oz","64 fl oz","3845.jpg","","20"
"4082","Meat & Seafood","Meat & Seafood Counter","Beef","Market Basket","Market Basket Beef Liver","","Market Basket Beef Liver","2.59","0.0","Market Basket","Approx: 1.30 lb at $1.99/lb","Approx: 1.30 lb at $1.99/lb","Market Basket.jpg","","22"
"35059","Condiments & Dressings","Pickled Goods & Olives","Stackers","Vlasic ","Vlasic Fresh Packed Stackers Bread & Butter Big Crunch","054100005809","Vlasic Fresh Packed Stackers Bread & Butter Big Crunch","2.5","0.0","Market Basket","16 fl oz","16 fl oz","X3259.jpg","","2"
"9788","Frozen Food","Frozen Produce","Frozen Produce","Birds Eye","Birds Eye Sweet Garden Peas","","Birds Eye Sweet Garden Peas","1.69","0.0","Market Basket","13 oz","13 oz","2429.jpg","","19"
"13479","Breakfast & Dairy","Dairy & Eggs","Milk","Hood","Hood Simply Smart Fat Free Milk","","Hood Simply Smart Fat Free Milk","3.74","0.0","Market Basket","0.5 gal","0.5 gal","492.jpg","","1"
"30672","Condiments & Dressings","Salad Dressings & Toppings","Salad Dressing & Toppings","Briannas ","Briannas Home Style Classing Buttermilk Ranch Dressing ","","Briannas Home Style Classing Buttermilk Ranch Dressing ","4.36","0.0","Market Basket","12 fl oz","12 fl oz","X72.jpg","","2"
"30838","Cooking Needs","Rice & Grains","Rice","Carolina ","Carolina Brown Rice Whole Grain Gluten Free","017400108069","Carolina Brown Rice Whole Grain Gluten Free","3.99","0.0","Market Basket","3 lb","3 lb","X1042.jpg","","4"
"33858","Cooking Needs","Oils & Vinegars","Oils & Vinegars","Pastene","Pastene 100% Pure Olive Oil Fortitudo Mea In Puritate","6608601001","Pastene 100% Pure Olive Oil Fortitudo Mea In Puritate","8.74","0.0","Market Basket","17 fl oz","17 fl oz","X2002.jpg","","2"
"34991","Pasta & Sauces","Instant Pasta","Instant Pasta","Kraft","Kraft Velveeta Skillets Creamy Beef Stroganoff, Creamy Cheese Sauce with Pasta and Premium Seasoning","021000037490","Kraft Velveeta Skillets Creamy Beef Stroganoff, Creamy Cheese Sauce with Pasta and Premium Seasoning","3.36","0.0","Market Basket","11.6 oz","11.6 oz","X1137.jpg","","4"
"33343","Beverages & Juices","Juices & Refrigerated Drinks","Juice & Nectars","Mott's","Mott's Apple Cherry 100% Juice No Added Sugar","014800004397","Mott's Apple Cherry 100% Juice No Added Sugar","2.5","0.0","Market Basket","64 fl oz","64 fl oz","X2886.jpg","","10"
"6208","Beverages & Juices","Soft Drinks & Seltzers","Soft Drinks","Sprite","Sprite Lemon Lime Soda No Caffeine Box of Cans","","Sprite Lemon Lime Soda No Caffeine Box of Cans","9.99","0.0","Market Basket","24 x 12 fl oz","24 x 12 fl oz","No Image.jpg","","17"
"4915","Chips, Cookies & Snacks","Chips & Fruit Snacks","Chips & Pretzels","Ruffles","Ruffles Sour Cream And Onion Potato Chips","","Ruffles Sour Cream And Onion Potato Chips","6.23","0.0","Market Basket","8.25 oz","8.25 oz","14855.jpg","","0"
"13267","Breakfast & Dairy","Cereal","Cereal","Weatena","Wheatena Whole Grain All Natural Toasted Wheat Whole Grain All Natural Toasted Wheat Cereal","","Wheatena Whole Grain All Natural Toasted Wheat Whole Grain All Natural Toasted Wheat Cereal","3.49","0.0","Market Basket","20 oz","20 oz","17636.jpg","","5"
"32004","Condiments & Dressings","Marinades, Ketchup & Sauces","Paste","Kabuto","Kabuto Japanese Soyabean Paste Shiro(White) Miso","081652190714","Kabuto Japanese Soyabean Paste Shiro(White) Miso","3.74","0.0","Market Basket","1 lb","1 lb","X3227.jpg","","2"
"34883","Frozen Food","Frozen Dinners & Entrees","Frozen Appetizers & Sides","Totino's","Totino's Pizza Rolls Pepperoni","042800109538","Totino's Pizza Rolls Pepperoni","4.99","0.0","Market Basket","24.8 oz","24.8 oz","X4802.jpg","","19"
"7269","Cooking Needs","Spices & Seasonings","Spices & Seasonings","McCormick","McCormick Curry Powder","","McCormick Curry Powder","2.49","0.0","Market Basket","1 oz","1 oz","2124.jpg","","9"
"318","Kitchen & Cleaning","Food Storage & Kitchen Supplies","Roaster Pans","Hefty","Hefty Ez Foil 16.125 in. X 11.75 in. X 2.875 in. Crown Classic Roaster Pan with Handles","","Hefty Ez Foil 16.125 in. X 11.75 in. X 2.875 in. Crown Classic Roaster Pan with Handles","2.49","1.0","Market Basket","1 count","1 count","4466.jpg","","12"
"4988","Chips, Cookies & Snacks","Chips & Fruit Snacks","Chips & Pretzels","Utz","Utz Kettle Classic Salt & Malt Vinegar Potato Chips","","Utz Kettle Classic Salt & Malt Vinegar Potato Chips","4.69","0.0","Market Basket","8 oz","8 oz","No Image.jpg","","0"
"32770","Beverages & Juices","Juices & Refrigerated Drinks","Juice & Nectars","Market Basket","Market Basket Cranberry & Raspberry 100% Juice Blend","049705060155","Market Basket Cranberry & Raspberry 100% Juice Blend","3.36","0.0","Market Basket","64 fl oz","64 fl oz","X2808.jpg","","10"
"6209","Beverages & Juices","Soft Drinks & Seltzers","Soft Drinks","Sprite","Sprite Lemon Zero Sugar Lime Soda Box of Cans","","Sprite Lemon Zero Sugar Lime Soda Box of Cans","6.86","0.0","Market Basket","12 x 12 fl oz","12 x 12 fl oz","No Image.jpg","","17"
"34466","Breakfast & Dairy","Breads & Rolls","Bread","Sara Lee","Sara Lee Honey Wheat Bread","072945601369","Sara Lee Honey Wheat Bread","3.74","0.0","Market Basket","20 oz","20 oz","X2483.jpg","","18"
"5992","Beverages & Juices","Cocoa & Drink Mixes","Cocoa & Drink Mixes","Master of Mixes","Master of Mixes Pina Colada Mixer","","Master of Mixes Pina Colada Mixer","7.49","0.0","Market Basket","1.75 L","1.75 L","No Image.jpg","","17"
"13337","Breakfast & Dairy","Dairy & Eggs","Cream","Coffee-mate","Coffee mate Sugar Free Italian Sweet CrÃÂ¨me Liquid Coffee Creamer","","Coffee mate Sugar Free Italian Sweet CrÃÂ¨me Liquid Coffee Creamer","4.29","0.0","Market Basket","32 fl oz","32 fl oz","547.jpg","","1"
"32518","Frozen Food","Frozen Dinners & Entrees","Frozen Meal","Lean Cuisine ","Lean Cuisine Chicken Marsala","013800166180","Lean Cuisine Chicken Marsala","3.13","0.0","Market Basket","8 1/8 oz","8 1/8 oz","X4239.jpg","","18"
"34934","Cooking Needs","Rice & Grains","Instant Rice","Uncle Ben's","Uncle Ben's Ready Rice Spanish Style with Tomatoes & Peppers","054800030804","Uncle Ben's Ready Rice Spanish Style with Tomatoes & Peppers","2.5","0.0","Market Basket","8.8 oz","8.8 oz","X964.jpg","","4"
"34286","Beverages & Juices","Juices & Refrigerated Drinks","Juice & Nectars","R.W. Knudsen","R.W. Knudsen Organci Just Cranberry Juice","074682107876","R.W. Knudsen Organci Just Cranberry Juice","9.99","0.0","Market Basket","32 fl oz","32 fl oz","X2899.jpg","","10"
"6339","Beverages & Juices","Soft Drinks & Seltzers","Soft Drinks","Polar","Polar Diet Orange Dry","","Polar Diet Orange Dry","2.11","0.0","Market Basket","2 L","2 L","No Image.jpg","","11"
"4482","Meat & Seafood","Hot Dogs, Bacon & Sausage","Sausage","Shady Brook Farms","Shady Brook Farms Lean Turkey Sausage Original","","Shady Brook Farms Lean Turkey Sausage Original","6.09","0.0","Market Basket","16 oz","16 oz","16746.jpg","","1"
"35077","Beverages & Juices","Juices & Refrigerated Drinks","Juice & Nectars","Welch's","Welch's Light Concord Grape Juice","041800200580","Welch's Light Concord Grape Juice","4.74","0.0","Market Basket","64 fl oz","64 fl oz","X2893.jpg","","10"
"15313","Personal Care","Vitamins & Proteins","Vitamins & Supplements","Centrum","Centrum MultiGummies","","Centrum MultiGummies","10.8","1.0","Market Basket","70 count","70 count","No Image.jpg","","13"
"31834","Frozen Food","Frozen Dinners & Entrees","Frozen Appetizers & Sides","Hungry-Man","Hungry-Man Selects, Classic Fried Chicken","051000065148","Hungry-Man Selects, Classic Fried Chicken","3.74","0.0","Market Basket","16 oz","16 oz","X4004.jpg","","18"
"5954","Beverages & Juices","Cocoa & Drink Mixes","Cocoa & Drink Mixes","Mr & Mrs T","Mr & Mrs T Bold & Spicy Bloody Mary Mix","","Mr & Mrs T Bold & Spicy Bloody Mary Mix","4.99","0.0","Market Basket","1 L","1 L","No Image.jpg","","17"
"33277","Condiments & Dressings","Pickled Goods & Olives","Peppers","Mezzetta ","Mezzetta Snice 1935 Family Co Sliced Tamed Jalapeno Peppers Medium Heat","073214001293","Mezzetta Snice 1935 Family Co Sliced Tamed Jalapeno Peppers Medium Heat","3.74","0.0","Market Basket","16 fl oz","16 fl oz","X3241.jpg","","2"
"31719","Beverages & Juices","Juices & Refrigerated Drinks","Juice & Nectars","Hi-C","Hi-C Flashin Orange lavaburst","025000101342","Hi-C Flashin Orange lavaburst","2.24","0.0","Market Basket","8 x 6 fl oz","8 x 6 fl oz","X3066.jpg","","10"
"31547","Condiments & Dressings","Marinades, Ketchup & Sauces","Sauce","Golden Curry","Golden Curry Japanese Curry Hot","074880030068","Golden Curry Japanese Curry Hot","3.36","0.0","Market Basket","3.2 oz","3.2 oz","X3230.jpg","","2"
"5908","Beverages & Juices","Tea, Coffee, Milk & Coconut Water","Single To-Go Coffee","StarBucks","Starbucks Frappuccino Mocha","","Starbucks Frappuccino Mocha","3.36","0.0","Market Basket","13.7 fl oz","13.7 fl oz","No Image.jpg","","17"
"13529","Breakfast & Dairy","Dairy & Eggs","Milk","Organic Valley","Organic Valley Whole Milk Lactos Free","","Organic Valley Whole Milk Lactos Free","4.99","0.0","Market Basket","0.5 gal","0.5 gal","504.jpg","","1"
"5220","Chips, Cookies & Snacks","Cookies & Crackers","Crackers","Red Oval Farms","Red Oval Farms Stoned Wheat Thins Snack Crackers Mini","","Red Oval Farms Stoned Wheat Thins Snack Crackers Mini","4.69","0.0","Market Basket","8.8 oz","8.8 oz","15143.jpg","","6"
"5961","Beverages & Juices","Cocoa & Drink Mixes","Cocoa & Drink Mixes","Crystal Light","Crystal Light Raspberry Iced Tea","","Crystal Light Raspberry Iced Tea","3.75","0.0","Market Basket","1.85 oz","1.85 oz","4004.jpg","","17"
"137","Kitchen & Cleaning","Cleaning Products","Mop Refill","Libman","Libman Mop Refill, Roller, Nitty Gritty","","Libman Mop Refill, Roller, Nitty Gritty","8.59","1.0","Market Basket","1 count","1 count","4317.jpg","","15"
"5706","Breakfast & Dairy","Bars & Pastries","Protien Bars","Balance Bar","Balance Bar Nutrition Bar Caramel Nut Blast","","Balance Bar Nutrition Bar Caramel Nut Blast","1.29","0.0","Market Basket","1.76 oz","1.76 oz","15220.jpg","","3"
"32498","Frozen Food","Frozen Dinners & Entrees","Frozen Meal","Lean Cuisine ","Lean Cuisine Spice Market Chicken Cauliflower","013800353986","Lean Cuisine Spice Market Chicken Cauliflower","3.61","0.0","Market Basket","                11 1/4 oz","                11 1/4 oz","X4214.jpg","","18"
"14801","Personal Care","Body Wash, Soap & Hair Care","Hair Care","TRESemme","TRESemme Conditioner Deep Cleansing","","TRESemme Conditioner Deep Cleansing","4.24","1.0","Market Basket","28 fl oz","28 fl oz","6547.jpg","","13"
"5201","Chips, Cookies & Snacks","Cookies & Crackers","Crackers","Milton's","Milton's Organic Crackers Multi-grain","","Milton's Organic Crackers Multi-grain","3.91","0.0","Market Basket","6 oz","6 oz","No Image.jpg","","6"
"9029","Condiments & Dressings","Preserved Dips & Spreads","Spreads","Polaner","Polaner All Fruit Spreadable Fruit Strawberry","","Polaner All Fruit Spreadable Fruit Strawberry","2.49","0.0","Market Basket","10 oz","10 oz","1673.jpg","","3"
"8770","Condiments & Dressings","Preserved Dips & Spreads","Preserved Dips & Salsa","Newman's Own","Newman's Own Pineapple Salsa Medium Chunky","","Newman's Own Pineapple Salsa Medium Chunky","2.49","0.0","Market Basket","16 oz","16 oz","1985.jpg","","0"
"30825","Personal Care","Vitamins & Proteins","Protien Drinks","Carnation","Carnation Breakfast Essentials  Classic French Vanilla Nutritional Drink","050000415694","Carnation Breakfast Essentials  Classic French Vanilla Nutritional Drink","8.11","0.0","Market Basket","6 x 10 fl oz ","6 x 10 fl oz ","X3483.jpg","","5"
"31411","Beverages & Juices","Energy & Sports Drinks","Energy & Sports Drinks","Gatorade","Gatorade Frost Thirst Quencher Artic Blitz","052000010381","Gatorade Frost Thirst Quencher Artic Blitz","1.25","0.0","Market Basket","32 fl oz","32 fl oz","X2658.jpg","","10"
"15218","Personal Care","Personal Needs","Oral Hygiene","Listerine","Listerine Original Antiseptic Mouthwash","","Listerine Original Antiseptic Mouthwash","7.58","1.0","Market Basket","1 L","1 L","6457.jpg","","13"
"30574","Cooking Needs","Baking & Cooking","Baking Ingredients","Bob's Red Mill","Bob's Red Mill Primium Quality Pearl Barley Delicious Source Of Fiber ","039978114037","Bob's Red Mill Primium Quality Pearl Barley Delicious Source Of Fiber ","4.36","0.0","Market Basket","30 oz","30 oz","X5282.jpg","","3"
"544","Laundry & Paper Goods","Laundry","Laundry Detergent","all","all stainlifters free clear detergent 4 Loads9","","all stainlifters free clear detergent 4 Loads9","13.11","1.0","Market Basket","141 fl oz","141 fl oz","No Image.jpg","","15"
"31367","Condiments & Dressings","Marinades, Ketchup & Sauces","Mustard Sauce","French's ","Franch's Since 1904 Classic Yellow Mastard No Artificial Flavors ","041500000312","Franch's Since 1904 Classic Yellow Mastard No Artificial Flavors ","4.36","0.0","Market Basket","15 oz","15 oz","X2147.jpg","","2"
"30429","Frozen Food","Frozen Pasta","Frozen Pasta","Birds Eye","Birds Eye Pasta made from Vegetables","014500018113","Birds Eye Pasta made from Vegetables","3.74","0.0","Market Basket","9 oz","9 oz","X4062.jpg","","18"
"13632","Breakfast & Dairy","Dairy & Eggs","Packaged Cheese","Cabot","Cabot Cheese Bars, Seriously Sharp Cheddar","","Cabot Cheese Bars, Seriously Sharp Cheddar","3.09","0.0","Market Basket","8 count","8 count","178.jpg","","1"
"34295","Pasta & Sauces","Pasta Sauce","Pasta Sauce","Ragu","Ragu Old World Sytle Sauce Flavoured with Meat","036200003008","Ragu Old World Sytle Sauce Flavoured with Meat","2.5","0.0","Market Basket","23.9 oz","23.9 oz","X1446.jpg","","4"
"30798","Cooking Needs","Oils & Vinegars","Oils & Vinegars","Capatriti","Capatrite Extra Virgin Olive Oil The Honest Olive Oil Frist Cold Pressing ","706950667033","Capatrite Extra Virgin Olive Oil The Honest Olive Oil Frist Cold Pressing ","3.36","0.0","Market Basket","17 fl oz","17 fl oz","X1995.jpg","","2"
"9848","Frozen Food","Frozen Produce","Frozen Produce","Market Basket","Market Basket Cultivated Blueberries","","Market Basket Cultivated Blueberries","6.09","0.0","Market Basket","32 oz","32 oz","Market Basket.jpg","","19"
"3738","Fresh Produce","Fresh Herbs","Basil","Infinite Herbs","Infinite Herbs Sleeved Basil Bunch","","Infinite Herbs Sleeved Basil Bunch","3.78","0.0","Market Basket","1 count","1 count","No Image.jpg","","20"
"32486","Condiments & Dressings","Marinades, Ketchup & Sauces","Marinades & Meat Preparation","Lawry's ","Lawry's Marinade Chipotle Molasses With Garlic,Onion & Red Bell Pepper ","021500013413","Lawry's Marinade Chipotle Molasses With Garlic,Onion & Red Bell Pepper ","3.13","0.0","Market Basket","14 fl oz","14 fl oz","X2066.jpg","","2"
"14691","Personal Care","Body Wash, Soap & Hair Care","Body Wash","Dove","Dove Men+care Body Wash Mineral + Sage","","Dove Men+care Body Wash Mineral + Sage","7.0","1.0","Market Basket","13.5 oz","13.5 oz","17759.jpg","","13"
"33207","Meat & Seafood","Packaged Meat & Seafood","Ham","Market Basket ","Market Basket Cooked Ham","","Market Basket Cooked Ham","8.74","0.0","Market Basket","32 oz","32 oz","X4516.jpg","","1"
"4446","Meat & Seafood","Hot Dogs, Bacon & Sausage","Hot Dogs","Pearl Country","Pearl Country Club Beef Frankfurters","","Pearl Country Club Beef Frankfurters","4.59","0.0","Market Basket","6 x 12 oz","6 x 12 oz","No Image.jpg","","1"
"32429","Breakfast & Dairy","Pancake & Waffle Mix","Pancake & Waffle Mix","Krusteaz","Krusteaz Belgian Waffle Mix ","041449001869","Krusteaz Belgian Waffle Mix ","2.5","0.0","Market Basket","28 oz","28 oz","X5307.jpg","","3"
"14407","Breakfast & Dairy","Tea & Coffee","Coffee","Market Basket","Market Basket Coffee Singles","","Market Basket Coffee Singles","4.29","0.0","Market Basket","19 count","19 count","Market Basket.jpg","","8"
"3730","Fresh Produce","Fresh Fruits","Watermelon","Market Basket","Strawberry Watermelon Drink Enhancer Drops","","Strawberry Watermelon Drink Enhancer Drops","2.86","0.0","Market Basket","1 count","1 count","Market Basket.jpg","","20"
"33952","Breakfast & Dairy","Breads & Rolls","Bread","Pepperidge Farm","Pepperidge Farm Jewish Rye Seedless Bread","014100071211","Pepperidge Farm Jewish Rye Seedless Bread","4.99","0.0","Market Basket","16 oz","16 oz","X2519.jpg","","18"
"30828","Personal Care","Vitamins & Proteins","Protien Drinks","Carnation","Carnation Breakfast Essentials High Protien Rich Milk Chocolate","050000406951","Carnation Breakfast Essentials High Protien Rich Milk Chocolate","8.74","0.0","Market Basket","6 x 10 fl oz ","6 x 10 fl oz ","X3486.jpg","","5"
"32458","Cooking Needs","Oils & Vinegars","Oils & Vinegars","La Tourangelle ","La Touragelle Artisan Oils Roasted Almond Oil Huile d Amande ","857190000279","La Touragelle Artisan Oils Roasted Almond Oil Huile d Amande ","7.49","0.0","Market Basket","33.8 fl oz","33.8 fl oz","X1961.jpg","","2"
"30318","Pasta & Sauces","Raw Pasta","Raw Pasta","Barilla","Barilla Protien + Pasta Elbows","076808533590","Barilla Protien + Pasta Elbows","3.13","0.0","Market Basket","14.5 oz","14.5 oz","X1617.jpg","","4"
"15247","Personal Care","Personal Needs","Oral Hygiene","Oral-B","Oral-B Manual Oral-B Pro-Health All-in-One Manual Toothbrush, Soft","","Oral-B Manual Oral-B Pro-Health All-in-One Manual Toothbrush, Soft","5.28","1.0","Market Basket","1 count","1 count","18154.jpg","","13"
"31271","Breakfast & Dairy","Dairy & Eggs","Yogurt","Fage ","Fage Total 2% Milkfat Mixed Berries ","","Fage Total 2% Milkfat Mixed Berries ","1.25","0.0","Market Basket","5.3 oz","5.3 oz","X254.jpg","","1"
"30805","Beverages & Juices","Juices & Refrigerated Drinks","Juice & Nectars","Caprisun ","Caprisun Berry","087684001097","Caprisun Berry","4.11","0.0","Market Basket","10 x 6 fl oz","10 x 6 fl oz","X3091.jpg","","10"
"13714","Breakfast & Dairy","Dairy & Eggs","Packaged Cheese","Market Basket","American Cheese","","American Cheese","4.89","0.0","Market Basket","1 lb","1 lb","Market Basket.jpg","","1"
"484","Laundry & Paper Goods","Laundry","Laundry Detergent","Purex Liquid Detergents","Purex Natural Elements Linen & Lilies 115 Loads Laundry Detergent","","Purex Natural Elements Linen & Lilies 115 Loads Laundry Detergent","9.99","1.0","Market Basket","150 fl oz","150 fl oz","No Image.jpg","","15"
"32741","Frozen Food","Frozen Dessert","Frozen Dessert","Marie Callender's","Marie Callender's Chicken & Bacon Shepherd's Pie","021131000332","Marie Callender's Chicken & Bacon Shepherd's Pie","3.13","0.0","Market Basket","11.7 oz","11.7 oz","X4046.jpg","","18"
"31213","Meat & Seafood","Packaged Meat & Seafood","Kielbasa","Eckrich ","Eckrich Polsaka Kielbasa ","","Eckrich Polsaka Kielbasa ","8.74","0.0","Market Basket","39 oz","39 oz","X4615.jpg","","1"
"10245","Frozen Food","Ice Cream & Ice","Ice Cream & Ice","Turkey Hill","Turkey Hill Choco Mint Chip Original Recipe Premium Ice Cream","","Turkey Hill Choco Mint Chip Original Recipe Premium Ice Cream","3.09","0.0","Market Basket","48 fl oz","48 fl oz","3115.jpg","","21"
"14541","Breakfast & Dairy","Tea & Coffee","Tea","Bigelow ","Bigelow Vanilla Chai Black Tea","","Bigelow Vanilla Chai Black Tea","3.09","0.0","Market Basket","20 count","20 count","3425.jpg","","8"
"14893","Personal Care","Feminine Care","Menstrual Pads","Stayfree","Stayfree Maxi Regular Pads- 24 CT","","Stayfree Maxi Regular Pads- 24 CT","5.28","1.0","Market Basket","24 count","24 count","6526.jpg","","13"
"7944","Cooking Needs","Canned Food","Soup, Broth & Bouillon","Campbell's","Campbell's Condensed Campbell's Condensed 98% Fat Free Cream of Mushroom Soup","","Campbell's Condensed Campbell's Condensed 98% Fat Free Cream of Mushroom Soup","2.09","0.0","Market Basket","10.5 oz","10.5 oz","5309.jpg","","2"
"31923","Meat & Seafood","Packaged Meat & Seafood","Turkey","Jenni-O","Jennie-O Jumbo Turkey Franks ","","Jennie-O Jumbo Turkey Franks ","6.49","0.0","Market Basket","48 oz","48 oz","X4603.jpg","","1"
"34204","Breakfast & Dairy","Granola & Oats","Granola","Purely Elizabeth","Purely Elizabeth Grain Free Granola Coconut Cashew ","855140002700","Purely Elizabeth Grain Free Granola Coconut Cashew ","7.49","0.0","Market Basket","8 oz","8 oz","X3751.jpg","","5"
"10004","Frozen Food","Ice Cream & Ice","Ice Cream & Ice","Edy's/dreyer's","Edy's/Dreyer's Chocolate Chip Light Ice Cream","","Edy's/Dreyer's Chocolate Chip Light Ice Cream","3.69","0.0","Market Basket","48 oz","48 oz","3028.jpg","","21"
"10063","Frozen Food","Ice Cream & Ice","Ice Cream & Ice","Haagen-dazs","Haagen dazs Chocolate Chocolate Chip Ice Cream","","Haagen dazs Chocolate Chocolate Chip Ice Cream","4.29","0.0","Market Basket","14 fl oz","14 fl oz","3087.jpg","","21"
"7713","Cooking Needs","Canned Food","Canned Meals & Beans","Bush's Best","Bush's Best Reduced Sodium Vegetarian Baked Beans","","Bush's Best Reduced Sodium Vegetarian Baked Beans","1.69","0.0","Market Basket","16 oz","16 oz","5125.jpg","","2"
"9823","Frozen Food","Frozen Produce","Frozen Produce","Green Giant","Green Giant Shoepeg White Corn & Butter Sauce","","Green Giant Shoepeg White Corn & Butter Sauce","2.09","0.0","Market Basket","10 oz","10 oz","2455.jpg","","19"
"13656","Breakfast & Dairy","Dairy & Eggs","Packaged Cheese","Castello","Castello The Original Danish Blue Cheese","","Castello The Original Danish Blue Cheese","3.89","0.0","Market Basket","4.4 oz","4.4 oz","14577.jpg","","1"
"31965","Meat & Seafood","Packaged Meat & Seafood","Sausage","Jones Dairy Farm","Jones Dairy Farm Little Pork Sausage ","","Jones Dairy Farm Little Pork Sausage ","4.61","0.0","Market Basket","12 oz","12 oz","X4748.jpg","","1"
"14899","Personal Care","Feminine Care","Menstrual Pads","U by Kotex","U by Kotex Clean Wear Ultra Thin Pads with Wings, Regular, Fragrance-Free","","U by Kotex Clean Wear Ultra Thin Pads with Wings, Regular, Fragrance-Free","5.39","1.0","Market Basket","18 count","18 count","17803.jpg","","13"
"8334","Condiments & Dressings","Fresh Dips & Tapenades","Fresh Dips & Tapenades","Marzetti","Marzetti Veggie Dip, Blue Cheese, Cup/Tub","","Marzetti Veggie Dip, Blue Cheese, Cup/Tub","3.69","0.0","Market Basket","14 oz","14 oz","5541.jpg","","1"
"14881","Personal Care","Feminine Care","Menstrual Pads","Always","Always Size 2 Super Pads With Wings","","Always Size 2 Super Pads With Wings","4.93","1.0","Market Basket","16 count","16 count","6499.jpg","","13"
"33174","Cooking Needs","Oils & Vinegars","Oils & Vinegars","Market Basket ","Market Basket Apple Cider Vinegar 5% Acidity ","","Market Basket Apple Cider Vinegar 5% Acidity ","3.49","0.0","Market Basket","128 fl oz","128 fl oz","X1803.jpg","","2"
"30031","Cooking Needs","Rice & Grains","Rice/Pasta Sides","Alessi","Alessi All Natural Farro Butternut Squash and Kale cooks like Risotto","071072801369","Alessi All Natural Farro Butternut Squash and Kale cooks like Risotto","3.13","0.0","Market Basket","7 oz","7 oz","X1157.jpg","","4"
"6213","Beverages & Juices","Soft Drinks & Seltzers","Soft Drinks","Sunkist","Sunkist Orange Soda","","Sunkist Orange Soda","5.63","0.0","Market Basket","8 x 12 fl oz","8 x 12 fl oz","16581.jpg","","17"
"3854","Fresh Produce","Fresh Vegetables","Grape Tomato","Market Basket","Cutie Brand Fancy Sweet Grape Tomatoes - 1 Quart","","Cutie Brand Fancy Sweet Grape Tomatoes - 1 Quart","4.24","0.0","Market Basket","1 pack","1 pack","14435.jpg","","20"
"30408","Chips, Cookies & Snacks","Chips & Fruit Snacks","Fruit & Vegetable Snacks","Betty Crocker","Fruit By The Foot Fruit Flavored Snacks Strawberry ","016000194304","Fruit By The Foot Fruit Flavored Snacks Strawberry ","2.5","0.0","Market Basket","4.5 oz","4.5 oz","X5173.jpg","","19"
"31046","Cooking Needs","Oils & Vinegars","Oils & Vinegars","Crisco","Crisco Pure Vegetable Oil Cholosterol Free ","051500992838","Crisco Pure Vegetable Oil Cholosterol Free ","6.86","0.0","Market Basket","3.79 L","3.79 L","X1928.jpg","","2"
"33230","Breakfast & Dairy","Breads & Rolls","Bread","Martin's","Martin's Sandwhich Potato Bread","075185007007","Martin's Sandwhich Potato Bread","4.74","0.0","Market Basket","18 oz","18 oz","X2558.jpg","","18"
"35081","Beverages & Juices","Juices & Refrigerated Drinks","Juice & Nectars","Welch's","Welch's Orange","041800260003","Welch's Orange","1.74","0.0","Market Basket","16 fl oz","16 fl oz","X3144.jpg","","10"
"4285","Meat & Seafood","Packaged Meat & Seafood","Turkey","Shady Brook Farms","Shady Brook Farms Fresh 93% Lean Ground Turkey","","Shady Brook Farms Fresh 93% Lean Ground Turkey","4.36","0.0","Market Basket","20.8 oz","20.8 oz","4113.jpg","","22"
"14651","Breakfast & Dairy","Tea & Coffee","Tea","Yogi","Yogi Green Tea Blueberry Slim Life, Bags","","Yogi Green Tea Blueberry Slim Life, Bags","4.89","0.0","Market Basket","1.12 oz","1.12 oz","3511.jpg","","8"
"30421","Frozen Food","Frozen Dinners & Entrees","Frozen Appetizers & Sides","Bibigo","Bibigo MANDU Beef & Vegetable Dumplings","807176713235","Bibigo MANDU Beef & Vegetable Dumplings","7.49","0.0","Market Basket","20 oz","20 oz","X3960.jpg","","18"
"14921","Personal Care","First Aid & Healthcare","Cold, Flu & Allergy","Afrin No Drip","Afrin No Drip Extra Moisturizing Pump Mist","","Afrin No Drip Extra Moisturizing Pump Mist","10.22","1.0","Market Basket","0.5 fl oz","0.5 fl oz","6662.jpg","","13"
"32560","Condiments & Dressings","Pickled Goods & Olives","Pickled Goods & Olives","Levant ","Levant  Mditerranean Delicacies Giant Beans ","859215008093","Levant  Mditerranean Delicacies Giant Beans ","3.74","0.0","Market Basket","19 oz","19 oz","X2306.jpg","","2"
"6777","Cooking Needs","Baking & Cooking","Baking Ingredients","Baker's","Baker's Premium Baking Chocolate Bar, Semi Sweet 56% Cacao","","Baker's Premium Baking Chocolate Bar, Semi Sweet 56% Cacao","2.49","0.0","Market Basket","4 oz","4 oz","15708.jpg","","8"
"33316","Cooking Needs","Rice & Grains","Instant Rice","Minute Rice","Minute Brown Rice 100% whole grain","017400118501","Minute Brown Rice 100% whole grain","4.49","0.0","Market Basket","28 oz","28 oz","X1011.jpg","","4"
"6487","Chips, Cookies & Snacks","Nuts, Seeds & Dried Fruit","Nuts, Seeds & Dried Fruit","Emerald","Emerald Cocoa Roast Almonds","","Emerald Cocoa Roast Almonds","3.75","0.0","Market Basket","4.34 oz","4.34 oz","No Image.jpg","","6"
"9189","Frozen Food","Frozen Dinners & Entrees","Frozen Appetizers & Sides","Perdue","Perdue Breaded Popcorn Chicken","","Perdue Breaded Popcorn Chicken","11.99","0.0","Market Basket","1.63 lb","1.63 lb","2608.jpg","","22"
"14590","Breakfast & Dairy","Tea & Coffee","Tea","Red Rose","Red Rose Original Black Tea","","Red Rose Original Black Tea","4.09","0.0","Market Basket","100 x 8 oz","100 x 8 oz","3534.jpg","","8"
"34283","Beverages & Juices","Juices & Refrigerated Drinks","Juice & Nectars","R.W. Knudsen","R.W. Knudsen Organic Tomato Juice 100% Juice from Concentrate","074682017272","R.W. Knudsen Organic Tomato Juice 100% Juice from Concentrate","5.74","0.0","Market Basket","32 fl oz","32 fl oz","X2896.jpg","","10"
"8002","Cooking Needs","Canned Food","Soup, Broth & Bouillon","Goya","Goya Chicken Bouillon Powdered","","Goya Chicken Bouillon Powdered","3.09","0.0","Market Basket","7.05 oz","7.05 oz","17249.jpg","","2"
"4361","Meat & Seafood","Meat & Seafood Counter","Steak","Market Basket","Porterhouse Steak","","Porterhouse Steak","10.99","0.0","Market Basket","1 lb","1 lb","Market Basket.jpg","","22"
"31517","Frozen Food","Frozen Pasta","Frozen Pasta","Giosanmi Rama ","Giosanmi Rama 4 Cheese Ravioli  Frozen Pasta","","Giosanmi Rama 4 Cheese Ravioli  Frozen Pasta","4.99","0.0","Market Basket","10 oz","10 oz","X4672.jpg","","1"
"33946","Breakfast & Dairy","Breads & Rolls","Bagels","Pepperidge Farm","Pepperidge Farm Mini Bagels Plain","014100075622","Pepperidge Farm Mini Bagels Plain","5.61","0.0","Market Basket","17 oz","17 oz","X2630.jpg","","18"
"7808","Cooking Needs","Canned Food","Canned Meals & Beans","Progresso","Progresso Dark Red Kidney Beans","","Progresso Dark Red Kidney Beans","1.49","0.0","Market Basket","19 oz","19 oz","5179.jpg","","9"
"30906","Breakfast & Dairy","Dairy & Eggs","Yogurt","Chobani","Chobani Greek Yogurt Banana & Cream Blended ","","Chobani Greek Yogurt Banana & Cream Blended ","1.25","0.0","Market Basket","5.3 oz","5.3 oz","X113.jpg","","1"
"33061","Breakfast & Dairy","Cereal","Cereal","Market Basket ","Market Basket Enriched Bran Flakes with 16 Essential Vitamins & Minerals ","049705010044","Market Basket Enriched Bran Flakes with 16 Essential Vitamins & Minerals ","2.5","0.0","Market Basket","17.3 oz","17.3 oz","X3328.jpg","","5"
"30643","Meat & Seafood","Packaged Meat & Seafood","Meatballs","Bove's","Bove's Italian Styel All Meatballs","","Bove's Italian Styel All Meatballs","8.74","0.0","Market Basket","16 oz","16 oz","X4702.jpg","","1"
"31909","Condiments & Dressings","Pickled Goods & Olives","Pepperonicini","Italica","Italica Golden Greek Pepperonicini","070118004887","Italica Golden Greek Pepperonicini","2.49","0.0","Market Basket","16 fl oz","16 fl oz","X3251.jpg","","2"
"31509","Condiments & Dressings","Salad Dressings & Toppings","Croutons","Gillian's ","Gillian's Gluten Free Dairy Free Gourmet Cut Garlic Croutons","","Gillian's Gluten Free Dairy Free Gourmet Cut Garlic Croutons","4.99","0.0","Market Basket","5 oz","5 oz","X1752.jpg","","2"
"33125","Condiments & Dressings","Marinades, Ketchup & Sauces","Mustard Sauce","Market Basket ","Market Basket Traditional Yellow Mustard 100% Natural ","049705020920","Market Basket Traditional Yellow Mustard 100% Natural ","7.49","0.0","Market Basket","6.3 oz","6.3 oz","X2146.jpg","","2"
"30741","Cooking Needs","Canned Food","Baked Beans","Bush's","Bush's Best Since 1908 Homestyle  Brown Sugar Bacon Baked Beans","","Bush's Best Since 1908 Homestyle  Brown Sugar Bacon Baked Beans","3.0","0.0","Market Basket","28 oz","28 oz","X1836.jpg","","2"
"34337","Frozen Food","Frozen Pizza","Frozen Pizza","Red Baron ","Red Baron Supreme Pizza ","072180634719","Red Baron Supreme Pizza ","4.61","0.0","Market Basket","23.45 oz","23.45 oz","X4902.jpg","","19"
"13297","Breakfast & Dairy","Dairy & Eggs","Butter","Kate's Homemade","Kate's Homemade Butter Sea Salted","","Kate's Homemade Butter Sea Salted","7.79","0.0","Market Basket","4 x 16 oz","4 x 16 oz","14773.jpg","","1"
"8344","Condiments & Dressings","Fresh Dips & Tapenades","Fresh Dips & Tapenades","Wholly Avocado","Wholly Avocado 100% Chunky Avocado Minis","","Wholly Avocado 100% Chunky Avocado Minis","3.89","0.0","Market Basket","4 x 2 oz","4 x 2 oz","17320.jpg","","1"
"15322","Personal Care","Vitamins & Proteins","Vitamins & Supplements","Flintstones","Flintstones Children's Chewable Multivitamins with Iron","","Flintstones Children's Chewable Multivitamins with Iron","9.88","1.0","Market Basket","60 count","60 count","6712.jpg","","13"
"32863","Breakfast & Dairy","Breads & Rolls","Bread","Market Basket","Market Basket Giant White Bread","049705811078","Market Basket Giant White Bread","1.49","0.0","Market Basket","22 oz","22 oz","X2388.jpg","","18"
"32651","Condiments & Dressings","Honey, Syrup & Nectars","Agave","Madhava","Madhava Organic Light Agave","078314111750","Madhava Organic Light Agave","4.99","0.0","Market Basket","11.75 oz","11.75 oz","X3172.jpg","","2"
"32384","Breakfast & Dairy","Breads & Rolls","Rolls","Koffee Kup Bakery","Koffee Kup Bakery Sweet Kaiser Rolls","074016016669","Koffee Kup Bakery Sweet Kaiser Rolls","4.86","0.0","Market Basket","15 oz","15 oz","X2585.jpg","","18"
"6769","Breakfast & Dairy","Bars & Pastries","Other Pastries","Rice Krispies","Rice Krispies Treats Crispy Marshmallow Squares Original","","Rice Krispies Treats Crispy Marshmallow Squares Original","4.89","0.0","Market Basket","16 x 0.78 oz","16 x 0.78 oz","17658.jpg","","5"
"34395","Pasta & Sauces","Raw Pasta","Raw Pasta","Riesa","Riesa Egg Noodles Broad","822160019018","Riesa Egg Noodles Broad","3.74","0.0","Market Basket","17.6 oz","17.6 oz","X1589.jpg","","4"
"9972","Frozen Food","Ice Cream & Ice","Ice Cream & Ice","Breyer's","Breyer's Ice Cream French Vanilla","","Breyer's Ice Cream French Vanilla","4.99","0.0","Market Basket","48 oz","48 oz","18022.jpg","","21"
"6119","Beverages & Juices","Soft Drinks & Seltzers","Soft Drinks","Dr Pepper","Dr Pepper Original Soda Mini","","Dr Pepper Original Soda Mini","5.63","0.0","Market Basket","8 x 12 fl oz","8 x 12 fl oz","16624.jpg","","17"
"30552","Cooking Needs","Baking & Cooking","Baking Mix","Bob's Red Mill","Bob's Red Mill Coconut Unsweetened ","039978025784","Bob's Red Mill Coconut Unsweetened ","3.75","0.0","Market Basket","12 oz","12 oz","X5260.jpg","","3"
"33966","Breakfast & Dairy","Breads & Rolls","Bread","Pepperidge Farm","Pepperidge Farm Farmhouse 100% Whole Wheat Bread","014100082774","Pepperidge Farm Farmhouse 100% Whole Wheat Bread","4.99","0.0","Market Basket","24 oz","24 oz","X2533.jpg","","18"
"225","Kitchen & Cleaning","Cleaning Products","Toilet Cleaner","Varnish Drop Ins","Vanish Drop-Ins Toilet Bowl Cleaner","","Vanish Drop-Ins Toilet Bowl Cleaner","1.49","1.0","Market Basket","1.7 oz","1.7 oz","16762.jpg","","15"
"30830","Personal Care","Vitamins & Proteins","Protien Drinks","Carnation","Carnation Breakfast Essentials Classic French Vanilla","050000530625","Carnation Breakfast Essentials Classic French Vanilla","6.24","0.0","Market Basket","10 x 1.26  oz","10 x 1.26  oz","X3488.jpg","","5"
"4384","Meat & Seafood","Hot Dogs, Bacon & Sausage","Bacon","Farmland","Farmland Bacon","","Farmland Bacon","4.69","0.0","Market Basket","16 oz","16 oz","18048.jpg","","1"
"5013","Chips, Cookies & Snacks","Chips & Fruit Snacks","Chips & Pretzels","Utz","Utz Cheddar Cheese Curls","","Utz Cheddar Cheese Curls","4.69","0.0","Market Basket","8.5 oz","8.5 oz","No Image.jpg","","0"
"32173","Frozen Food","Frozen Breakfast","Frozen Waffles","Kellogg's ","Kellogg's Eggo Buttermilk","038000403101","Kellogg's Eggo Buttermilk","6.11","0.0","Market Basket","29.6 oz","29.6 oz","X5040.jpg","","19"
"30747","Condiments & Dressings","Marinades, Ketchup & Sauces","Sauce","Butcher Block Sauces","Butcher Block Sauces Rib Sauce ","099847000014","Butcher Block Sauces Rib Sauce ","4.11","0.0","Market Basket","21 oz","21 oz","X5388.jpg","","3"
"14559","Breakfast & Dairy","Tea & Coffee","Tea","Celestial Seasonings","Celestial Seasonings Tension Tamer, Caffeine Free Herbal Tea","","Celestial Seasonings Tension Tamer, Caffeine Free Herbal Tea","3.09","0.0","Market Basket","20 count","20 count","3476.jpg","","8"
"8058","Cooking Needs","Canned Food","Soup, Broth & Bouillon","Maruchan","Maruchan Bowl Ramen Noodle Soup Chicken Flavor","","Maruchan Bowl Ramen Noodle Soup Chicken Flavor","1.29","0.0","Market Basket","3.31 oz","3.31 oz","5335.jpg","","9"
"33750","Meat & Seafood","Packaged Meat & Seafood","Chicken","Oscar Mayer ","Oscar Mayer Chicken Cashews Monterey Jack","","Oscar Mayer Chicken Cashews Monterey Jack","1.86","0.0","Market Basket","2 oz","2 oz","X4557.jpg","","1"
"34670","Frozen Food","Frozen Dinners & Entrees","Frozen Meal","Stouffer's ","Stouffer's Welsh Rarebit","013800105967","Stouffer's Welsh Rarebit","2.99","0.0","Market Basket","10 oz","10 oz","X4284.jpg","","18"
"14762","Personal Care","Body Wash, Soap & Hair Care","Hair Care","L'Oreal","L'OrealÂ® Paris Total Repair 5 Repairing Conditioner","","L'OrealÂ® Paris Total Repair 5 Repairing Conditioner","6.08","1.0","Market Basket","12.6 fl oz","12.6 fl oz","17832.jpg","","13"
"5319","Chips, Cookies & Snacks","Cookies & Crackers","Cookies & Cakes","Chips Ahoy!","Chips Ahoy! 25% Less Fat Than Original","","Chips Ahoy! 25% Less Fat Than Original","3.91","0.0","Market Basket","13 oz","13 oz","No Image.jpg","","6"
"34041","Meat & Seafood","Packaged Meat & Seafood","Burger","Plant Made ","Plant Made Cacio E Pepe MAc & Cheeze Smolina Pasta with Cashew Cheeze & Black Paper ","","Plant Made Cacio E Pepe MAc & Cheeze Smolina Pasta with Cashew Cheeze & Black Paper ","4.99","0.0","Market Basket","9 oz","9 oz","X4731.jpg","","1"
"200","Kitchen & Cleaning","Cleaning Products","Scrub Sponge","Brillo","Brillo Steel Wool Soap Pads","","Brillo Steel Wool Soap Pads","2.19","1.0","Market Basket","10 count","10 count","16763.jpg","","15"
"31728","Meat & Seafood","Packaged Meat & Seafood","Ham","Hillshire Farm ","Hillishire Farm Ultra Thin Honey Ham","","Hillishire Farm Ultra Thin Honey Ham","7.86","0.0","Market Basket","16 oz","16 oz","X4538.jpg","","1"
"31734","Meat & Seafood","Packaged Meat & Seafood","Turkey","Hillshire Farm ","Hillshire Farm Honey Roasted Turkey Breast ","","Hillshire Farm Honey Roasted Turkey Breast ","4.99","0.0","Market Basket","9 oz","9 oz","X4535.jpg","","1"
"31978","Frozen Food","Frozen Dinners & Entrees","Frozen Appetizers & Sides","Joyce Chen","Joyce Chen Chinese Style Potstickers Chicken and Vegetable","184113000017","Joyce Chen Chinese Style Potstickers Chicken and Vegetable","4.86","0.0","Market Basket","16 oz","16 oz","X4812.jpg","","19"
"31835","Frozen Food","Frozen Dinners & Entrees","Frozen Appetizers & Sides","Hungry-Man","Hungry-Man Boneless Pork Rib Shaped Patties","051000062833","Hungry-Man Boneless Pork Rib Shaped Patties","3.74","0.0","Market Basket","16 oz","16 oz","X4005.jpg","","18"
"4034","Fresh Produce","Fresh Vegetables","Tumeric","Market Basket","Turmeric Root Fresh Pack (Approx: 1 lb)","","Turmeric Root Fresh Pack (Approx: 1 lb)","16.89","0.0","Market Basket","1 pack","1 pack","FP91.jpg","","20"
"30126","Pasta & Sauces","Instant Pasta","Instant Pasta","Annie's ","Annies Homegrown White Cheddar Macaroni & Cheese","013562000616","Annies Homegrown White Cheddar Macaroni & Cheese","3.99","0.0","Market Basket","2 x 2.01 oz","2 x 2.01 oz","X1196.jpg","","4"
"3918","Fresh Produce","Fresh Vegetables","Peas","Market Basket","Sugar Snap Peas","","Sugar Snap Peas","6.99","0.0","Market Basket","1 lb","1 lb","14370.jpg","","20"
"33625","Breakfast & Dairy","Dairy & Eggs","Yogurt","Noosa","Noosa Coconut Almond Chocolate ","","Noosa Coconut Almond Chocolate ","2.5","0.0","Market Basket","8 oz","8 oz","X673.jpg","","1"
"35231","Cooking Needs","Rice & Grains","Instant Rice","Zatarains","Zatarains Rice Pilaf Long grain rice & Orzo Pasta with vegetables & Spices","071429099500","Zatarains Rice Pilaf Long grain rice & Orzo Pasta with vegetables & Spices","1.49","0.0","Market Basket","6.3 oz","6.3 oz","X1016.jpg","","4"
"6055","Beverages & Juices","Ice Pops","Ice Pops","Flavorice","Flavorice 6 Fruity Flavors","","Flavorice 6 Fruity Flavors","1.49","0.0","Market Basket","16 x 1.5 oz","16 x 1.5 oz","No Image.jpg","","17"
"34540","Richardson's Farm Ice Cream","Ice Cream Toppings","Ice Cream Toppings","Smucker's","Smucker's Hot Fudge Topping ","051500000489","Smucker's Hot Fudge Topping ","2.99","0.0","Market Basket","1 count","1 count","X5131.jpg","","20"
"32321","Frozen Food","Frozen Breakfast","Frozen Breakfast","Kinnikinnick","Kinnikinnick Vanilla Glazed Donut ","620133002209","Kinnikinnick Vanilla Glazed Donut ","6.24","0.0","Market Basket","11.3 oz","11.3 oz","X5084.jpg","","19"
"31957","Chips, Cookies & Snacks","Chips & Fruit Snacks","Popcorn","Jolly Time ","Jolly Time Simply Poped Butter ","028190007692","Jolly Time Simply Poped Butter ","2.24","0.0","Market Basket","9 oz","9 oz","X4946.jpg","","19"
"34441","Pasta & Sauces","Pasta Sauce","Pasta Sauce","Sable and Rosenfeld","Sable and Rosenfeld Spicy Oilve Bruschetta","069702300313","Sable and Rosenfeld Spicy Oilve Bruschetta","7.49","0.0","Market Basket","16 oz","16 oz","X1419.jpg","","4"
"31382","Breakfast & Dairy","Dairy & Eggs","Cottage Cheese","Friendship ","Friendship DAIRIES 4% MILKFAT MINIMUM COTTAGE CHEESE SMALL CURD","","Friendship DAIRIES 4% MILKFAT MINIMUM COTTAGE CHEESE SMALL CURD","3.36","0.0","Market Basket","16 oz","16 oz","X281.jpg","","1"
"31552","Frozen Food","Frozen Breakfast","Frozen Breakfast","Good Food Made ","Good Food Made Uncured Canadian Bacon Breakfast Burrito","080618411214","Good Food Made Uncured Canadian Bacon Breakfast Burrito","2.49","0.0","Market Basket","1 count","1 count","X4995.jpg","","19"
"8225","Condiments & Dressings","Marinades, Ketchup & Sauces","Condiments","Lea & Perrins","Lea & Perrins Original Worcestershire Sauce","","Lea & Perrins Original Worcestershire Sauce","3.69","0.0","Market Basket","15 oz","15 oz","No Image.jpg","","2"
"32481","Beverages & Juices","Juices & Refrigerated Drinks","Juice & Nectars","Langers","Langers Apple Orange Pineapple 100% Juice","041755007036","Langers Apple Orange Pineapple 100% Juice","2.35","0.0","Market Basket","64 fl oz","64 fl oz","X2857.jpg","","10"
"8583","Cooking Needs","Oils & Vinegars","Oils & Vinegars","Vermont Village","Vermont Village Apple Cider Vinegar Raw & Organic","","Vermont Village Apple Cider Vinegar Raw & Organic","4.89","0.0","Market Basket","16 fl oz","16 fl oz","15517.jpg","","2"
"8643","Condiments & Dressings","Pickled Goods & Olives","Pickled Goods & Olives","Mediterranean Organics","Mediterranean Organics Wild Non Pareil Capers","","Mediterranean Organics Wild Non Pareil Capers","3.69","0.0","Market Basket","3.5 oz","3.5 oz","15542.jpg","","2"
"9113","Frozen Food","Frozen Dinners & Entrees","Frozen Appetizers & Sides","Ore-Ida","Ore Ida Extra Crispy Crinkles French Fried Potatoes","","Ore Ida Extra Crispy Crinkles French Fried Potatoes","3.59","0.0","Market Basket","26 oz","26 oz","2566.jpg","","19"
"34114","Beverages & Juices","Energy & Sports Drinks","Energy & Sports Drinks","Powerade","Powerade Sports Drink Strawberry Lemonade","049000079395","Powerade Sports Drink Strawberry Lemonade","1.1","0.0","Market Basket","28 fl oz","28 fl oz","X2695.jpg","","10"
"31356","Pasta & Sauces","Gluten Free Pasta","Pasta Sauce","Francesco Rinaldi","Francesco Rinaldi Pasta Sauce Original Recipe No Salt Added Gluten Free","077644816151","Francesco Rinaldi Pasta Sauce Original Recipe No Salt Added Gluten Free","2.11","0.0","Market Basket","23.5 oz","23.5 oz","X1477.jpg","","4"
"33158","Condiments & Dressings","Salad Dressings & Toppings","Salad Dressing & Toppings","Market Basket ","Market Basket Great as a Marinade House Italian Dressing","049705016084","Market Basket Great as a Marinade House Italian Dressing","2.24","0.0","Market Basket","16 fl oz","16 fl oz","X600.jpg","","2"
"33843","Pasta & Sauces","Raw Pasta","Raw Pasta","Pastene","Pastene Orzo","066086070993","Pastene Orzo","2.11","0.0","Market Basket","16 oz","16 oz","X1595.jpg","","4"
"32884","Breakfast & Dairy","Breads & Rolls","Rolls","Market Basket","Market Basket Premium 8 Hot Dog Rolls","835841003114","Market Basket Premium 8 Hot Dog Rolls","2.49","0.0","Market Basket","18 oz","18 oz","X2390.jpg","","18"
"31494","Breakfast & Dairy","Cereal","Cup Cereal","General Mills","General Mills Lucky Charms ","016000141568","General Mills Lucky Charms ","1.25","0.0","Market Basket","1.7 oz","1.7 oz","X3638.jpg","","5"
"5032","Chips, Cookies & Snacks","Cookies & Crackers","Cookies & Cakes","Chips Ahoy!","Chips Ahoy! Candy Blasts Cookies","","Chips Ahoy! Candy Blasts Cookies","3.91","0.0","Market Basket","12.4 oz","12.4 oz","1126.jpg","","6"
"8634","Laundry & Paper Goods","Paper Goods","Paper Napkins","Market Basket","Market Basket Napkins","","Market Basket Napkins","2.49","0.0","Market Basket","250 count","250 count","Market Basket.jpg","","14"
"33335","Meat & Seafood","Packaged Meat & Seafood","Burger","Morning Stars Farms ","Morning Stars Farms Veggie Grillers Original ","","Morning Stars Farms Veggie Grillers Original ","4.61","0.0","Market Basket","9 oz","9 oz","X4773.jpg","","1"
"33339","Meat & Seafood","Packaged Meat & Seafood","Burger","Morning Stars Farms ","Morning Stars Farms Veggie Buffalo Wings ","","Morning Stars Farms Veggie Buffalo Wings ","4.61","0.0","Market Basket","10.5 oz","10.5 oz","X4777.jpg","","1"
"32765","Meat & Seafood","Packaged Meat & Seafood","Turkey","Mariokart ","Mariokart 6-inch Turkey & Cheddar Sub Sandwich ","","Mariokart 6-inch Turkey & Cheddar Sub Sandwich ","3.74","0.0","Market Basket","5 oz","5 oz","X4543.jpg","","1"
"5410","Chips, Cookies & Snacks","Cookies & Crackers","Crackers","Stauffer's","Stauffer's Animal Cracker Original 6 Bags","","Stauffer's Animal Cracker Original 6 Bags","3.13","0.0","Market Basket","9 oz","9 oz","No Image.jpg","","6"
"13883","Breakfast & Dairy","Dairy & Eggs","Soy & Lactose-Free","Good Karma","Good Karma Flaxmilk Original vanilla","","Good Karma Flaxmilk Original vanilla","3.09","0.0","Market Basket","0.5 gal","0.5 gal","14805.jpg","","1"
"4131","Meat & Seafood","Meat & Seafood Counter","Chicken Tenderloins","Market Basket","Chicken Tenders Platter","","Chicken Tenders Platter","26.89","0.0","Market Basket","1 lb","1 lb","Market Basket.jpg","","22"
"6198","Beverages & Juices","Soft Drinks & Seltzers","Soft Drinks","7 up","7 Up Lemon Lime","","7 Up Lemon Lime","4.99","0.0","Market Basket","6 x 16.9 fl oz","6 x 16.9 fl oz","No Image.jpg","","17"
"14746","Personal Care","Body Wash, Soap & Hair Care","Hair Care","Herbal Essences","Herbal Essences Color Me Happy Conditioner for Color-Treated Hair","","Herbal Essences Color Me Happy Conditioner for Color-Treated Hair","4.82","1.0","Market Basket","11.7 count","11.7 count","6589.jpg","","13"
"6167","Beverages & Juices","Soft Drinks & Seltzers","Soft Drinks","Pepsi","Pepsi Zero Sugar","","Pepsi Zero Sugar","5.0","0.0","Market Basket","6 x 16.9 fl oz","6 x 16.9 fl oz","No Image.jpg","","17"
"4916","Chips, Cookies & Snacks","Chips & Fruit Snacks","Chips & Pretzels","Ruffles","Ruffles Zesty Cheddar","","Ruffles Zesty Cheddar","6.23","0.0","Market Basket","7.75 oz","7.75 oz","No Image.jpg","","0"
"33351","Cooking Needs","Canned Food","Canned Fruit & Applesauce","Mott's ","Mott's Cinnamon Applesause Great Taste You Can See  12 Clear PouChes ","","Mott's Cinnamon Applesause Great Taste You Can See  12 Clear PouChes ","8.11","0.0","Market Basket","2.4 lb","2.4 lb","X613.jpg","","3"
"33885","Condiments & Dressings","Pickled Goods & Olives","Pickled Goods & Olives","Pastene","Pastene Since 1874 Doli Sliced Peperoncini ","066086100881","Pastene Since 1874 Doli Sliced Peperoncini ","2.49","0.0","Market Basket","12 fl oz","12 fl oz","X2322.jpg","","2"
"32447","Frozen Food","Frozen Produce","Frozen Produce","La Fe","La Fe Cream of Corn","023545002605","La Fe Cream of Corn","2.36","0.0","Market Basket","13 oz","13 oz","X4410.jpg","","18"
"30969","Breakfast & Dairy","Bars & Pastries","Breakfast Bars","Clif","Bar Clif Cool Mint Chocolate","722252660770","Bar Clif Cool Mint Chocolate","8.11","0.0","Market Basket","14.40 oz","14.40 oz","X3907.jpg","","5"
"4588","Meat & Seafood","Lunch Meat","Turkey","Fresh","Oscar Mayer Deli Fresh Shaved Oven Roasted Turkey Breast","","Oscar Mayer Deli Fresh Shaved Oven Roasted Turkey Breast","7.09","0.0","Market Basket","1 lb","1 lb","5405.jpg","","1"
"34741","Breakfast & Dairy","Bars & Pastries","Granola Bars","Sunbelt Bakery ","Sunbelt Bakery Raspberry Granola Bars","024300031731","Sunbelt Bakery Raspberry Granola Bars","3.13","0.0","Market Basket","11 oz","11 oz","X3801.jpg","","5"
"5406","Chips, Cookies & Snacks","Cookies & Crackers","Crackers","Back to Nature","Back to Nature Organic Stoneground Wheat Cracker","","Back to Nature Organic Stoneground Wheat Cracker","6.23","0.0","Market Basket","6 oz","6 oz","No Image.jpg","","6"
"7864","Cooking Needs","Canned Food","Canned Meat & Seafood","Libby's","Libby's Chicken Vienna Sausage","","Libby's Chicken Vienna Sausage","0.69","0.0","Market Basket","4.6 oz","4.6 oz","17157.jpg","","2"
"413","Laundry & Paper Goods","Paper Goods","Bathroom Tissues / Toilet Paper","Market Basket","Market Basket Bathroom tissue","","Market Basket Bathroom tissue","1.24","1.0","Market Basket","1 unit","1 unit","Market Basket.jpg","","14"
"32533","Condiments & Dressings","Marinades, Ketchup & Sauces","Sauce","Lee Kum Kee","Lee Kum Kee Panda Brand Oyester flavored Sauce","078895300024","Lee Kum Kee Panda Brand Oyester flavored Sauce","4.36","0.0","Market Basket","18 oz","18 oz","X3224.jpg","","2"
"13819","Breakfast & Dairy","Dairy & Eggs","Refrigerated Pudding & Desserts","Jell-O","Jell O Chocolate Sugar Free Pudding Snack","","Jell O Chocolate Sugar Free Pudding Snack","2.69","0.0","Market Basket","4 x 3.5 oz","4 x 3.5 oz","795.jpg","","19"
"32064","Meat & Seafood","Packaged Meat & Seafood","Hot Dogs & Franks","Kayem ","Kayem Beef & Pork Hot Dog ","","Kayem Beef & Pork Hot Dog ","4.99","0.0","Market Basket","14 oz","14 oz","X4586.jpg","","1"
"31133","Pasta & Sauces","Raw Pasta","Raw Pasta","De Cecco","De Cecco Pasta Rigatoni No. 24","024094070244","De Cecco Pasta Rigatoni No. 24","2.08","0.0","Market Basket","1 lb","1 lb","X1542.jpg","","4"
"6220","Beverages & Juices","Soft Drinks & Seltzers","Seltzer","Adirondack","Adirondack Beverages Seltzer, Raspberry Lime","","Adirondack Beverages Seltzer, Raspberry Lime","2.5","0.0","Market Basket","8 x 12 fl oz","8 x 12 fl oz","No Image.jpg","","11"
"3751","Fresh Produce","Fresh Herbs","Ginger","Gourmet Garden","Gourmet Gardena, Ginger Stir-In Paste","","Gourmet Gardena, Ginger Stir-In Paste","4.93","0.0","Market Basket","4 oz","4 oz","98.jpg","","20"
"7641","Cooking Needs","Canned Food","Canned Fruit & Applesauce","Del Monte","Del Monte Fresh Cored Pineapple","","Del Monte Fresh Cored Pineapple","6.09","0.0","Market Basket","20 oz","20 oz","4917.jpg","","3"
"7912","Cooking Needs","Canned Food","Soup, Broth & Bouillon","Bar Harbor","Bar Harbor Clam Corn Chowder New England Style","","Bar Harbor Clam Corn Chowder New England Style","3.09","0.0","Market Basket","15 oz","15 oz","17198.jpg","","2"
"31465","Breakfast & Dairy","Cereal","Cereal","General Mills","General Mills Fruity Cheerios Large Size ","016000163621","General Mills Fruity Cheerios Large Size ","4.99","0.0","Market Basket","14.2 oz","14.2 oz","X3442.jpg","","5"
"5753","Breakfast & Dairy","Bars & Pastries","Protien Bars","Larabar","Larabar Fruit & Nut Food Bar Apple Pie Bar","","Larabar Fruit & Nut Food Bar Apple Pie Bar","1.25","0.0","Market Basket","1.6 oz","1.6 oz","1310.jpg","","3"
"13330","Breakfast & Dairy","Dairy & Eggs","Cream","Coffee-mate","Coffee mate French Vanilla Liquid Coffee Creamer","","Coffee mate French Vanilla Liquid Coffee Creamer","2.69","0.0","Market Basket","16 fl oz","16 fl oz","558.jpg","","1"
"7226","Cooking Needs","Spices & Seasonings","Spices & Seasonings","Goya","Goya Sazon A Unique Seasoning Without Annatto","","Goya Sazon A Unique Seasoning Without Annatto","3.09","0.0","Market Basket","20 x 3.52 oz","20 x 3.52 oz","2247.jpg","","9"
"14889","Personal Care","Feminine Care","Menstrual Pads","Market Basket","Market Basket Sensitive Maxi Pads Regular","","Market Basket Sensitive Maxi Pads Regular","3.21","1.0","Market Basket","24 count","24 count","Market Basket.jpg","","13"
"30620","Condiments & Dressings","Marinades, Ketchup & Sauces","Mustard Sauce","Bookbinder's","Bookbinder's Stone Ground Dijon Mustard Refrigrate After Opening","071851800477","Bookbinder's Stone Ground Dijon Mustard Refrigrate After Opening","1.88","0.0","Market Basket","12 oz ","12 oz ","X2191.jpg","","2"
"4157","Meat & Seafood","Meat & Seafood Counter","Hen","Perdue","Perdue Whole Cornish Game Hen","","Perdue Whole Cornish Game Hen","2.79","0.0","Market Basket","1 lb","1 lb","No Image.jpg","","22"
"105","Kitchen & Cleaning","Cleaning Products","Bleach","Comet","Comet Soft Cleanser with Bleach","","Comet Soft Cleanser with Bleach","2.69","1.0","Market Basket","24 oz","24 oz","16772.jpg","","15"
"13540","Beverages & Juices","Juices & Refrigerated Drinks","Juice & Nectars","Yoohoo","Yoohoo Chocolate Drink","072350000016","Yoohoo Chocolate Drink","3.74","0.0","Market Basket","10 x 6.5 fl oz","10 x 6.5 fl oz","X3112.jpg","","10"
"4418","Meat & Seafood","Hot Dogs, Bacon & Sausage","Hot Dogs","Carando","Carando Spiral Recipe Sliced Deli Ham","","Carando Spiral Recipe Sliced Deli Ham","7.39","0.0","Market Basket","1 lb","1 lb","No Image.jpg","","1"
"33212","Meat & Seafood","Packaged Meat & Seafood","Hot Dogs & Franks","Market Basket ","Market Basket Meat Franks ","","Market Basket Meat Franks ","3.49","0.0","Market Basket","14 oz","14 oz","X4565.jpg","","1"
"31097","Breakfast & Dairy","Dairy & Eggs","Yogurt","Dannon","Dannon Light & Fit Greek Crunch Cookies & Cream","","Dannon Light & Fit Greek Crunch Cookies & Cream","1.25","0.0","Market Basket","5 oz","5 oz","X199.jpg","","1"
"8087","Cooking Needs","Canned Food","Soup, Broth & Bouillon","Pacific","Pacific Low Sodium Organic Chicken Broth","","Pacific Low Sodium Organic Chicken Broth","4.69","0.0","Market Basket","32 fl oz","32 fl oz","5356.jpg","","9"
"5275","Chips, Cookies & Snacks","Chips & Fruit Snacks","Chips & Pretzels","Good Health","Good Health Organic Baked Cheese Fries Hot n Spicy","","Good Health Organic Baked Cheese Fries Hot n Spicy","3.13","0.0","Market Basket","5.5 oz","5.5 oz","No Image.jpg","","0"
"13920","Breakfast & Dairy","Dairy & Eggs","Soy & Lactose-Free Milk","Lactaid","Lactaid 100% Lactose Free Fat Free Milk","","Lactaid 100% Lactose Free Fat Free Milk","6.24","0.0","Market Basket","96 fl oz","96 fl oz","766.jpg","","1"
"31942","Frozen Food","Frozen Breakfast","Frozen Breakfast","JimmyDean","JimmyDean Turkey Sausage ","077900471339","JimmyDean Turkey Sausage ","3.49","0.0","Market Basket","7 oz","7 oz","X4984.jpg","","19"
"3645","Fresh Produce","Fresh Fruits","Blueberries","naturipe","naturipe Blueberries","","naturipe Blueberries","5.62","0.0","Market Basket","1 pint container","1 pint container","20.jpg","","20"
"31915","Condiments & Dressings","Pickled Goods & Olives","Olives","Italica ","Italica Queen Olives With Pimiento Per 3 OLives","070118001428","Italica Queen Olives With Pimiento Per 3 OLives","2.5","0.0","Market Basket","3.53 oz","3.53 oz","X2259.jpg","","2"
"31122","Breakfast & Dairy","Breads & Rolls","Bread","Dave's Killer Bread","Dave's Killer Bread Organic Bread Raisin The Roof","013764028067","Dave's Killer Bread Organic Bread Raisin The Roof","7.49","0.0","Market Basket","18 oz","18 oz","X2432.jpg","","18"
"4198","Meat & Seafood","Packaged Meat & Seafood","Chicken Breast","Harvestland","Harvestland Boneless Skinless Chicken Breast","","Harvestland Boneless Skinless Chicken Breast","6.79","0.0","Market Basket","1 lb","1 lb","4119.jpg","","22"
"5247","Chips, Cookies & Snacks","Chips & Fruit Snacks","Chips & Pretzels","LATE JULY","LATE JULY Sea Salt No Grain Tortilla Chips","","LATE JULY Sea Salt No Grain Tortilla Chips","4.69","0.0","Market Basket","5.5 oz","5.5 oz","No Image.jpg","","0"
"34821","Meat & Seafood","Packaged Meat & Seafood","Sausage","Thin 'n Trim","Thin n Trim Chicken Sausage Spinch & Red Onians ","","Thin n Trim Chicken Sausage Spinch & Red Onians ","4.36","0.0","Market Basket","10 oz","10 oz","X4647.jpg","","1"
"30974","Breakfast & Dairy","Bars & Pastries","Breakfast Bars","Clif","Clif Kid ZBar Chocolate Chip","722252192042","Clif Kid ZBar Chocolate Chip","4.99","0.0","Market Basket","7.62 oz","7.62 oz","X3912.jpg","","5"
"14610","Breakfast & Dairy","Tea & Coffee","Tea","Stash Tea","Stash Tea Black Tea Decaf Chai Spice","","Stash Tea Black Tea Decaf Chai Spice","3.69","0.0","Market Basket","18 x 1.1 oz","18 x 1.1 oz","16334.jpg","","8"
"7635","Cooking Needs","Canned Food","Canned Fruit & Applesauce","Dole","Dole Yellow Cling Sliced Peaches","","Dole Yellow Cling Sliced Peaches","3.69","0.0","Market Basket","23.5 oz","23.5 oz","4928.jpg","","3"
"9148","Frozen Food","Frozen Dinners & Entrees","Frozen Appetizers & Sides","Market Basket","Market Basket Fully Cooked Turkey Meatballs","","Market Basket Fully Cooked Turkey Meatballs","7.09","0.0","Market Basket","32 oz","32 oz","Market Basket.jpg","","18"
"3828","Fresh Produce","Fresh Organic Vegetables","Kale","Market Basket","Organic Kale","","Organic Kale","4.24","0.0","Market Basket","1 bunch","1 bunch","14399.jpg","","20"
"33278","Condiments & Dressings","Pickled Goods & Olives","Peppers","Mezzetta ","Mezzetta Snice 1935 Family Co Mild Banana Pepper Rings Fresh Pack Mild","073214001620","Mezzetta Snice 1935 Family Co Mild Banana Pepper Rings Fresh Pack Mild","3.74","0.0","Market Basket","16 fl oz","16 fl oz","X3242.jpg","","2"
"8109","Cooking Needs","Canned Food","Soup, Broth & Bouillon","Progresso","Progresso Soup, Low Fat Light, Chicken Pot Pie Style Soup","","Progresso Soup, Low Fat Light, Chicken Pot Pie Style Soup","2.79","0.0","Market Basket","18.5 oz","18.5 oz","5273.jpg","","9"
"30359","Meat & Seafood","Packaged Meat & Seafood","Chicken","Bell & Evans","Bell & Evans Air Chilled Chicken Meatballs","738985222710","Bell & Evans Air Chilled Chicken Meatballs","8.74","0.0","Market Basket","12 oz","12 oz","X37.jpg","","1"
"5236","Chips, Cookies & Snacks","Chips & Fruit Snacks","Ready Popcorn","PopCorners","PopCorners Popped Corn Chips Sea Salt","","PopCorners Popped Corn Chips Sea Salt","3.13","0.0","Market Basket","7 oz","7 oz","1463.jpg","","0"
"378","Kitchen & Cleaning","Food Storage & Kitchen Supplies","Utensils & Kitchen Supplies","McCormickÃÂ®","McCormickÃÂ® Himalayan Pink Salt Grinder","","McCormickÃÂ® Himalayan Pink Salt Grinder","2.49","1.0","Market Basket","2.5 oz","2.5 oz","16870.jpg","","9"
"296","Kitchen & Cleaning","Food Storage & Kitchen Supplies","Corkscrew","OXO","OXO Corkscrew","","OXO Corkscrew","9.79","1.0","Market Basket","1 count","1 count","16865.jpg","","12"
"30517","Breakfast & Dairy","Granola & Oats","Oats","Bob's Red Mill","Bob's Red Mill Quick Rolled Oats Whole Grain ","039978051554","Bob's Red Mill Quick Rolled Oats Whole Grain ","4.74","0.0","Market Basket","32 oz","32 oz","X5225.jpg","","3"
"32362","Cooking Needs","Rice & Grains","Rice/Pasta Sides","Knorr","Knorr Rice Sides Beef Flavour","041000022678","Knorr Rice Sides Beef Flavour","1.25","0.0","Market Basket","5.5 oz","5.5 oz","X1170.jpg","","4"
"6626","Beverages & Juices","Juices & Refrigerated Drinks","Refrigerated Drinks","Newman's Own","Newman's Own Lemonade Virgin Pomegranate","","Newman's Own Lemonade Virgin Pomegranate","2.39","0.0","Market Basket","59 fl oz","59 fl oz","3859.jpg","","1"
"34401","Cooking Needs","Rice & Grains","Rice","River","River Brown Rice Whole Grain","017400105365","River Brown Rice Whole Grain","3.11","0.0","Market Basket","2 lb","2 lb","X1043.jpg","","4"
"7374","Cooking Needs","Spices & Seasonings","Spices & Seasonings","Ortega","Ortega Original Taco Seasoning Mix","","Ortega Original Taco Seasoning Mix","0.99","0.0","Market Basket","1.25 oz","1.25 oz","15650.jpg","","7"
"13280","Breakfast & Dairy","Dairy & Eggs","Butter","Earth Balance","Earth Balance Soy Free Sticks Buttery","","Earth Balance Soy Free Sticks Buttery","4.89","0.0","Market Basket","1 lb","1 lb","654.jpg","","1"
"8276","Condiments & Dressings","Fresh Dips & Tapenades","Fresh Dips & Tapenades","Cabot Creamery","Cabot Creamery Dip, French Onion","","Cabot Creamery Dip, French Onion","3.09","0.0","Market Basket","1.5 lb","1.5 lb","17329.jpg","","1"
"32149","Frozen Food","Frozen Breakfast","Frozen Pancakes","Kellogg's ","Kellogg's Eggo French Toaster Sticks Original ","038000051999","Kellogg's Eggo French Toaster Sticks Original ","3.11","0.0","Market Basket","12.7 oz","12.7 oz","X5063.jpg","","19"
"34166","Pasta & Sauces","Raw Pasta","Raw Pasta","Prince","Prince Pasta Medium Shells","041129010242","Prince Pasta Medium Shells","1.56","0.0","Market Basket","16 oz","16 oz","X1656.jpg","","4"
"194","Kitchen & Cleaning","Cleaning Products","Other Cleaning Products","Woolite","Woolite Carpet Foam, Large Area, Heavy Traffic","","Woolite Carpet Foam, Large Area, Heavy Traffic","4.89","1.0","Market Basket","22 fl oz","22 fl oz","16800.jpg","","15"
"8024","Cooking Needs","Canned Food","Soup, Broth & Bouillon","Knorr","Knorr Beef Flavor Bouillon","","Knorr Beef Flavor Bouillon","1.49","0.0","Market Basket","6 x 0.38 oz","6 x 0.38 oz","17229.jpg","","9"
"31768","Beverages & Juices","Tea, Coffee, Milk & Coconut Water","Tea","Honest","Honest Organic Half Tea and Half Lemonade ","657622531551","Honest Organic Half Tea and Half Lemonade ","1.66","0.0","Market Basket","16.9 fl oz","16.9 fl oz","X2931.jpg","","10"
"3932","Fresh Produce","Fresh Vegetables","Pepper","Market Basket","Red Sweet Mini Pepper","","Red Sweet Mini Pepper","4.24","0.0","Market Basket","1 count","1 count","14447.jpg","","20"
"6028","Beverages & Juices","Energy & Sports Drinks","Energy & Sports Drinks","Red Bull","Red Bull Total Zero Energy Drink","","Red Bull Total Zero Energy Drink","3.13","0.0","Market Basket","12 fl oz","12 fl oz","3728.jpg","","17"
"34277","Personal Care","Vitamins & Proteins","Protien Powders","Quest","Quest Chocolate MilkShake ","888849008599","Quest Chocolate MilkShake ","36.24","0.0","Market Basket","1.6 lb","1.6 lb","X5206.jpg","","3"
"35092","Condiments & Dressings","Preserved Dips & Spreads","Spreads","Welch's","Welch's A Tropical Vacation Welch's FAMILY FARMER OWNED Mango Twist Beverage","","Welch's A Tropical Vacation Welch's FAMILY FARMER OWNED Mango Twist Beverage","2.5","0.0","Market Basket","59 fl oz","59 fl oz","X894.jpg","","3"
"13885","Breakfast & Dairy","Dairy & Eggs","Soy & Lactose-Free","Market Basket","Market Basket 51% Vegetable Oil Spread","","Market Basket 51% Vegetable Oil Spread","3.09","0.0","Market Basket","45 oz","45 oz","Market Basket.jpg","","1"
"9813","Frozen Food","Frozen Produce","Frozen Produce","Green Giant","Green Giant Cauliflower & Cheese Sauce","","Green Giant Cauliflower & Cheese Sauce","2.09","0.0","Market Basket","10 oz","10 oz","2440.jpg","","19"
"34464","Breakfast & Dairy","Breads & Rolls","Bread","Sara Lee","Sara Lee Delighful Honey Whole Wheat Bread 45 Calories","072945715899","Sara Lee Delighful Honey Whole Wheat Bread 45 Calories","5.36","0.0","Market Basket","20 oz","20 oz","X2481.jpg","","18"
"13469","Breakfast & Dairy","Dairy & Eggs","Milk","Hood","Hood 2% Reduced Fat Milk","","Hood 2% Reduced Fat Milk","1.74","0.0","Market Basket","1 quart","1 quart","495.jpg","","1"
"8301","Condiments & Dressings","Fresh Dips & Tapenades","Fresh Dips & Tapenades","Heluva Good!","Heluva Good! ! Dip French Onion","","Heluva Good! ! Dip French Onion","3.69","0.0","Market Basket","680 g","680 g","5529.jpg","","1"
"3783","Fresh Produce","Fresh Organic Fruits","Orange","Market Basket","Organic Orange","","Organic Orange","8.04","0.0","Market Basket","1 count","1 count","14288.jpg","","20"
"10114","Frozen Food","Ice Cream & Ice","Ice Cream & Ice","Kemps","Kemps Fat Free No Sugar Added Vanilla Frozen Yogurt","","Kemps Fat Free No Sugar Added Vanilla Frozen Yogurt","3.69","0.0","Market Basket","1.5 quart","1.5 quart","16198.jpg","","21"
"10528","Cooking Needs","Rice & Grains","Instant Food","Maruchan","Maruchan Bowl Ramen Noodle Soup Hot & Spicy Chicken Flavor","","Maruchan Bowl Ramen Noodle Soup Hot & Spicy Chicken Flavor","1.29","0.0","Market Basket","3.32 oz","3.32 oz","17382.jpg","","9"
"595","Laundry & Paper Goods","Paper Goods","Bathroom Tissues / Toilet Paper","Market Basket","Market Basket Supreme strong & soft Bathroom Tissues","","Market Basket Supreme strong & soft Bathroom Tissues","4.99","1.0","Market Basket","6 count","6 count","Market Basket.jpg","","14"
"3743","Fresh Produce","Fresh Herbs","Bay Leaves","Infinite Herbs","Infinite Herbs Fresh Bay Leaves","","Infinite Herbs Fresh Bay Leaves","2.86","0.0","Market Basket","0.67 oz","0.67 oz","FP43.jpg","","20"
"143","Kitchen & Cleaning","Cleaning Products","Other Cleaning Products","Butler Gum","Butler Gum Scrubber Dishwand","","Butler Gum Scrubber Dishwand","3.69","1.0","Market Basket","1 count","1 count","No Image.jpg","","15"
"33594","Frozen Food","Frozen Pizza","Frozen Pizza","Newman's Own ","Newman's Own Thin And Crispy Pizza Harvest Vegetable ","020662006042","Newman's Own Thin And Crispy Pizza Harvest Vegetable ","6.61","0.0","Market Basket","15.4 oz","15.4 oz","X4912.jpg","","19"
"3742","Fresh Produce","Fresh Herbs","Basil","Market Basket","Sweet Hot Basil","","Sweet Hot Basil","11.26","0.0","Market Basket","1 lb","1 lb","FP58.jpg","","20"
"30528","Breakfast & Dairy","Granola & Oats","Granola","Bob's Red Mill","Bob's Red Mill Classic Granola ","039978026620","Bob's Red Mill Classic Granola ","4.36","0.0","Market Basket","12 oz","12 oz","X5236.jpg","","3"
"13914","Breakfast & Dairy","Dairy & Eggs","Soy & Lactose-Free","So Delicious","So Delicious Dairy Free Organic Coconut Milk Beverage Unsweetened","","So Delicious Dairy Free Organic Coconut Milk Beverage Unsweetened","3.29","0.0","Market Basket","64 fl oz","64 fl oz","738.jpg","","1"
"4324","Meat & Seafood","Meat & Seafood Counter","Pork","Market Basket","Market Basket Sliced Pork Back Ribs","","Market Basket Sliced Pork Back Ribs","4.89","0.0","Market Basket","1 lb","1 lb","Market Basket.jpg","","22"
"10264","Frozen Food","Ice Cream & Ice","Ice Cream & Ice","Twix","Twix Caramel Flavored Light Ice Cream","","Twix Caramel Flavored Light Ice Cream","2.49","0.0","Market Basket","16 fl oz","16 fl oz","16148.jpg","","21"
"13173","Cooking Needs","Baking & Cooking","Baking Mix","Aunt Jemima","Aunt Jemima Regular Baking Mix","","Aunt Jemima Regular Baking Mix","2.99","0.0","Market Basket","32 oz","32 oz","6162.jpg","","3"
"30966","Breakfast & Dairy","Bars & Pastries","Breakfast Bars","Clif","Bar Clif Chocolate Chip","722252660046","Bar Clif Chocolate Chip","8.11","0.0","Market Basket","14.40 oz","14.40 oz","X3904.jpg","","5"
"31352","Frozen Food","Frozen Dinners & Entrees","Frozen Appetizers & Sides","Forno De Minas","Forno De Minas Gluten Free Pao De Queijo Sticks","813114020204","Forno De Minas Gluten Free Pao De Queijo Sticks","3.74","0.0","Market Basket","8.47 oz","8.47 oz","X4292.jpg","","18"
"8337","Condiments & Dressings","Fresh Dips & Tapenades","Fresh Dips & Tapenades","Sabra","Sabra Roasted Garlic Hummus","","Sabra Roasted Garlic Hummus","3.09","0.0","Market Basket","10 oz","10 oz","5548.jpg","","1"
"30240","Beverages & Juices","Energy & Sports Drinks","Energy & Sports Drinks","Bai","Bai Antioxidant Infusion Ipanema Pomegranate","813694004037","Bai Antioxidant Infusion Ipanema Pomegranate","2.5","0.0","Market Basket","18 fl oz","18 fl oz","X2738.jpg","","10"
"4780","Meat & Seafood","Frozen Meat & Seafood","Frozen Shrimp","Market Basket","Market Basket 26 30 Per Pound Extra Jumbo Cooked Shrimp","","Market Basket 26 30 Per Pound Extra Jumbo Cooked Shrimp","24.29","0.0","Market Basket","16 oz","16 oz","Market Basket.jpg","","18"
"15222","Personal Care","Personal Needs","Oral Hygiene","Market Basket","Market Basket Antiseptic Fresh Mint Mouthwash","","Market Basket Antiseptic Fresh Mint Mouthwash","2.29","1.0","Market Basket","16.9 fl oz","16.9 fl oz","Market Basket.jpg","","13"
"41","Kitchen & Cleaning","Air Fresheners & Candles","Air Freshener","Air Wick","Air Wick Lavender & Chamomile Fragrance 4 in 1 Air Freshener","","Air Wick Lavender & Chamomile Fragrance 4 in 1 Air Freshener","1.49","1.0","Market Basket","8 oz","8 oz","4215.jpg","","15"
"13708","Breakfast & Dairy","Dairy & Eggs","Packaged Cheese","Kraft","Kraft Velveeta Original Loaf","","Kraft Velveeta Original Loaf","8.59","0.0","Market Basket","32 oz","32 oz","14617.jpg","","1"
"31918","Condiments & Dressings","Preserved Dips & Spreads","Spreads","James Killer & Son","James Killer & Son Orange Marmalade ","","James Killer & Son Orange Marmalade ","6.99","0.0","Market Basket","1 lb","1 lb","X376.jpg","","3"
"34029","Frozen Food","Frozen Dessert","Frozen Dessert","Pillsbury","Pillsbury Toster Strudel Pestries  Strawberry","018000427420","Pillsbury Toster Strudel Pestries  Strawberry","4.99","0.0","Market Basket","23.4 oz","23.4 oz","X5079.jpg","","19"
"15066","Personal Care","Personal Needs","Eye & Ear Care","Advanced Eye Relief","Advanced Eye Relief Eye Wash","","Advanced Eye Relief Eye Wash","6.31","1.0","Market Basket","4 fl oz","4 fl oz","6487.jpg","","13"
"4825","Chips, Cookies & Snacks","Chips & Fruit Snacks","Chips & Pretzels","Cape Cod","Cape Cod Potato Chips, Reduced Fat Original Kettle Cooked Chips","","Cape Cod Potato Chips, Reduced Fat Original Kettle Cooked Chips","5.92","0.0","Market Basket","8 oz","8 oz","923.jpg","","0"
"34880","Frozen Food","Frozen Pizza","Frozen Pizza","Tony's ","Tony's Pepperoni Pizza ","072180637178","Tony's Pepperoni Pizza ","3.75","0.0","Market Basket","18.56 oz","18.56 oz","X4904.jpg","","19"
"31515","Frozen Food","Frozen Pasta","Frozen Pasta","Giosanmi Rama ","Giosanmi Rama Family Size 5 Cheese Tricolor Signature Tortelloni Frozen Pasta","","Giosanmi Rama Family Size 5 Cheese Tricolor Signature Tortelloni Frozen Pasta","7.49","0.0","Market Basket","20 oz","20 oz","X4670.jpg","","1"
"34881","Frozen Food","Frozen Dinners & Entrees","Frozen Appetizers & Sides","Totino's","Totino's Pizza Rolls Pepperoni and Bacon","042800109545","Totino's Pizza Rolls Pepperoni and Bacon","4.99","0.0","Market Basket","24.8 oz","24.8 oz","X4800.jpg","","19"
"31422","Beverages & Juices","Energy & Sports Drinks","Energy & Sports Drinks","Gatorade","Gatorade Frost Thirst Quencher Glacier Freeze 8 pack","052000208085","Gatorade Frost Thirst Quencher Glacier Freeze 8 pack","7.49","0.0","Market Basket","8 x 20 fl oz","8 x 20 fl oz","X2669.jpg","","10"
"4487","Meat & Seafood","Lunch Meat","Beef","Deli","Deli Style Roast Beef","","Deli Style Roast Beef","13.49","0.0","Market Basket","1 lb","1 lb","17273.jpg","","22"
"34332","Frozen Food","Frozen Pizza","Frozen Pizza","Red Baron ","Red Baron Singles Pepperoni Pizzas ","07218063249","Red Baron Singles Pepperoni Pizzas ","3.36","0.0","Market Basket","10.8 oz","10.8 oz","X4857.jpg","","19"
"50","Kitchen & Cleaning","Air Fresheners & Candles","Air Freshener","Renuzit","Renuzit Air Freshener Lovely Lavender Gel, Bottle","","Renuzit Air Freshener Lovely Lavender Gel, Bottle","1.29","1.0","Market Basket","7 oz","7 oz","4242.jpg","","15"
"13699","Breakfast & Dairy","Dairy & Eggs","Packaged Cheese","Kraft","Kraft Grated Cheese 100% Grated Parmesan $3.79 Prepriced Cheese","","Kraft Grated Cheese 100% Grated Parmesan $3.79 Prepriced Cheese","4.89","0.0","Market Basket","8 oz","8 oz","14587.jpg","","1"
"9329","Frozen Food","Frozen Dessert","Frozen Dessert","Athens","Athens Phyllo Shells","","Athens Phyllo Shells","2.09","0.0","Market Basket","1.9 oz","1.9 oz","2979.jpg","","19"
"7898","Cooking Needs","Canned Food","Canned Meat & Seafood","StarKist","Tuna Creations Sweet & Spicy","","Tuna Creations Sweet & Spicy","1.69","0.0","Market Basket","2.6 oz","2.6 oz","5211.jpg","","2"
"14370","Breakfast & Dairy","Tea & Coffee","Coffee","Folgers ","Folgers Coffee Singles, Medium, Classic Roast, Bags","","Folgers Coffee Singles, Medium, Classic Roast, Bags","10.99","0.0","Market Basket","38 count","38 count","3336.jpg","","8"
"7531","Cooking Needs","Canned Food","Canned & Jarred Vegetables","Market Basket","Market Basket Stewed Tomatoes In Tomato Juice","","Market Basket Stewed Tomatoes In Tomato Juice","1.29","0.0","Market Basket","28 oz","28 oz","Market Basket.jpg","","9"
"30692","Meat & Seafood","Packaged Meat & Seafood","Burger","Bubba Burger ","Bubba Burger Turkey Gluten Free","","Bubba Burger Turkey Gluten Free","9.99","0.0","Market Basket","32 oz","32 oz","X4707.jpg","","1"
"33888","Condiments & Dressings","Pickled Goods & Olives","Pickled Goods & Olives","Pastene","Pastene Imported Since 1874 Baby Artichokes ","066086100409","Pastene Imported Since 1874 Baby Artichokes ","4.49","0.0","Market Basket","9.9 oz","9.9 oz","X2327.jpg","","2"
"4147","Meat & Seafood","Meat & Seafood Counter","Crab Meat","Yankee Trader Seafood","Yankee Trader Seafood Crab Cakes - 2 CT","","Yankee Trader Seafood Crab Cakes - 2 CT","3.69","0.0","Market Basket","1 lb","1 lb","4072.jpg","","22"
"30908","Breakfast & Dairy","Dairy & Eggs","Yogurt","Chobani","Chobani Greek Yogurt Pina Colada Pineapple Coconut Flavored ","","Chobani Greek Yogurt Pina Colada Pineapple Coconut Flavored ","1.88","0.0","Market Basket","7 fl oz","7 fl oz","X115.jpg","","1"
"3855","Fresh Produce","Fresh Vegetables","Grape Tomato","Market Basket","Harvest Queen Red Grape Tomatoes","","Harvest Queen Red Grape Tomatoes","2.29","0.0","Market Basket","12 oz","12 oz","14307.jpg","","20"
"4133","Meat & Seafood","Meat & Seafood Counter","Chicken Thighs","Market Basket","Chicken Thigh Fillets","","Chicken Thigh Fillets","6.99","0.0","Market Basket","1 lb","1 lb","Market Basket.jpg","","22"
"31011","Cooking Needs","Canned Food","Tomato Sauce","Contadina","Contadina Roma Tomatoes Sauce with Italian Herbs","024000342861","Contadina Roma Tomatoes Sauce with Italian Herbs","1.24","0.0","Market Basket","15 oz","15 oz","X1276.jpg","","4"
"5647","Chips, Cookies & Snacks","Candy & Chocolates","Mint & Gum","Extra","Extra Spearmint Sugarfree Gum multi total","","Extra Spearmint Sugarfree Gum multi total","3.09","0.0","Market Basket","3 x 15 ct","3 x 15 ct","1497.jpg","","3"
"33235","Breakfast & Dairy","Breads & Rolls","Swirl Bread","Martin's","Martin's Cinnamon Sugar Swirl Bread","075185006055","Martin's Cinnamon Sugar Swirl Bread","3.75","0.0","Market Basket","16 oz","16 oz","X2553.jpg","","18"
"9937","Frozen Food","Ice Cream & Ice","Ice Cream & Ice","Ben & Jerry's","Ben & Jerry's Ice Cream Cherry Garcia","","Ben & Jerry's Ice Cream Cherry Garcia","4.86","0.0","Market Basket","1 pint","1 pint","18000.jpg","","21"
"4803","Meat & Seafood","Frozen Meat & Seafood","Other Frozen Seafood","Pier 33 Gourmet","Pier 33 Gourmet Mussels, in Butter Garlic Sauce","","Pier 33 Gourmet Mussels, in Butter Garlic Sauce","4.89","0.0","Market Basket","16 oz","16 oz","2914.jpg","","18"
"15072","Personal Care","Personal Needs","Eye & Ear Care","Opti-Free","Opti-Free Puremoist Multi-Purpose Disinfecting Solution All Day Comfort","","Opti-Free Puremoist Multi-Purpose Disinfecting Solution All Day Comfort","15.51","1.0","Market Basket","10 fl oz","10 fl oz","6477.jpg","","13"
"33070","Breakfast & Dairy","Cereal","Cereal","Market Basket ","Market Basket Orignal Frosted Shredded Wheat Bite Size Lightly Sweetened Whole Grain Wheat Creal ","049705005460","Market Basket Orignal Frosted Shredded Wheat Bite Size Lightly Sweetened Whole Grain Wheat Creal ","2.5","0.0","Market Basket","18 oz","18 oz","X3337.jpg","","5"
"33882","Condiments & Dressings","Pickled Goods & Olives","Pickled Goods & Olives","Pastene","Pastene Pino Nuts Pignoli ","066086140900","Pastene Pino Nuts Pignoli ","4.99","0.0","Market Basket","2 oz","2 oz","X2319.jpg","","2"
"34824","Breakfast & Dairy","Granola & Oats","Cup Oatmeal","Think!","Think! Peanut Butter Honey","753656711911","Think! Peanut Butter Honey","1.88","0.0","Market Basket","1.76 oz","1.76 oz","X3627.jpg","","5"
"4110","Meat & Seafood","Meat & Seafood Counter","Chicken","Harvestland","Harvestland Ground Chicken","","Harvestland Ground Chicken","4.89","0.0","Market Basket","1 lb","1 lb","4059.jpg","","22"
"30955","Condiments & Dressings","Salad Dressings & Toppings","Salad Dressing & Toppings","Christe's ","Christe's Greek Dressing ","073557150016","Christe's Greek Dressing ","2.49","0.0","Market Basket","9 fl oz","9 fl oz","X158.jpg","","2"
"7622","Cooking Needs","Canned Food","Canned Fruit & Applesauce","Del Monte","Del Monte No Sugar Added Sliced Peaches","","Del Monte No Sugar Added Sliced Peaches","1.59","0.0","Market Basket","14.5 oz","14.5 oz","4906.jpg","","3"
"35026","Cooking Needs","Rice & Grains","Grains, Rice & Dried Goods","Vigo","Vigo Classic Cilantro Lime Rice Fresh & Zesty flavor","071072019221","Vigo Classic Cilantro Lime Rice Fresh & Zesty flavor","2.99","0.0","Market Basket","8 oz","8 oz","X1117.jpg","","4"
"33975","Breakfast & Dairy","Breads & Rolls","Bread","Pepperidge Farm","Pepperidge Farm White Sandwich Bread","014100071143","Pepperidge Farm White Sandwich Bread","4.74","0.0","Market Basket","16 oz","16 oz","X2542.jpg","","18"
"32596","Beverages & Juices","Tea, Coffee, Milk & Coconut Water","Tea","Lipton","Lipton Diet Green Tea Mixed Berry","012000017117","Lipton Diet Green Tea Mixed Berry","6.24","0.0","Market Basket","12 x 16.9 fl oz","12 x 16.9 fl oz","X3031.jpg","","10"
"32925","Breakfast & Dairy","Dairy & Eggs","Yogurt","Market Basket","Market Basket Greek Nonfat Yogurt Pineapple ","","Market Basket Greek Nonfat Yogurt Pineapple ","3.75","0.0","Market Basket","5.3 oz","5.3 oz","X563.jpg","","1"
"31498","Pasta & Sauces","Pasta Sauce","Pasta Sauce","Gerardo's Trattoria Amalfi","Gerardo's Trattoria Amalfi Pasta Sauce Fradiavolo","865951000345","Gerardo's Trattoria Amalfi Pasta Sauce Fradiavolo","8.74","0.0","Market Basket","24 oz","24 oz","X1501.jpg","","4"
"496","Laundry & Paper Goods","Laundry","Laundry Detergent","Tide","Tide Detergent Original 64 Loads","","Tide Detergent Original 64 Loads","14.99","1.0","Market Basket","92 fl oz","92 fl oz","No Image.jpg","","15"
"14424","Breakfast & Dairy","Tea & Coffee","Coffee","Melitta","Melitta Cafe de Europa Classique Supreme Medium Roast Ground Coffee","","Melitta Cafe de Europa Classique Supreme Medium Roast Ground Coffee","6.09","0.0","Market Basket","11 oz","11 oz","16276.jpg","","8"
"5803","Breakfast & Dairy","Bars & Pastries","Protien Bars","Power Crunch","Power Crunch Protein Energy Bar Original Peanut Butter Creme","","Power Crunch Protein Energy Bar Original Peanut Butter Creme","1.87","0.0","Market Basket","1.4 oz","1.4 oz","15252.jpg","","3"
"7458","Cooking Needs","Canned Food","Canned & Jarred Vegetables","Goya","Goya Tomato Sauce","","Goya Tomato Sauce","1.29","0.0","Market Basket","8 oz","8 oz","5044.jpg","","9"
"33642","Beverages & Juices","Juices & Refrigerated Drinks","Juice & Nectars","Northland","Northland Cranberry Raspberry 100% Juice No Sugar Added","753792002041","Northland Cranberry Raspberry 100% Juice No Sugar Added","3.74","0.0","Market Basket","64 fl oz","64 fl oz","X2791.jpg","","10"
"33754","Meat & Seafood","Packaged Meat & Seafood","Hot Dogs & Franks","Oscar Mayer ","Oscar Mayer Ungus Beef Uncured Beef Franks ","","Oscar Mayer Ungus Beef Uncured Beef Franks ","4.36","0.0","Market Basket","14 oz","14 oz","X4580.jpg","","1"
"10107","Frozen Food","Ice Cream & Ice","Ice Cream & Ice","Hood","Hood Mint Chocolate Chip Ice Cream","","Hood Mint Chocolate Chip Ice Cream","3.69","0.0","Market Basket","1.5 quart","1.5 quart","3105.jpg","","21"
"35347","Richardson's Farm Ice Cream","Sherbet & Sorbet","Raspberry","Richarson's Farm","Richarson's Farm Raspberry Sorbet","","Dairy free and Fat free Sorbet, made with real fruit","23.99","0.0","Richardson's Farm","3 Gal. Tub","3 Gal. Tub","RichardsonsFarm.jpg","",""
"7631","Cooking Needs","Canned Food","Canned Fruit & Applesauce","Dole","Dole Pineapple Chunks","","Dole Pineapple Chunks","3.09","0.0","Market Basket","23.5 oz","23.5 oz","4929.jpg","","3"
"6007","Beverages & Juices","Energy & Sports Drinks","Energy & Sports Drinks","Monster","Monster Energy Zero Ultra","","Monster Energy Zero Ultra","2.49","0.0","Market Basket","16 fl oz","16 fl oz","No Image.jpg","","17"
"34108","Breakfast & Dairy","Cereal","Cereal","Post ","Post Large Size Oats of Honey Bunches Cereal with Almonds","884912014276","Post Large Size Oats of Honey Bunches Cereal with Almonds","4.36","0.0","Market Basket","18 oz","18 oz","X3318.jpg","","5"
"15001","Personal Care","First Aid & Healthcare","Muscles, Joints & Pain Relief","Topcare","TopCare Athlete's Foot Antifungal Clotrimazole Usp 1% Cream","","TopCare Athlete's Foot Antifungal Clotrimazole Usp 1% Cream","5.62","1.0","Market Basket","0.5 oz","0.5 oz","6638.jpg","","13"
"34609","Cooking Needs","Oils & Vinegars","Oils & Vinegars","Spectrum","Spectrum Culinary Organic Coconut Oil Expeller Pressed Refind Miumed High Heat ","022056135604","Spectrum Culinary Organic Coconut Oil Expeller Pressed Refind Miumed High Heat ","16.24","0.0","Market Basket","16.9 fl oz","16.9 fl oz","X1977.jpg","","2"
"35027","Cooking Needs","Rice & Grains","Grains, Rice & Dried Goods","Vigo","Vigo Authentic Black Beans & Rice ","071072012949","Vigo Authentic Black Beans & Rice ","2.99","0.0","Market Basket","8 oz","8 oz","X1128.jpg","","4"
"31764","Beverages & Juices","Juices & Refrigerated Drinks","Juice & Nectars","Honest","Honest Kids Organic Super Fruit Punch","657622011848","Honest Kids Organic Super Fruit Punch","3.74","0.0","Market Basket","8 x 6 fl oz","8 x 6 fl oz","X3101.jpg","","10"
"34875","Pasta & Sauces","Raw Pasta","Raw Pasta","Tinkyada","Tinkyada Pasta Brown Rice Pasta Penne","621683921156","Tinkyada Pasta Brown Rice Pasta Penne","4.61","0.0","Market Basket","16 oz","16 oz","X1566.jpg","","4"
"31677","Frozen Food","Frozen Dinners & Entrees","Frozen Meal","Healthy Choice","Healthy Choice Power Bowls White Bean & Feta Salad","072655000759","Healthy Choice Power Bowls White Bean & Feta Salad","4.36","0.0","Market Basket","9.9 oz","9.9 oz","X4091.jpg","","18"
"34313","Pasta & Sauces","Pasta Sauce","Pasta Sauce","Rao's","Rao's Roasted Garlic Homemade Pasta Sauce All Natural Premium","747479001557","Rao's Roasted Garlic Homemade Pasta Sauce All Natural Premium","6.24","0.0","Market Basket","24 oz","24 oz","X1538.jpg","","4"
"32157","Frozen Food","Frozen Breakfast","Frozen Waffles","Kellogg's ","Kellogg's Eggo Minis Cinnamon Toast ","038000404405","Kellogg's Eggo Minis Cinnamon Toast ","2.99","0.0","Market Basket","10.75 oz","10.75 oz","X5024.jpg","","19"
"307","Kitchen & Cleaning","Food Storage & Kitchen Supplies","Pie Pans","Hefty","Hefty Ez Foil Pie Pans","","Hefty Ez Foil Pie Pans","1.89","1.0","Market Basket","3 count","3 count","16856.jpg","","12"
"5676","Chips, Cookies & Snacks","Candy & Chocolates","Mint & Gum","Trident","Trident Sugar Free Gum Perfect Peppermint Flavored","","Trident Sugar Free Gum Perfect Peppermint Flavored","3.09","0.0","Market Basket","3 x ct","3 x ct","1482.jpg","","3"
"35306","Richardson's Farm Ice Cream","Ice Cream","Coffee","Richarson's Farm","Richarson's Farm Coffee Oreo Ice Cream 16% Butterfat","","Coffee ice cream with Oreo Cookies","7.99","0.0","Richardson's Farm","1-2 Gal. Container","1-2 Gal. Container","RichardsonsFarm.jpg","",""
"8784","Condiments & Dressings","Preserved Dips & Spreads","Preserved Dips & Salsa","Trappist","Trappist Damson Plum Jam","","Trappist Damson Plum Jam","3.69","0.0","Market Basket","12 oz","12 oz","15604.jpg","","3"
"9026","Condiments & Dressings","Preserved Dips & Spreads","Spreads","Polaner","Polaner All Fruit Spreadable Fruit Concord Grape","","Polaner All Fruit Spreadable Fruit Concord Grape","2.49","0.0","Market Basket","10 oz","10 oz","1674.jpg","","3"
"5030","Chips, Cookies & Snacks","Cookies & Crackers","Cookies & Cakes","Annie's Homegrown","Annie's Homegrown Bunny Grahams, Chocolate, Graham Snacks","","Annie's Homegrown Bunny Grahams, Chocolate, Graham Snacks","4.69","0.0","Market Basket","7.5 oz","7.5 oz","15066.jpg","","6"
"34319","Pasta & Sauces","Raw Pasta","Raw Pasta","Rao's","Rao's Homemade Pasta Penne Rigate","747479100069","Rao's Homemade Pasta Penne Rigate","2.5","0.0","Market Basket","16 oz","16 oz","X1549.jpg","","4"
"32274","Condiments & Dressings","Salad Dressings & Toppings","Salad Dressing & Toppings","Ken's Steak House","Ken's Seak House Lite Raspberry Walnut Vinaigrette Dressing ","041335001270","Ken's Seak House Lite Raspberry Walnut Vinaigrette Dressing ","3.49","0.0","Market Basket","16 fl oz","16 fl oz","X442.jpg","","2"
"6427","Chips, Cookies & Snacks","Nuts, Seeds & Dried Fruit","Nuts, Seeds & Dried Fruit","Ocean Spray","Ocean Spray Dried Cranberries","","Ocean Spray Dried Cranberries","2.49","0.0","Market Basket","5 oz","5 oz","1415.jpg","","6"
"30224","Cooking Needs","Canned Food","Baked Beans","B&M","B&M Brick Oven Baked Vegetarain Baked Beans With Molasses & Spices","","B&M Brick Oven Baked Vegetarain Baked Beans With Molasses & Spices","2.11","0.0","Market Basket","28 oz","28 oz","X1839.jpg","","2"
"3720","Fresh Produce","Fresh Fruits","Strawberries","Driscoll's","Driscoll's Strawberries","","Driscoll's Strawberries","12.46","0.0","Market Basket","32 oz container","32 oz container","4.jpg","","20"
"9983","Frozen Food","Ice Cream & Ice","Ice Cream & Ice","Breyer's","Breyers Ice Cream Natural Strawberry","","Breyers Ice Cream Natural Strawberry","4.79","0.0","Market Basket","48 oz","48 oz","18025.jpg","","21"
"30835","Cooking Needs","Rice & Grains","Rice","Carolina ","Carolina Jasmine Thai Fragrant Long Grain Rice","017400102357","Carolina Jasmine Thai Fragrant Long Grain Rice","3.49","0.0","Market Basket","32 oz","32 oz","X1039.jpg","","4"
"12883","Breakfast & Dairy","Breads & Rolls","Bagels","York","Zeppy's Bagels New York Style Sesame Seed","","Zeppy's Bagels New York Style Sesame Seed","3.29","0.0","Market Basket","22 oz","22 oz","4876.jpg","","18"
"317","Kitchen & Cleaning","Food Storage & Kitchen Supplies","Roaster Pans","Hefty","Hefty Ez Foil 16 7/8 x 12 11/16 x 3 1/16"" Crown Oval Roaster Pan with Handles","","Hefty Ez Foil 16 7/8 x 12 11/16 x 3 1/16"" Crown Oval Roaster Pan with Handles","3.69","1.0","Market Basket","1 count","1 count","4459.jpg","","12"
"30690","Breakfast & Dairy","Dairy & Eggs","Yogurt","Brown Cow ","Brown Cow Whole Milk Yogurt Vanilla ","","Brown Cow Whole Milk Yogurt Vanilla ","6.24","0.0","Market Basket","32 oz","32 oz","X85.jpg","","1"
"5143","Chips, Cookies & Snacks","Cookies & Crackers","Cookies & Cakes","belVita","belVita Snack Packs 12 Packs 6 Packs Blueberry 3 Packs Chocolate 3 Packs Cinnamon Brown Sugar","","belVita Snack Packs 12 Packs 6 Packs Blueberry 3 Packs Chocolate 3 Packs Cinnamon Brown Sugar","6.23","0.0","Market Basket","12 oz","12 oz","No Image.jpg","","6"
"6893","Cooking Needs","Baking & Cooking","Baking Ingredients","Market Basket","Market Basket Sweetened Condensed Milk","","Market Basket Sweetened Condensed Milk","2.19","0.0","Market Basket","14 oz","14 oz","Market Basket.jpg","","8"
"5989","Beverages & Juices","Cocoa & Drink Mixes","Cocoa & Drink Mixes","Master of Mixes","Master of Mixes Loaded Bloody Mary Mixer","","Master of Mixes Loaded Bloody Mary Mixer","7.49","0.0","Market Basket","1.75 L","1.75 L","No Image.jpg","","17"
"32992","Pasta & Sauces","Pasta Sauce","Pasta Sauce","Market Basket","Market Basket Pasta Sauce Flavoured with Meat","049705034903","Market Basket Pasta Sauce Flavoured with Meat","1.88","0.0","Market Basket","24 oz","24 oz","X1457.jpg","","4"
"33066","Breakfast & Dairy","Cereal","Cereal","Market Basket ","Market Basket Frosted Shredded Wheat Bite Size Lightly Sweetened Whole Grain Weat Cereal Strawberry","049705005583","Market Basket Frosted Shredded Wheat Bite Size Lightly Sweetened Whole Grain Weat Cereal Strawberry","2.5","0.0","Market Basket","16.3 oz","16.3 oz","X3333.jpg","","5"
"33142","Condiments & Dressings","Pickled Goods & Olives","Pickles","Market Basket ","Market Basket Sweet Bread & Butter Chips ","049705018729","Market Basket Sweet Bread & Butter Chips ","2.5","0.0","Market Basket","24 fl oz","24 fl oz","X3286.jpg","","2"
"10174","Frozen Food","Ice Cream & Ice","Ice Cream & Ice","Market Basket","Market Basket Sugar Cones","","Market Basket Sugar Cones","1.59","0.0","Market Basket","1 ct","1 ct","Market Basket.jpg","","21"
"391","Laundry & Paper Goods","Laundry","Laundry Detergent","Arm & Hammer","Arm & Hammer Laundry Detergent Liquid Clean Burst","","Arm & Hammer Laundry Detergent Liquid Clean Burst","4.99","1.0","Market Basket","50 fl oz","50 fl oz","4563.jpg","","15"
"33629","Breakfast & Dairy","Dairy & Eggs","Yogurt","Noosa ","Noosa Cookies & cream ","","Noosa Cookies & cream ","2.5","0.0","Market Basket","8 oz","8 oz","X677.jpg","","1"
"5383","Chips, Cookies & Snacks","Cookies & Crackers","Crackers","Simple Mills","Simple Mills Almond Flour Crackers Fine Ground Sea Salt","","Simple Mills Almond Flour Crackers Fine Ground Sea Salt","6.23","0.0","Market Basket","4.25 oz","4.25 oz","No Image.jpg","","6"
"34601","Cooking Needs","Oils & Vinegars","Oils & Vinegars","Spectrum","Spectrum Culinary Partners In Cooking Organic All-Vegetable Shortening ","022506102606","Spectrum Culinary Partners In Cooking Organic All-Vegetable Shortening ","4.99","0.0","Market Basket","24 oz","24 oz","X1939.jpg","","2"
"32480","Beverages & Juices","Juices & Refrigerated Drinks","Juice & Nectars","Langers","Langers Strawberry Watermelon Juice Cocktail from Concentrate","041755006138","Langers Strawberry Watermelon Juice Cocktail from Concentrate","2.35","0.0","Market Basket","64 fl oz","64 fl oz","X2856.jpg","","10"
"5184","Chips, Cookies & Snacks","Cookies & Crackers","Crackers","Keebler","Keebler Sandwich Crackers Toast and Peanut Butter","","Keebler Sandwich Crackers Toast and Peanut Butter","3.91","0.0","Market Basket","11 oz","11 oz","1188.jpg","","6"
"433","Kitchen & Cleaning","Trash Bags & Liners","Tall Trash Bags","Essential Everyday","Essential Everyday Flap Top Tall Kitchen Trash Bags","","Essential Everyday Flap Top Tall Kitchen Trash Bags","7.39","1.0","Market Basket","96 x 13 gal","96 x 13 gal","4690.jpg","","12"
"3819","Fresh Produce","Fresh Organic Vegetables","Cucumber","Market Basket","Organic English Cucumber","","Organic English Cucumber","4.24","0.0","Market Basket","1 count","1 count","14406.jpg","","20"
"249","Kitchen & Cleaning","Dish Detergents","Dish Liquid","Palmolive","Palmolive Ultra Ultra Strength Dish Liquid","","Palmolive Ultra Ultra Strength Dish Liquid","1.59","1.0","Market Basket","20 fl oz","20 fl oz","4353.jpg","","15"
"32956","Condiments & Dressings","Preserved Dips & Spreads","Spreads","Market Basket","Market Basket Creamy Peanut Butter Gluten Free Vegan Usa Grown","","Market Basket Creamy Peanut Butter Gluten Free Vegan Usa Grown","2.5","0.0","Market Basket","28 oz","28 oz","X534.jpg","","3"
"33102","Cooking Needs","Oils & Vinegars","Oils & Vinegars","Market Basket ","Market Basket Naturally Cholosterol Free Canola Oil ","049705042014","Market Basket Naturally Cholosterol Free Canola Oil ","4.36","0.0","Market Basket","32 fl oz","32 fl oz","X1917.jpg","","2"
"7753","Cooking Needs","Canned Food","Canned Meals & Beans","Goya","Goya Pinto Beans","","Goya Pinto Beans","0.99","0.0","Market Basket","15.5 oz","15.5 oz","5100.jpg","","7"
"566","Laundry & Paper Goods","Laundry","Laundry Detergent","Persil","Persil ProCLean Original Detergent Deep Clean 64 Loads","","Persil ProCLean Original Detergent Deep Clean 64 Loads","15.61","1.0","Market Basket","100 fl oz","100 fl oz","No Image.jpg","","15"
"13518","Breakfast & Dairy","Dairy & Eggs","Milk","Natrel","Natrel 2% Milk Fat","","Natrel 2% Milk Fat","2.49","0.0","Market Basket","1 count","1 count","14724.jpg","","1"
"5923","Beverages & Juices","Tea, Coffee, Milk & Coconut Water","Single To-Go Coffee","Forto","Forto Energy Coffee Organic Chocolate Latte","","Forto Energy Coffee Organic Chocolate Latte","2.5","0.0","Market Basket","11 fl oz","11 fl oz","No Image.jpg","","17"
"32905","Breakfast & Dairy","Dairy & Eggs","Parmesan Cheese","Market Basket","Market Basket Parmesan Shredded Cheese ","049705034118","Market Basket Parmesan Shredded Cheese ","3.13","0.0","Market Basket","7 oz","7 oz","X1266.jpg","","4"
"4186","Meat & Seafood","Packaged Meat & Seafood","Chicken","Market Basket","Market Basket Organic Chicken Stock","","Market Basket Organic Chicken Stock","1.29","0.0","Market Basket","1 pack","1 pack","Market Basket.jpg","","9"
"7963","Cooking Needs","Canned Food","Soup, Broth & Bouillon","Campbell's","Campbell's Condensed Campbell's Condensed Healthy Request Homestyle Chicken Noodle Soup","","Campbell's Condensed Campbell's Condensed Healthy Request Homestyle Chicken Noodle Soup","2.09","0.0","Market Basket","10.5 oz","10.5 oz","5320.jpg","","9"
"5461","Chips, Cookies & Snacks","Candy & Chocolates","Candy & Chocolate","Hershey's","Hershey's Miniatures Valentines Assortment","","Hershey's Miniatures Valentines Assortment","3.69","0.0","Market Basket","11 oz","11 oz","998.jpg","","3"
"5091","Chips, Cookies & Snacks","Cookies & Crackers","Cookies & Cakes","Nabisco","Nabisco Nutter Butter 18 Packs 2 Cookies Per Pack","","Nabisco Nutter Butter 18 Packs 2 Cookies Per Pack","6.23","0.0","Market Basket","15.75 oz","15.75 oz","No Image.jpg","","6"
"15331","Personal Care","Vitamins & Proteins","Vitamins & Supplements","Nature Made","Nature Made CoQ10 100 mg Softgels Value Size","","Nature Made CoQ10 100 mg Softgels Value Size","42.08","1.0","Market Basket","72 count","72 count","18191.jpg","","13"
"15194","Personal Care","Personal Needs","Oral Hygiene","Crest","Crest Pro-Health Mouthwash, Alcohol Free, Clean Mint Multi-Protection","","Crest Pro-Health Mouthwash, Alcohol Free, Clean Mint Multi-Protection","8.5","1.0","Market Basket","1 L","1 L","6407.jpg","","13"
"214","Kitchen & Cleaning","Cleaning Products","Toilet Bowl Cleaner","Lysol","Lysol Bleach Toilet Bowl Cleaner","","Lysol Bleach Toilet Bowl Cleaner","4.29","1.0","Market Basket","2 x 24 fl oz","2 x 24 fl oz","4252.jpg","","15"
"34648","Frozen Food","Frozen Dinners & Entrees","Frozen Meal","Stouffer's ","Stouffer's Tuna Noodle Casserole","013800447883","Stouffer's Tuna Noodle Casserole","3.36","0.0","Market Basket","12 oz","12 oz","X4262.jpg","","18"
"13504","Breakfast & Dairy","Dairy & Eggs","Milk","Market Basket","Market Basket Organic Skim Milk","","Market Basket Organic Skim Milk","4.29","0.0","Market Basket","0.5 gal","0.5 gal","481.jpg","","1"
"83","Kitchen & Cleaning","Air Fresheners & Candles","Scented Oil Refill","Air Wick","Air Wick Snuggle Scented Oil Refills Fresh Linen","","Air Wick Snuggle Scented Oil Refills Fresh Linen","7.99","1.0","Market Basket","3 x 0.67 fl oz","3 x 0.67 fl oz","4202.jpg","","15"
"6973","Cooking Needs","Baking & Cooking","Doughs, Gelatins & Bake Mixes","Jell-O","Jell o Instant Devil's Food Pudding & Pie Filling Mix","","Jell o Instant Devil's Food Pudding & Pie Filling Mix","1.09","0.0","Market Basket","3.8 oz","3.8 oz","2048.jpg","","8"
"32282","Condiments & Dressings","Salad Dressings & Toppings","Salad Dressing & Toppings","Ken's Steak House","Ken's Seak House Russian Dressing ","014335000150","Ken's Seak House Russian Dressing ","1.25","0.0","Market Basket","16 fl oz","16 fl oz","X450.jpg","","2"
"10416","Cooking Needs","Canned Food","Canned Food","Goya","Goya Medium Grain Rice","","Goya Medium Grain Rice","18.29","0.0","Market Basket","20 lb","20 lb","5826.jpg","","7"
"481","Laundry & Paper Goods","Laundry","Laundry Detergent","Purex Liquid Detergents","Purex Concentrated Detergent After the Rain 115 loads","","Purex Concentrated Detergent After the Rain 115 loads","9.99","1.0","Market Basket","150 fl oz","150 fl oz","No Image.jpg","","15"
"9911","Frozen Food","Frozen Dinners & Entrees","Frozen Vegan & Vegetarian","Franklin Farms","Franklin Farms Original Veggie Burger","","Franklin Farms Original Veggie Burger","4.79","0.0","Market Basket","4 x 10 oz","4 x 10 oz","16061.jpg","","1"
"6066","Beverages & Juices","Ginger Ale & Ginger Beer","Ginger Ale","Canada Dry","Canada Dry Ginger Ale","","Canada Dry Ginger Ale","1.24","0.0","Market Basket","2 L","2 L","16560.jpg","","17"
"33546","Breakfast & Dairy","Cereal","Cereal","Nature's Path ","Nature's Path Orignal Qi'a Cocoa Coconut Superflakes","058449161103","Nature's Path Orignal Qi'a Cocoa Coconut Superflakes","4.99","0.0","Market Basket","10 oz","10 oz","X3704.jpg","","5"
"31692","Condiments & Dressings","Marinades, Ketchup & Sauces","Ketchup","Heinz ","Heinz est 1869 Mayochup Saucy Sauce ","013000013093","Heinz est 1869 Mayochup Saucy Sauce ","3.74","0.0","Market Basket","12 fl oz","12 fl oz","X2121.jpg","","2"
"14989","Personal Care","First Aid & Healthcare","Muscles, Joints & Pain Relief","Bayer","Bayer Asprin Regimen Pain Reliever Low Dose Chewable Tablets Orange","","Bayer Asprin Regimen Pain Reliever Low Dose Chewable Tablets Orange","4.24","1.0","Market Basket","36 count","36 count","6634.jpg","","13"
"12901","Breakfast & Dairy","Breads & Rolls","Rolls","Kasanof's","Kasanof's Onion Rolls 6 CT","","Kasanof's Onion Rolls 6 CT","4.79","0.0","Market Basket","14 oz","14 oz","17039.jpg","","22"
"3470","Fresh Produce","Fresh Fruits","Pomegranate","Market Basket","Fresh Pomegranate","","Fresh Pomegranate","4.39","0.0","Market Basket","1 count","1 count","f55.jpg","","20"
"14784","Personal Care","Body Wash, Soap & Hair Care","Hair Care","Scunci","Scunci U Got This All Day Hold Medium","","Scunci U Got This All Day Hold Medium","3.55","1.0","Market Basket","18 count","18 count","6614.jpg","","13"
"13848","Breakfast & Dairy","Dairy & Eggs","Refrigerated Pudding & Desserts","Snack Pack","Snack Pack Juicy Gels Strawberry And Orange","","Snack Pack Juicy Gels Strawberry And Orange","1.49","0.0","Market Basket","4 x 3.25 oz","4 x 3.25 oz","806.jpg","","19"
"34862","Frozen Food","Frozen Breakfast","Frozen Burrito","Tina's","Tina's Loaded Breakfast Burrito Egg Sausage and Cheddar Cheese","079606020446","Tina's Loaded Breakfast Burrito Egg Sausage and Cheddar Cheese","2.5","0.0","Market Basket","8 oz","8 oz","X4823.jpg","","19"
"33634","Meat & Seafood","Packaged Meat & Seafood","Bacon","North Country ","North Country Applewood Smoked Delicatessen Franks With Maple Cured Bacon ","","North Country Applewood Smoked Delicatessen Franks With Maple Cured Bacon ","8.74","0.0","Market Basket","16 oz","16 oz","X4637.jpg","","1"
"7598","Cooking Needs","Canned Food","Canned & Jarred Vegetables","Spice World","Spice World Garlic Minced","","Spice World Garlic Minced","4.89","0.0","Market Basket","32 oz","32 oz","17086.jpg","","9"
"9178","Frozen Food","Frozen Dinners & Entrees","Frozen Appetizers & Sides","Ore-Ida","Ore Ida Seasoned Shredded Potatoes","","Ore Ida Seasoned Shredded Potatoes","3.59","0.0","Market Basket","1 lb","1 lb","2573.jpg","","19"
"13828","Breakfast & Dairy","Dairy & Eggs","Refrigerated Pudding & Desserts","Jell-O","Jell O Ready to Eat Orange Sugar Free Gelatin","","Jell O Ready to Eat Orange Sugar Free Gelatin","3.09","0.0","Market Basket","4 x 3.125 oz","4 x 3.125 oz","793.jpg","","19"
"35147","Condiments & Dressings","Salad Dressings & Toppings","Salad Dressing & Toppings","Wish Bone","Wish Bone Graden Herb VinaigretteDressing Made With An Avocado Oil Blend","041321007132","Wish Bone Graden Herb VinaigretteDressing Made With An Avocado Oil Blend","2.5","0.0","Market Basket","15 fl oz","15 fl oz","X918.jpg","","2"
"34962","Beverages & Juices","Juices & Refrigerated Drinks","Juice & Nectars","V8","V8 Splash Diet Tropical Blend Juice","051000144263","V8 Splash Diet Tropical Blend Juice","2.5","0.0","Market Basket","64 fl oz","64 fl oz","X2926.jpg","","10"
"34031","Cooking Needs","Canned Food","Canned Tomatoes","Pine Cone","Pine Cone Whole Peeled Tomatoes","860002954936","Pine Cone Whole Peeled Tomatoes","0.83","0.0","Market Basket","14.5 oz","14.5 oz","X1363.jpg","","4"
"7597","Cooking Needs","Canned Food","Canned & Jarred Vegetables","Spice World","Spice World Garlic Minced","","Spice World Garlic Minced","1.59","0.0","Market Basket","4.5 oz container","4.5 oz container","14469.jpg","","20"
"13829","Breakfast & Dairy","Dairy & Eggs","Refrigerated Pudding & Desserts","Jell-O","Jell O Ready to Eat Raspberry Gelatin","","Jell O Ready to Eat Raspberry Gelatin","3.09","0.0","Market Basket","4 x 3.375 oz","4 x 3.375 oz","804.jpg","","19"
"30120","Condiments & Dressings","Salad Dressings & Toppings","Salad Dressing & Toppings","Annie's ","Annie's Balsamic Vinaigrette","","Annie's Balsamic Vinaigrette","4.99","0.0","Market Basket","8 fl oz","8 fl oz","X23.jpg","","2"
"32776","Beverages & Juices","Juices & Refrigerated Drinks","Juice & Nectars","Market Basket","Market Basket Apple Juice 100% Juice from Concentrate","049705061398","Market Basket Apple Juice 100% Juice from Concentrate","2.49","0.0","Market Basket","64 fl oz","64 fl oz","X2878.jpg","","10"
"32898","Breakfast & Dairy","Dairy & Eggs","Cottage Cheese","Market Basket","Market Basket FAT FREE Cottage Cheese With Chive and toasted onions","","Market Basket FAT FREE Cottage Cheese With Chive and toasted onions","2.11","0.0","Market Basket","16 oz","16 oz","X575.jpg","","1"
"4012","Fresh Produce","Fresh Vegetables","Sweet Potato","Farm Pak","Farm Pak Sweet Potatoes, Net","","Farm Pak Sweet Potatoes, Net","3.21","0.0","Market Basket","5 lb","5 lb","47.jpg","","20"
"32604","Chips, Cookies & Snacks","Candy & Chocolates","Candy & Chocolate","Loacker","Loaker Specialty Napolitaner ","","Loaker Specialty Napolitaner ","1.25","0.0","Market Basket","1.9 oz","1.9 oz","X489.jpg","","3"
"9952","Frozen Food","Ice Cream & Ice","Ice Cream & Ice","Ben & Jerry's","Ben & Jerry's Ice Cream Peanut Butter Cup","","Ben & Jerry's Ice Cream Peanut Butter Cup","4.29","0.0","Market Basket","1 pint","1 pint","17996.jpg","","21"
"31482","Breakfast & Dairy","Cereal","Cereal","General Mills","General Mills Chocolate Peanut Butter Cheerios Large Size","016000163669","General Mills Chocolate Peanut Butter Cheerios Large Size","4.38","0.0","Market Basket","14.2 oz","14.2 oz","X3459.jpg","","5"
"628","Laundry & Paper Goods","Paper Goods","Wipes","Market Basket","Market Basket Flushable Moist Wipes","","Market Basket Flushable Moist Wipes","3.11","1.0","Market Basket","1 unit","1 unit","Market Basket.jpg","","14"
"33998","Breakfast & Dairy","Breads & Rolls","Swirl Bread","Pepperidge Farm","Pepperidge Farm Swirl Raisin Cinnamon Bread","014100071112","Pepperidge Farm Swirl Raisin Cinnamon Bread","3.74","0.0","Market Basket","16 oz","16 oz","X2622.jpg","","18"
"33964","Breakfast & Dairy","Breads & Rolls","Bread","Pepperidge Farm","Pepperidge Farm Farmhouse Butter Bread","014100049555","Pepperidge Farm Farmhouse Butter Bread","4.99","0.0","Market Basket","22 oz","22 oz","X2531.jpg","","18"
"32701","Breakfast & Dairy","Pancake & Waffle Mix","Pancake & Waffle Mix","Maple Grove Farms","Maple Grove Farms Butter Milk and Honey Pancake and Waffle Mix","074683000084","Maple Grove Farms Butter Milk and Honey Pancake and Waffle Mix","4.99","0.0","Market Basket","24 oz","24 oz","X3170.jpg","","2"
"30269","Frozen Food","Frozen Dinners & Entrees","Frozen Meal","Banquet","Banquet Mega Bowls, Kung Pao Chicken","031000126872","Banquet Mega Bowls, Kung Pao Chicken","3.13","0.0","Market Basket","13.5 oz","13.5 oz","X4033.jpg","","18"
"31828","Condiments & Dressings","Pickled Goods & Olives","Pickled Goods & Olives","Howard's ","Howard's Ham Glaze Never bake a ham without it with real pineapple ","070305005123","Howard's Ham Glaze Never bake a ham without it with real pineapple ","3.13","0.0","Market Basket","64 oz","64 oz","X2229.jpg","","2"
"34385","Cooking Needs","Rice & Grains","Grains, Rice & Dried Goods","Rice Select","Rice Select BrownTexmati Signature Variety American Style Basmati Rice Gluten Free","074401310419","Rice Select BrownTexmati Signature Variety American Style Basmati Rice Gluten Free","7.49","0.0","Market Basket","32 oz","32 oz","X1119.jpg","","4"
"6525","Chips, Cookies & Snacks","Nuts, Seeds & Dried Fruit","Nuts, Seeds & Dried Fruit","Sunmaid","Sunmaid Pitted Dates","","Sunmaid Pitted Dates","3.36","0.0","Market Basket","8 oz","8 oz","No Image.jpg","","6"
"14636","Breakfast & Dairy","Tea & Coffee","Tea","Twinings","Twinings of London Black Tea Variety Pack","","Twinings of London Black Tea Variety Pack","3.69","0.0","Market Basket","20 count","20 count","3435.jpg","","8"
"7279","Cooking Needs","Spices & Seasonings","Spices & Seasonings","McCormick","McCormick GourmetÃ¢âÂ¢ All Natural Ground Savory","","McCormick GourmetÃ¢âÂ¢ All Natural Ground Savory","4.89","0.0","Market Basket","3 x 1.37 oz","3 x 1.37 oz","2203.jpg","","9"
"4902","Chips, Cookies & Snacks","Chips & Fruit Snacks","Chips & Pretzels","Pringles","Pringles Original Potato Crisps","","Pringles Original Potato Crisps","2.08","0.0","Market Basket","5.5 oz","5.5 oz","973.jpg","","0"
"32712","Condiments & Dressings","Salad Dressings & Toppings","Dressing","Maple Grove Farms","Maple Grove Frams of Vermont Fat Free Lime Basil Dressing ","","Maple Grove Frams of Vermont Fat Free Lime Basil Dressing ","3.11","0.0","Market Basket","8 fl oz","8 fl oz","X1719.jpg","","2"
"30487","Cooking Needs","Rice & Grains","Grains, Rice & Dried Goods","Bob's Red Mill","Bob's Red Mill Organic Whole FlaxSeed Gluten Free","039978034205","Bob's Red Mill Organic Whole FlaxSeed Gluten Free","2.49","0.0","Market Basket","13 oz","13 oz","X1075.jpg","","4"
"7998","Cooking Needs","Canned Food","Soup, Broth & Bouillon","Emeril's","Emeril's Organic Chicken Stock","","Emeril's Organic Chicken Stock","3.09","0.0","Market Basket","32 oz","32 oz","17260.jpg","","2"
"8362","Condiments & Dressings","Honey, Syrup & Nectars","Honey","Gonsalves","Gonsalves Honey Orange Blossom","","Gonsalves Honey Orange Blossom","6.69","0.0","Market Basket","16 oz","16 oz","No Image.jpg","","3"
"8054","Cooking Needs","Canned Food","Soup, Broth & Bouillon","Market Basket","Market Basket Onion Recipe Dip And Soup Mix","","Market Basket Onion Recipe Dip And Soup Mix","1.29","0.0","Market Basket","2.75 oz","2.75 oz","Market Basket.jpg","","2"
"6180","Beverages & Juices","Soft Drinks & Seltzers","Soft Drinks","Pepsi","Pepsi Diet Wild Cherry Box of Cans","","Pepsi Diet Wild Cherry Box of Cans","4.38","0.0","Market Basket","12 x 12 fl oz","12 x 12 fl oz","3928.jpg","","17"
"33955","Breakfast & Dairy","Breads & Rolls","Bread","Pepperidge Farm","Pepperidge Farm Whole Grain Honey Wheat Bread","014100085973","Pepperidge Farm Whole Grain Honey Wheat Bread","5.36","0.0","Market Basket","24 oz","24 oz","X2522.jpg","","18"
"14849","Personal Care","Body Wash, Soap & Hair Care","Soap","Ivory","Ivory Bar Soap Original","","Ivory Bar Soap Original","1.83","1.0","Market Basket","3.1 oz","3.1 oz","6365.jpg","","13"
"6091","Beverages & Juices","Soft Drinks & Seltzers","Soft Drinks","Coca-Cola","Coca Cola Zero Sugar Box of Cans","","Coca Cola Zero Sugar Box of Cans","9.99","0.0","Market Basket","24 x 12 fl oz","24 x 12 fl oz","No Image.jpg","","17"
"30311","Pasta & Sauces","Pasta Sauce","Pasta Sauce","Barilla","Barilla Pasta Sauce Traditional with Savory Oregano and Basil","706010003031","Barilla Pasta Sauce Traditional with Savory Oregano and Basil","2.5","0.0","Market Basket","24 oz","24 oz","X1485.jpg","","4"
"30470","Breakfast & Dairy","Granola & Oats","Oats","Bob's Red Mill","Bobs Red Mill Gluten Free Scottish Oatmeal Gluten Free","039978013729","Bobs Red Mill Gluten Free Scottish Oatmeal Gluten Free","6.24","0.0","Market Basket","20 oz","20 oz","X3655.jpg","","5"
"32842","Breakfast & Dairy","Breads & Rolls","Bagels","Market Basket","Market Basket Deli Slims Multigrain","049705545584","Market Basket Deli Slims Multigrain","2.5","0.0","Market Basket","12 oz","12 oz","X2423.jpg","","18"
"30095","Pasta & Sauces","Gluten Free Pasta","Raw Pasta","Ancient Harvest","Ancient Harvest Organic Pasta Rotini Gluten Free","089125260001","Ancient Harvest Organic Pasta Rotini Gluten Free","3.74","0.0","Market Basket","8 oz","8 oz","X1571.jpg","","4"
"4095","Meat & Seafood","Packaged Meat & Seafood","Beef","Market Basket","Market Basket Certified Angus Beef Prime Boneless Rib Eye Steak","","Market Basket Certified Angus Beef Prime Boneless Rib Eye Steak","16.25","0.0","Market Basket","0.75 lb","0.75 lb","Market Basket.jpg","","22"
"13408","Breakfast & Dairy","Dairy & Eggs","Eggs","Eggland's Best","Eggland's Best Organic Cage Free Grade A Brown Eggs Large","","Eggland's Best Organic Cage Free Grade A Brown Eggs Large","3.61","0.0","Market Basket","12 count","12 count","595.jpg","","1"
"30569","Cooking Needs","Rice & Grains","Grains, Rice & Dried Goods","Bob's Red Mill","Bob's Red Mill Organic Whole Grain Tri-Color Quinoa ","039978019462","Bob's Red Mill Organic Whole Grain Tri-Color Quinoa ","7.49","0.0","Market Basket","13 oz","13 oz","X5277.jpg","","3"
"14491","Breakfast & Dairy","Tea & Coffee","Coffee","StarBucks","Starbucks Medium Roast Ground Coffee Ã¢â¬â Breakfast Blend Ã¢â¬â 100% Arabica","","Starbucks Medium Roast Ground Coffee Ã¢â¬â Breakfast Blend Ã¢â¬â 100% Arabica","9.79","0.0","Market Basket","12 oz","12 oz","3310.jpg","","8"
"9964","Frozen Food","Ice Cream & Ice","Ice Cream & Ice","Ben & Jerry's","Ben & Jerry's Non dairy Frozen Dessert Chocolate Fudge Brownie","","Ben & Jerry's Non dairy Frozen Dessert Chocolate Fudge Brownie","5.39","0.0","Market Basket","1 pint","1 pint","18028.jpg","","21"
"10198","Frozen Food","Ice Cream & Ice","Ice Cream & Ice","Popsicle","Popsicle Fudge Pops No Sugar Added","","Popsicle Fudge Pops No Sugar Added","1.89","0.0","Market Basket","8 count","8 count","3139.jpg","","21"
"33146","Condiments & Dressings","Pickled Goods & Olives","Pickles","Market Basket ","Market Basket Sweet Bread & Butter Chips ","049705018729","Market Basket Sweet Bread & Butter Chips ","2.5","0.0","Market Basket","24 fl oz","24 fl oz","X3299.jpg","","2"
"4542","Meat & Seafood","Lunch Meat","Other Meat","Domestic","Domestic Prosciutto","","Domestic Prosciutto","3.49","0.0","Market Basket","1 lb","1 lb","17276.jpg","","22"
"9866","Frozen Food","Frozen Produce","Frozen Produce","Market Basket","Market Basket Mixed Fruit","","Market Basket Mixed Fruit","4.59","0.0","Market Basket","32 oz container","32 oz container","Market Basket.jpg","","19"
"33835","Pasta & Sauces","Gluten Free Pasta","Pasta Sauce","Pastene","Pastene Italian Style White Clam Sauce with Chunks of Garlic and Onion Gluten Free","066086090359","Pastene Italian Style White Clam Sauce with Chunks of Garlic and Onion Gluten Free","3.13","0.0","Market Basket","15 oz","15 oz","X1407.jpg","","4"
"33929","Condiments & Dressings","Pickled Goods & Olives","Olives","Pearls ","Pearls Sliced Ripe Olives 100% Califonia Grown ","072999493439","Pearls Sliced Ripe Olives 100% Califonia Grown ","3.74","0.0","Market Basket","8 oz","8 oz","X2272.jpg","","2"
"32290","Condiments & Dressings","Marinades, Ketchup & Sauces","Sauce","Kikkoman ","Kikkoman Teriyaki Marinade & Sauce ","041390010354","Kikkoman Teriyaki Marinade & Sauce ","6.24","0.0","Market Basket","1.25 quart","1.25 quart","X5332.jpg","","3"
"33985","Breakfast & Dairy","Breads & Rolls","Buns","Pepperidge Farm","Pepperidge Farm 8 Sweet Hawain Hamburger Buns","014100048428","Pepperidge Farm 8 Sweet Hawain Hamburger Buns","4.36","0.0","Market Basket","14.5 oz","14.5 oz","X2501.jpg","","18"
"14369","Breakfast & Dairy","Tea & Coffee","Coffee","Folgers ","Folgers Coffee Crystals, Instant, Classic Roast, Jar","","Folgers Coffee Crystals, Instant, Classic Roast, Jar","6.09","0.0","Market Basket","8 oz","8 oz","3346.jpg","","8"
"33330","Cooking Needs","Oils & Vinegars","Oils & Vinegars","Monari Federzoni","Monari Federzoni 1912 Balsamic Vinegar Of Modena ","","Monari Federzoni 1912 Balsamic Vinegar Of Modena ","4.74","0.0","Market Basket","16.9 fl oz","16.9 fl oz","X1786.jpg","","2"
"4288","Meat & Seafood","Packaged Meat & Seafood","Turkey","Plainville Farms","Plainville Farms 94% Lean Ground Turkey","","Plainville Farms 94% Lean Ground Turkey","5.39","0.0","Market Basket","16 oz","16 oz","4120.jpg","","22"
"6677","Beverages & Juices","Juices & Refrigerated Drinks","Refrigerated Drinks","Tropicana ","TWISTER lemonade with other natural flavors","","TWISTER lemonade with other natural flavors","1.88","0.0","Market Basket","59 fl oz","59 fl oz","X864.jpg","","1"
"6084","Beverages & Juices","Soft Drinks & Seltzers","Soft Drinks","Coca-Cola","Coca Cola Caffeine Free Diet Coke","","Coca Cola Caffeine Free Diet Coke","1.24","0.0","Market Basket","2 L","2 L","3938.jpg","","17"
"247","Kitchen & Cleaning","Dish Detergents","Dish Liquid","Palmolive","Palmolive Ultra Soft Touch with Vitamin E Concentrated Dish Liquid","","Palmolive Ultra Soft Touch with Vitamin E Concentrated Dish Liquid","3.69","1.0","Market Basket","25 fl oz","25 fl oz","4355.jpg","","15"
"582","Laundry & Paper Goods","Laundry","Fabric Softener","Snuggle","Snuggle Plus super fresh Fabric conditioner Violet Breeze","","Snuggle Plus super fresh Fabric conditioner Violet Breeze","3.74","1.0","Market Basket","31.7 fl oz","31.7 fl oz","No Image.jpg","","15"
"30595","Breakfast & Dairy","Breads & Rolls","Pizza Crust","Boboli ","Boboli Original Crust","073130012373","Boboli Original Crust","6.24","0.0","Market Basket","14 oz","14 oz","X1335.jpg","","4"
"6571","Beverages & Juices","Juices & Refrigerated Drinks","Refrigerated Drinks","Bolthouse Farms","Bolthouse Farms Blue Goodness","","Bolthouse Farms Blue Goodness","4.59","0.0","Market Basket","32 fl oz","32 fl oz","3834.jpg","","20"
"5182","Chips, Cookies & Snacks","Cookies & Crackers","Crackers","Keebler","Keebler PB & J Sandwich Crackers","","Keebler PB & J Sandwich Crackers","3.91","0.0","Market Basket","11 oz","11 oz","No Image.jpg","","6"
"33839","Pasta & Sauces","Pasta Sauce","Pasta Sauce","Pastene","Pastene Pasta Sauce Tomato Garlic","066086090205","Pastene Pasta Sauce Tomato Garlic","5.61","0.0","Market Basket","24 oz","24 oz","X1504.jpg","","4"
"3750","Fresh Produce","Fresh Herbs","Garlic","Market Basket","Garlic","","Garlic","1.94","0.0","Market Basket","1 lb","1 lb","14544.jpg","","20"
"30639","Pasta & Sauces","Pasta Sauce","Pasta Sauce","Bove's","Bove's Pasta Sauce Mariara No Added Sugar","609231000010","Bove's Pasta Sauce Mariara No Added Sugar","4.99","0.0","Market Basket","24 oz","24 oz","X1497.jpg","","4"
"3845","Fresh Produce","Fresh Organic Vegetables","White Mushroom","Monterey","Monterey Mushrooms Whole Organic White Mushrooms","","Monterey Mushrooms Whole Organic White Mushrooms","3.78","0.0","Market Basket","8 oz container","8 oz container","44.jpg","","20"
"30638","Condiments & Dressings","Pickled Goods & Olives","Peppers","Botticelli ","Botticelli Sweet Red Peppers Fire Roasted","855019000622","Botticelli Sweet Red Peppers Fire Roasted","3.36","0.0","Market Basket","24 oz","24 oz","X3257.jpg","","2"
"7443","Cooking Needs","Canned Food","Canned & Jarred Vegetables","Goya","Goya Dominican Style Tomato Paste","","Goya Dominican Style Tomato Paste","2.79","0.0","Market Basket","28 oz","28 oz","5060.jpg","","9"
"35259","Richardson's Farm Ice Cream","Ice Cream","Pistachio","Richarson's Farm","Richarson's Farm Pistachio Ice Cream 16% Butterfat","","Pistachio ice cream with pistachios","32.99","0.0","Richardson's Farm","3 Gal. Tub","3 Gal. Tub","RichardsonsFarm.jpg","",""
"33396","Condiments & Dressings","Pickled Goods & Olives","Pepperonicini","Mt. Olive","Mt.Olive Delicatessen Style Pepperoncini Cucumber Vine Since 1926","009300004091","Mt.Olive Delicatessen Style Pepperoncini Cucumber Vine Since 1926","3.74","0.0","Market Basket","32 fl oz","32 fl oz","X3265.jpg","","2"
"32650","Breakfast & Dairy","Bars & Pastries","Breakfast Bars","Lilly B's","Lilly B's Natural Oats","850395006053","Lilly B's Natural Oats","6.24","0.0","Market Basket","11.28 oz","11.28 oz","X3533.jpg","","5"
"14694","Personal Care","Body Wash, Soap & Hair Care","Body Wash","Irish Spring","Irish Spring Body Wash GEAR 3 IN 1 Body+Hair+Face Wash","","Irish Spring Body Wash GEAR 3 IN 1 Body+Hair+Face Wash","4.93","1.0","Market Basket","15 fl oz","15 fl oz","6356.jpg","","13"
"32401","Condiments & Dressings","Marinades, Ketchup & Sauces","Marinades & Meat Preparation","Kraft","Kraft Slow Simmered Sweet Brown Sugar Barbeuce Sauce ","021000052424","Kraft Slow Simmered Sweet Brown Sugar Barbeuce Sauce ","2.5","0.0","Market Basket","18.5 oz","18.5 oz","X2088.jpg","","2"
"33167","Condiments & Dressings","Marinades, Ketchup & Sauces","Sauces","Market Basket ","Market BasKet Chili Sauce ","049705027738","Market BasKet Chili Sauce ","4.36","0.0","Market Basket","20 oz","20 oz","X2127.jpg","","2"
"3697","Fresh Produce","Fresh Fruits","Other Special fruits","NatureSweet","NatureSweet Cherubs","","NatureSweet Cherubs","2.17","0.0","Market Basket","18 oz","18 oz","14231.jpg","","20"
"30820","Condiments & Dressings","Salad Dressings & Toppings","Salad Dressing & Toppings","Cardini's","Cardini's Caesar Dressing Original Caesar ","","Cardini's Caesar Dressing Original Caesar ","3.25","0.0","Market Basket","12 fl oz","12 fl oz","X96.jpg","","2"
"14912","Personal Care","Feminine Care","Tampon","Tampax","Tampax Multipax Anti-Slip Grip Tampons","","Tampax Multipax Anti-Slip Grip Tampons","8.5","1.0","Market Basket","40 count","40 count","6504.jpg","","13"
"15355","Personal Care","Vitamins & Proteins","Vitamins & Supplements","One A Day","One A Day Women's Multivitamin/Multimineral Supplement Women's Formula Tablets","","One A Day Women's Multivitamin/Multimineral Supplement Women's Formula Tablets","14.02","1.0","Market Basket","100 count","100 count","6702.jpg","","13"
"34195","Beverages & Juices","Tea, Coffee, Milk & Coconut Water","Tea","Pure Leaf","Pure Leaf Unsweetened Black Tea Real Brewed Tea","012000142086","Pure Leaf Unsweetened Black Tea Real Brewed Tea","3.11","0.0","Market Basket","64 fl oz","64 fl oz","X3040.jpg","","10"
"5941","Beverages & Juices","Cocoa & Drink Mixes","Cocoa & Drink Mixes","Cocktail Artist","Cocktail Artist Strawberry Daiquiri-Margarita Mix","","Cocktail Artist Strawberry Daiquiri-Margarita Mix","6.24","0.0","Market Basket","1 L","1 L","No Image.jpg","","17"
"13464","Breakfast & Dairy","Dairy & Eggs","Milk","Hood","Hood 1% Lowfat Milk","","Hood 1% Lowfat Milk","3.11","0.0","Market Basket","0.5 gal","0.5 gal","486.jpg","","1"
"3883","Fresh Produce","Fresh Vegetables","Lime","Market Basket","Limes","","Limes","1.1","0.0","Market Basket","1 count","1 count","f218.jpg","","20"
"32020","Condiments & Dressings","Honey, Syrup & Nectars","Syrup","Karo","Karo Light Corn Syrup with real Vanilla","761720051108","Karo Light Corn Syrup with real Vanilla","3.36","0.0","Market Basket","16 fl oz","16 fl oz","X3183.jpg","","2"
"30422","Frozen Food","Frozen Dinners & Entrees","Frozen Appetizers & Sides","Bibigo","Bibigo Korean style Mini Wontons, Chicken & Vegetable Dumplings","807176711705","Bibigo Korean style Mini Wontons, Chicken & Vegetable Dumplings","7.49","0.0","Market Basket","24 oz","24 oz","X3961.jpg","","18"
"35245","Richardson's Farm Ice Cream","Ice Cream","Chocolate","Richarson's Farm","Richarson's Farm Chocolate Ice Cream 16% Butterfat","","Made with Bensdorp Cocoa imported all the way from Holland","32.99","0.0","Richardson's Farm","3 Gal. Tub","3 Gal. Tub","RichardsonsFarm.jpg","",""
"31035","Pasta & Sauces","Instant Pasta","Instant Pasta","Cracker Barrel","Cracker Barrel Macaroni & Cheese Sharp Cheddar ","021000075409","Cracker Barrel Macaroni & Cheese Sharp Cheddar ","6.24","0.0","Market Basket","4 x 2.39 oz","4 x 2.39 oz","X1198.jpg","","4"
"9426","Frozen Food","Frozen Dinners & Entrees","Frozen Meal","Birds Eye","Birds Eye Voila! Teriyaki Chicken","","Birds Eye Voila! Teriyaki Chicken","4.89","0.0","Market Basket","21 oz","21 oz","2791.jpg","","18"
"3565","Fresh Produce","Fresh Vegetables","Cabbage","Market Basket","Napa Cabbage","","Napa Cabbage","2.17","0.0","Market Basket","1 lb","1 lb","FP115.jpg","","20"
"34819","Meat & Seafood","Packaged Meat & Seafood","Sausage","Thin 'n Trim","Thin n Trim Chicken Sausage Spicy ITalian ","","Thin n Trim Chicken Sausage Spicy ITalian ","4.36","0.0","Market Basket","10 oz","10 oz","X4645.jpg","","1"
"33949","Breakfast & Dairy","Breads & Rolls","Bread","Pepperidge Farm","Pepperidge Farm Jewish Rye and Pumpernickle Deli Swirl Bread","014100070092","Pepperidge Farm Jewish Rye and Pumpernickle Deli Swirl Bread","4.99","0.0","Market Basket","16 oz","16 oz","X2516.jpg","","18"
"32063","Meat & Seafood","Packaged Meat & Seafood","Hot Dogs & Franks","Kayem ","Kayem Old time Reds","","Kayem Old time Reds","6.24","0.0","Market Basket","12 oz","12 oz","X4581.jpg","","1"
"34719","Condiments & Dressings","Marinades, Ketchup & Sauces","Sauce","Sun Luck","Sun Luck Pure Sesame Oil ","076132090073","Sun Luck Pure Sesame Oil ","4.99","0.0","Market Basket","4 fl oz","4 fl oz","X5375.jpg","","3"
"14384","Breakfast & Dairy","Tea & Coffee","Coffee","Gevalia","Gevalia Medium Roast Columbia Arabica Ground Coffee","","Gevalia Medium Roast Columbia Arabica Ground Coffee","7.39","0.0","Market Basket","12 oz","12 oz","16300.jpg","","8"
"30671","Condiments & Dressings","Salad Dressings & Toppings","Salad Dressing & Toppings","Briannas ","Briannas Home Style Blush Wine Vinaigette Dressing ","","Briannas Home Style Blush Wine Vinaigette Dressing ","4.36","0.0","Market Basket","12 fl oz","12 fl oz","X71.jpg","","2"
"32614","Cooking Needs","Oils & Vinegars","Oils & Vinegars","Lucini","Lucini Everyday Extra Virgin Olive Oil First Cold Press Fruity Versatile ","648505010010","Lucini Everyday Extra Virgin Olive Oil First Cold Press Fruity Versatile ","16.86","0.0","Market Basket","16.91 fl oz","16.91 fl oz","X2006.jpg","","2"
"14396","Breakfast & Dairy","Tea & Coffee","Coffee","Green Mountain","Green Mountain Coffee K Cup Pods Half Caff","","Green Mountain Coffee K Cup Pods Half Caff","7.39","0.0","Market Basket","12 count","12 count","3356.jpg","","8"
"33472","Breakfast & Dairy","Bars & Pastries","Granola Bars","Nature Valley ","Nature Valley Crunch Granola Bars Peanut Butter ","016000264700","Nature Valley Crunch Granola Bars Peanut Butter ","3.75","0.0","Market Basket","6 x 1.49 oz","6 x 1.49 oz","X3822.jpg","","5"
"32042","Breakfast & Dairy","Cereal","Cereal","Kashi","Kashi Warm Cinnamon Organic Oat Cereal ","018627703662","Kashi Warm Cinnamon Organic Oat Cereal ","3.75","0.0","Market Basket","12 oz","12 oz","X3716.jpg","","5"
"3857","Fresh Produce","Fresh Vegetables","Green Onion","Market Basket","Green Onions (Scallions)","","Green Onions (Scallions)","2.4","0.0","Market Basket","1 lb bunch","1 lb bunch","14385.jpg","","20"
"13658","Breakfast & Dairy","Dairy & Eggs","Packaged Cheese","Cracker Barrel","Cracker Barrel Aged Reserve Cheddar Cheese","","Cracker Barrel Aged Reserve Cheddar Cheese","3.09","0.0","Market Basket","8 oz","8 oz","185.jpg","","1"
"8027","Cooking Needs","Canned Food","Soup, Broth & Bouillon","Knorr","Knorr Granulated Bouillon Chicken","","Knorr Granulated Bouillon Chicken","5.39","0.0","Market Basket","15.9 oz","15.9 oz","18093.jpg","","2"
"15086","Personal Care","Personal Needs","Eye & Ear Care","Visine","Visine A.C. Astringent/Redness Reliever Eye Drops","","Visine A.C. Astringent/Redness Reliever Eye Drops","7.0","1.0","Market Basket","0.5 fl oz","0.5 fl oz","6473.jpg","","13"
"32060","Meat & Seafood","Packaged Meat & Seafood","Hot Dogs & Franks","Kayem ","Kayem Minis Beef & Pork","","Kayem Minis Beef & Pork","6.24","0.0","Market Basket","14 oz","14 oz","X4567.jpg","","1"
"13809","Breakfast & Dairy","Dairy & Eggs","Packaged Cheese","The Laughing Cow","The Laughing Cow Creamy Garlic & Herb Spreadable Cheese Wedges","","The Laughing Cow Creamy Garlic & Herb Spreadable Cheese Wedges","3.09","0.0","Market Basket","8 x 0.43 oz","8 x 0.43 oz","14575.jpg","","1"
"13827","Breakfast & Dairy","Dairy & Eggs","Refrigerated Pudding & Desserts","Jell-O","Jell O Ready to Eat Lemon Lime Sugar Free Gelatin","","Jell O Ready to Eat Lemon Lime Sugar Free Gelatin","2.49","0.0","Market Basket","4 x 3.25 oz","4 x 3.25 oz","796.jpg","","19"
"10250","Frozen Food","Ice Cream & Ice","Ice Cream & Ice","Turkey Hill","Turkey Hill Neapolitan Premium Ice Cream","","Turkey Hill Neapolitan Premium Ice Cream","3.69","0.0","Market Basket","48 fl oz","48 fl oz","3129.jpg","","21"
"32409","Condiments & Dressings","Salad Dressings & Toppings","Salad Dressing & Toppings","Kraft","Kraft Classic Caesar Dressing ","021000323074","Kraft Classic Caesar Dressing ","2.5","0.0","Market Basket","16 fl oz","16 fl oz","X466.jpg","","2"
"34566","Beverages & Juices","Tea, Coffee, Milk & Coconut Water","Tea","Snapple","Snapple All Natural Snapple Apple","076183323507","Snapple All Natural Snapple Apple","2.49","0.0","Market Basket","32 fl oz","32 fl oz","X2972.jpg","","10"
"9954","Frozen Food","Ice Cream & Ice","Ice Cream & Ice","Ben & Jerry's","Ben & Jerry's Ice Cream Pistachio Pistachio","","Ben & Jerry's Ice Cream Pistachio Pistachio","4.29","0.0","Market Basket","1 pint","1 pint","18012.jpg","","21"
"30434","Frozen Food","Frozen Dinners & Entrees","Frozen Appetizers & Sides","Blake's","Blake's Gluten-Free Mac & Cheese ","017873001003","Blake's Gluten-Free Mac & Cheese ","3.74","0.0","Market Basket","8 oz","8 oz","X4108.jpg","","18"
"32097","Breakfast & Dairy","Bars & Pastries","Breakfast Bars","Kellogg's ","Kellogg's Special K Protien Snacks Bar Chocolate Peanut Pecan","038000167539","Kellogg's Special K Protien Snacks Bar Chocolate Peanut Pecan","3.75","0.0","Market Basket","6 x 1.23 oz","6 x 1.23 oz","X3952.jpg","","5"
"32640","Cooking Needs","Rice & Grains","Grains, Rice & Dried Goods","Lundberg Family Farms","LundBerg Brown Short Grain Rice Gluten Free Whole Grain","073416197619","LundBerg Brown Short Grain Rice Gluten Free Whole Grain","6.86","0.0","Market Basket","32 oz","32 oz","X1111.jpg","","4"
"30147","Beverages & Juices","Juices & Refrigerated Drinks","Juice & Nectars","Apple & Eve","Apple & Eve Organics Strawberry Watermelon 100% Juice","076301752511","Apple & Eve Organics Strawberry Watermelon 100% Juice","3.74","0.0","Market Basket","64 fl oz","64 fl oz","X2873.jpg","","10"
"30539","Cooking Needs","Baking & Cooking","Baking Ingredients","Bob's Red Mill","Bob's Red Mill Large Flake Nutritional Yeast ","039978025463","Bob's Red Mill Large Flake Nutritional Yeast ","6.86","0.0","Market Basket","5 oz","5 oz","X5247.jpg","","3"
"3682","Fresh Produce","Fresh Fruits","Mixed Fruit platters and bowls","Market Basket","Fruit Salad","","Fruit Salad","5.62","0.0","Market Basket","1 lb","1 lb","Market Basket.jpg","","20"
"4335","Meat & Seafood","Meat & Seafood Counter","Roast Beef","Thin 'n Trim","Thin 'n Trim Roast Beef","","Thin 'n Trim Roast Beef","10.99","0.0","Market Basket","1 lb","1 lb","No Image.jpg","","22"
"30132","Pasta & Sauces","Instant Pasta","Instant Pasta","Annie's ","Annies Homegrown Macaroni & Cheese Classic Mild Cheddar 25% less sodium","013562300112","Annies Homegrown Macaroni & Cheese Classic Mild Cheddar 25% less sodium","1.88","0.0","Market Basket","6 oz","6 oz","X1221.jpg","","4"
"32762","Meat & Seafood","Packaged Meat & Seafood","Pepperoni","Mariokart ","Mariokart Ultimate Deep Dish Pizza With Pepperoni","","Mariokart Ultimate Deep Dish Pizza With Pepperoni","3.74","0.0","Market Basket","4.7 oz","4.7 oz","X4542.jpg","","1"
"13354","Breakfast & Dairy","Dairy & Eggs","Cream","Hood","Hood Whipped Light Cream, Original","","Hood Whipped Light Cream, Original","3.09","0.0","Market Basket","9.3 oz","9.3 oz","577.jpg","","1"
"34534","Richardson's Farm Ice Cream","Ice Cream Toppings","Ice Cream Toppings","Smucker's","Smucker's Chocolate ","051500025000","Smucker's Chocolate ","2.5","0.0","Market Basket","7.25 oz","7.25 oz","X5124.jpg","","20"
"32034","Breakfast & Dairy","Cereal","Cereal","Kashi","Kashi Go Defy Crunch","018627703273","Kashi Go Defy Crunch","3.75","0.0","Market Basket","13.8 oz","13.8 oz","X3708.jpg","","5"
"10000","Frozen Food","Ice Cream & Ice","Ice Cream & Ice","Dove","Dove Vanilla/Dark Chocolate","","Dove Vanilla/Dark Chocolate","4.09","0.0","Market Basket","3 count","3 count","16106.jpg","","21"
"10496","Cooking Needs","Rice & Grains","Instant Food","Idahoan","Idahoan Mashed Potatoes Butter & Herb","","Idahoan Mashed Potatoes Butter & Herb","1.29","0.0","Market Basket","4 oz","4 oz","17381.jpg","","9"
"32899","Breakfast & Dairy","Dairy & Eggs","Cottage Cheese","Market Basket","Market Basket Lowfat Cottage Cheese ","","Market Basket Lowfat Cottage Cheese ","2.11","0.0","Market Basket","16 oz","16 oz","X576.jpg","","1"
"33541","Breakfast & Dairy","Granola & Oats","Oats","Nature's Path","Nature's Path Apple Cinnamon Instant Oatmeal","059449450047","Nature's Path Apple Cinnamon Instant Oatmeal","3.75","0.0","Market Basket","14 oz","14 oz","X3547.jpg","","5"
"3862","Fresh Produce","Fresh Vegetables","Hot Pepper","Market Basket","Long Hot Peppers (Hot)","","Long Hot Peppers (Hot)","3.29","0.0","Market Basket","1 lb","1 lb","f202.jpg","","20"
"33034","Cooking Needs","Baking & Cooking","Stuffing Mix","Market Basket","Market Basket Stuffing Mix For TURKEY A delicious blend of stuffing & seasoning ","","Market Basket Stuffing Mix For TURKEY A delicious blend of stuffing & seasoning ","4.36","0.0","Market Basket","6 oz","6 oz","X583.jpg","","1"
"3484","Fresh Produce","Fresh Organic Fruits","Apple","Market Basket","Organic Red Delicious Apples","","Organic Red Delicious Apples","4.39","0.0","Market Basket","2 lb","2 lb","f76.jpg","","20"
"33490","Breakfast & Dairy","Breads & Rolls","Bread","Nature's Own","Nature's Own Honey Wheat Bread","072250037068","Nature's Own Honey Wheat Bread","4.36","0.0","Market Basket","20 oz","20 oz","X2475.jpg","","18"
"31310","Breakfast & Dairy","Bars & Pastries","Chewy Bars","Fiber One","Fiber One Chewy bars Chocolate Caremel & Pretzel","016000415447","Fiber One Chewy bars Chocolate Caremel & Pretzel","3.75","0.0","Market Basket","5 x 0.82 oz","5 x 0.82 oz","X3839.jpg","","5"
"3567","Fresh Produce","Fresh Vegetables","Carrot","Market Basket","Bunch Carrots","","Bunch Carrots","2.74","0.0","Market Basket","1 bunch","1 bunch","f163.jpg","","20"
"3893","Fresh Produce","Fresh Vegetables","Mushroom","Pennsylvania Dutchman","Pennsylvania Dutchman Sliced Mushrooms","","Pennsylvania Dutchman Sliced Mushrooms","2.4","0.0","Market Basket","1 each","1 each","FP126.jpg","","20"
"3676","Fresh Produce","Fresh Fruits","Mango","Market Basket","Ataulfo Mangoes","","Ataulfo Mangoes","1.83","0.0","Market Basket","1 each","1 each","FP7.jpg","","20"
"32845","Breakfast & Dairy","Breads & Rolls","Bread","Market Basket","Market Basket Reduced Calorie Italian Bread","049705536315","Market Basket Reduced Calorie Italian Bread","1.88","0.0","Market Basket","16 oz","16 oz","X2370.jpg","","18"
"3996","Fresh Produce","Fresh Vegetables","Spring Mix","Little Leaf Farms","Little Leaf Farms Baby Spring Mix","","Little Leaf Farms Baby Spring Mix","3.78","0.0","Market Basket","4 oz container","4 oz container","14292.jpg","","20"
"13312","Breakfast & Dairy","Dairy & Eggs","Butter","Organic Valley","Organic Valley Salted Butter","","Organic Valley Salted Butter","7.19","0.0","Market Basket","1 lb","1 lb","14776.jpg","","1"
"33957","Breakfast & Dairy","Breads & Rolls","Bread","Pepperidge Farm","Pepperidge Farm Whole Grain Oatmeal Bread","014100088219","Pepperidge Farm Whole Grain Oatmeal Bread","5.36","0.0","Market Basket","24 oz","24 oz","X2524.jpg","","18"
"32335","Condiments & Dressings","Marinades, Ketchup & Sauces","Sauce","Kitchens Of India","Kitchens Of India Rajma Masala ","841905010516","Kitchens Of India Rajma Masala ","3.74","0.0","Market Basket","10 oz","10 oz","X5340.jpg","","3"
"14984","Personal Care","First Aid & Healthcare","Muscles, Joints & Pain Relief","Advil","Advil Medicinal Sleep Aid","","Advil Medicinal Sleep Aid","15.51","1.0","Market Basket","80 count","80 count","6623.jpg","","13"
"6020","Beverages & Juices","Energy & Sports Drinks","Energy & Sports Drinks","Red Bull","Red Bull Energy Drink The Yellow Edition Tropical","","Red Bull Energy Drink The Yellow Edition Tropical","3.13","0.0","Market Basket","12 fl oz","12 fl oz","3734.jpg","","17"
"10087","Frozen Food","Ice Cream & Ice","Ice Cream & Ice","Hood","Hood Frozen Yogurt Fat Free Vanilla","","Hood Frozen Yogurt Fat Free Vanilla","3.69","0.0","Market Basket","1.5 quart","1.5 quart","3098.jpg","","21"
"8665","Condiments & Dressings","Pickled Goods & Olives","Pickled Goods & Olives","Nathan's","Nathan's Kosher Spears, New York","","Nathan's Kosher Spears, New York","3.59","0.0","Market Basket","24 oz","24 oz","15550.jpg","","2"
"15192","Personal Care","Personal Needs","Oral Hygiene","Crest","Crest Pro-Health Fluoride Toothpaste Clean Mint","","Crest Pro-Health Fluoride Toothpaste Clean Mint","4.24","1.0","Market Basket","1 count","1 count","6420.jpg","","13"
"15059","Personal Care","Personal Needs","Deodorants","Suave","Suave Antiperspirant Deodorant Powder","","Suave Antiperspirant Deodorant Powder","2.86","1.0","Market Basket","2.6 oz","2.6 oz","6314.jpg","","13"
"5824","Breakfast & Dairy","Bars & Pastries","Protien Bars","Quest","Quest Protein Bar Chocolate Chip Cookie Dough Flavor","","Quest Protein Bar Chocolate Chip Cookie Dough Flavor","2.5","0.0","Market Basket","2.12 oz","2.12 oz","15261.jpg","","3"
"30840","Cooking Needs","Rice & Grains","Rice","Carolina ","Carolina Enriched White Rice Extra long Grain ","017400109608","Carolina Enriched White Rice Extra long Grain ","6.24","0.0","Market Basket","80 oz","80 oz","X1049.jpg","","4"
"4409","Meat & Seafood","Hot Dogs, Bacon & Sausage","Bacon","Wright","Wright Thick Sliced Hickory Smoked Bacon","","Wright Thick Sliced Hickory Smoked Bacon","8.59","0.0","Market Basket","24 oz","24 oz","16740.jpg","","1"
"564","Laundry & Paper Goods","Laundry","Laundry Detergent","Persil","Persil ProClean Intense Fresh Detergent Deep Clean 25 Loads","","Persil ProClean Intense Fresh Detergent Deep Clean 25 Loads","7.49","1.0","Market Basket","40 fl oz","40 fl oz","No Image.jpg","","15"
"3431","Fresh Produce","Fresh Fruits","Apple","Market Basket","Cortland Apples","","Cortland Apples","1.64","0.0","Market Basket","1 lb","1 lb","No Image.jpg","","20"
"4154","Meat & Seafood","Meat & Seafood Counter","Ham","Market Basket","Market Basket Rosemary Ham","","Market Basket Rosemary Ham","6.09","0.0","Market Basket","1 lb","1 lb","Market Basket.jpg","","22"
"31417","Beverages & Juices","Energy & Sports Drinks","Energy & Sports Drinks","Gatorade","Gatorade Thirst Quencher Fruit Punch","052000338751","Gatorade Thirst Quencher Fruit Punch","1.25","0.0","Market Basket","32 fl oz","32 fl oz","X2664.jpg","","10"
"9758","Frozen Food","Frozen Produce","Frozen Produce","Birds Eye","Birds Eye & Cheese Sauce Broccoli","","Birds Eye & Cheese Sauce Broccoli","1.69","0.0","Market Basket","10 oz","10 oz","2431.jpg","","19"
"3463","Fresh Produce","Fresh Fruits","Orange","Market Basket","Sour Oranges","","Sour Oranges","2.74","0.0","Market Basket","1 lb","1 lb","f46.jpg","","20"
"5645","Chips, Cookies & Snacks","Candy & Chocolates","Mint & Gum","Extra","Extra Polar Ice Sugarfree Gum multi total","","Extra Polar Ice Sugarfree Gum multi total","3.09","0.0","Market Basket","3 x 15 ct","3 x 15 ct","1498.jpg","","3"
"7891","Cooking Needs","Canned Food","Canned Meat & Seafood","StarKist","Chunk White Albacore Tuna In Water","","Chunk White Albacore Tuna In Water","1.29","0.0","Market Basket","5 oz","5 oz","5201.jpg","","2"
"34695","Condiments & Dressings","Marinades, Ketchup & Sauces","Marinades & Meat Preparation","Stubb's","Stubb's Sticky Sweet Legendary Bar-B-Q-Sauce ","734756000099","Stubb's Sticky Sweet Legendary Bar-B-Q-Sauce ","3.75","0.0","Market Basket","18 oz","18 oz","X2030.jpg","","2"
"139","Kitchen & Cleaning","Cleaning Products","Other Cleaning Products","Arm & Hammer","Arm & Hammer Fridge-N-Freezer deodorizing Baking Soda","","Arm & Hammer Fridge-N-Freezer deodorizing Baking Soda","0.99","1.0","Market Basket","14 oz","14 oz","15687.jpg","","8"
"30134","Pasta & Sauces","Instant Pasta","Instant Pasta","Annie's ","Annies Homegrown Shells & Real Aged Cheddar Macaroni & Cheese","013562300846","Annies Homegrown Shells & Real Aged Cheddar Macaroni & Cheese","1.88","0.0","Market Basket","6 oz","6 oz","X1223.jpg","","4"
"14804","Personal Care","Body Wash, Soap & Hair Care","Hair Care","TRESemme","TRESemme Deep Cleansing Shampoo Cleanse And Replenish","","TRESemme Deep Cleansing Shampoo Cleanse And Replenish","4.93","1.0","Market Basket","28 oz","28 oz","18173.jpg","","13"
"32123","Breakfast & Dairy","Cereal","Cereal","Kellogg's ","Kellogg's Frosted Flakes Family Size ","038000181771","Kellogg's Frosted Flakes Family Size ","4.99","0.0","Market Basket","24 oz","24 oz","X3404.jpg","","5"
"34417","Pasta & Sauces","Raw Pasta","Raw Pasta","Ronzoni","Ronzoni Pasta Garden Delight Veggie Rotini","071300000632","Ronzoni Pasta Garden Delight Veggie Rotini","1.56","0.0","Market Basket","12 oz","12 oz","X1586.jpg","","4"
"7782","Cooking Needs","Canned Food","Canned Meals & Beans","Market Basket","Market Basket Black Beans","","Market Basket Black Beans","1.49","0.0","Market Basket","29 oz","29 oz","Market Basket.jpg","","2"
"34187","Beverages & Juices","Tea, Coffee, Milk & Coconut Water","Tea","Pure Leaf","Pure Leaf Lemon Real Brewed Tea","012000286186","Pure Leaf Lemon Real Brewed Tea","1.24","0.0","Market Basket","18.5 fl oz","18.5 fl oz","X2955.jpg","","10"
"32488","Condiments & Dressings","Marinades, Ketchup & Sauces","Marinades & Meat Preparation","Lawry's ","Lawry's Marinade Lemon Pepper With Lemon Juice ","021500048040","Lawry's Marinade Lemon Pepper With Lemon Juice ","2.5","0.0","Market Basket","16 fl oz","16 fl oz","X2068.jpg","","2"
"32353","Cooking Needs","Rice & Grains","Rice/Pasta Sides","Knorr","Knorr Rice Sides Chicken Flavour Broccoli","041000022630","Knorr Rice Sides Chicken Flavour Broccoli","1.25","0.0","Market Basket","5.5 oz","5.5 oz","X1161.jpg","","4"
"3472","Fresh Produce","Fresh Fruits","Watermelon","Market Basket","Fresh Watermelon","","Fresh Watermelon","9.89","0.0","Market Basket","1 count","1 count","f58.jpg","","20"
"33408","Cooking Needs","Canned Food","Canned Tomatoes","Muir Glen","Muir Glen Organic Diced Tomatoes No Salt Added","725342285617","Muir Glen Organic Diced Tomatoes No Salt Added","1.86","0.0","Market Basket","14.5 oz","14.5 oz","X1355.jpg","","4"
"34065","Breakfast & Dairy","Bars & Pastries","Pastries","Pop Tarts","Pop Tarts Pumpkin Pie","038000223266","Pop Tarts Pumpkin Pie","4.99","0.0","Market Basket","27 oz","27 oz","X3497.jpg","","5"
"34260","Breakfast & Dairy","Bars & Pastries","Chewy Bars","Quaker ","Quaker Chewy Yougurt Flavoured Coating Strawberry","030000312803","Quaker Chewy Yougurt Flavoured Coating Strawberry","3.13","0.0","Market Basket","5 x 1.23 oz","5 x 1.23 oz","X3858.jpg","","5"
"357","Kitchen & Cleaning","Food Storage & Kitchen Supplies","Storage Containers","Market Basket","Market Basket Twist And Store Storage Containers","","Market Basket Twist And Store Storage Containers","2.49","1.0","Market Basket","2 count","2 count","Market Basket.jpg","","12"
"32174","Frozen Food","Frozen Breakfast","Frozen Waffles","Kellogg's ","Kellogg's Eggo Blueberry ","038000333606","Kellogg's Eggo Blueberry ","6.11","0.0","Market Basket","29.6 oz","29.6 oz","X5041.jpg","","19"
"5921","Beverages & Juices","Tea, Coffee, Milk & Coconut Water","Single To-Go Coffee","Peet's","Peet's Iced Espresso Mocha","","Peet's Iced Espresso Mocha","3.13","0.0","Market Basket","8 fl oz","8 fl oz","No Image.jpg","","17"
"13328","Breakfast & Dairy","Dairy & Eggs","Cream","Coffee-mate","Coffee mate Fat Free French Vanilla Liquid Coffee Creamer","","Coffee mate Fat Free French Vanilla Liquid Coffee Creamer","4.29","0.0","Market Basket","32 fl oz","32 fl oz","552.jpg","","1"
"5144","Chips, Cookies & Snacks","Cookies & Crackers","Crackers","Annie's Homegrown","Annie's Homegrown Cheddar Squares Cheddar Squares","","Annie's Homegrown Cheddar Squares Cheddar Squares","4.69","0.0","Market Basket","7.5 oz","7.5 oz","1220.jpg","","6"
"10111","Frozen Food","Ice Cream & Ice","Ice Cream & Ice","Hood","Hood Sherbet Orange","","Hood Sherbet Orange","2.39","0.0","Market Basket","32 fl oz","32 fl oz","Market Basket.jpg","","21"
"34424","Condiments & Dressings","Salad Dressings & Toppings","Croutons","Rothbury Farms ","Rothbury Fams Seasoned Croutons ","","Rothbury Fams Seasoned Croutons ","1.49","0.0","Market Basket","5 oz","5 oz","X1757.jpg","","2"
"30271","Meat & Seafood","Packaged Meat & Seafood","Chicken","Banquet","Banquet Original Crispy Fried Chicken","031000100094","Banquet Original Crispy Fried Chicken","9.99","0.0","Market Basket","29 oz","29 oz","X4784.jpg","","1"
"4161","Meat & Seafood","Meat & Seafood Counter","Lamb","Market Basket","Lamb Shoulder Chops","","Lamb Shoulder Chops","10.49","0.0","Market Basket","1 lb","1 lb","16666.jpg","","22"
"13492","Breakfast & Dairy","Dairy & Eggs","Milk","Market Basket","Market Basket 2% Milk","","Market Basket 2% Milk","2.24","0.0","Market Basket","0.5 gal","0.5 gal","Market Basket.jpg","","1"
"14614","Beverages & Juices","Tea, Coffee, Milk & Coconut Water","Tea","Sun","AriZona Sun Brewed Style Iced Tea with Lemon Flavor","","AriZona Sun Brewed Style Iced Tea with Lemon Flavor","3.59","0.0","Market Basket","1 gal","1 gal","3453.jpg","","10"
"272","Kitchen & Cleaning","Dish Detergents","Dishwasher Detergent","Cascade","Cascade Platinum ActionPacs Fresh Scent Dishwasher Detergent","","Cascade Platinum ActionPacs Fresh Scent Dishwasher Detergent","6.09","1.0","Market Basket","23 count","23 count","4326.jpg","","15"
"35015","Cooking Needs","Canned Food","Canned Fruit & Applesauce","Vermont Village","Vermont Village Organic Unsweetened Apple Sauce With Mixed Berries","","Vermont Village Organic Unsweetened Apple Sauce With Mixed Berries","4.36","0.0","Market Basket","16 oz","16 oz","X883.jpg","","3"
"4308","Meat & Seafood","Meat & Seafood Counter","Pork","Market Basket","Lean Boneless Pork Loin","","Lean Boneless Pork Loin","4.09","0.0","Market Basket","1 lb","1 lb","Market Basket.jpg","","22"
"30287","Meat & Seafood","Packaged Meat & Seafood","Hot Dogs & Franks","Bar S","Bar S Jumbo Franks ","","Bar S Jumbo Franks ","1.36","0.0","Market Basket","16 oz","16 oz","X4590.jpg","","1"
"3668","Fresh Produce","Fresh Fruits","Lemon","Market Basket","Lemon","","Lemon","0.91","0.0","Market Basket","1 count","1 count","14190.jpg","","20"
"10531","Cooking Needs","Rice & Grains","Instant Food","McCormick","McCormick Creamy Garlic Alfredo Sauce Mix","","McCormick Creamy Garlic Alfredo Sauce Mix","1.89","0.0","Market Basket","1.25 oz","1.25 oz","17396.jpg","","4"
"9067","Condiments & Dressings","Preserved Dips & Spreads","Spreads","Teddie","Teddie All Natural Smooth Peanut Butter","","Teddie All Natural Smooth Peanut Butter","3.69","0.0","Market Basket","16 oz","16 oz","1667.jpg","","3"
"34098","Breakfast & Dairy","Cereal","Cereal","Post","Post Golden Crisp Sweeteened Puffed Wheat Cereal ","884912117625","Post Golden Crisp Sweeteened Puffed Wheat Cereal ","3.75","0.0","Market Basket","14.75 oz","14.75 oz","X3323.jpg","","5"
"13394","Breakfast & Dairy","Dairy & Eggs","Eggs","All Whites","All Whites 100% Liquid Egg Whites","","All Whites 100% Liquid Egg Whites","6.24","0.0","Market Basket","32 oz","32 oz","611.jpg","","1"
"3769","Fresh Produce","Fresh Herbs","Thyme","Infinite Herbs","Infinite Herbs Fresh Thyme","","Infinite Herbs Fresh Thyme","2.86","0.0","Market Basket","0.67 oz","0.67 oz","FP45.jpg","","20"
"6779","Cooking Needs","Baking & Cooking","Baking Ingredients","Baker's","Baker's Unsweetened 100% Cacao Baking Chocolate Bar","","Baker's Unsweetened 100% Cacao Baking Chocolate Bar","2.49","0.0","Market Basket","8 oz","8 oz","15725.jpg","","8"
"13537","Breakfast & Dairy","Dairy & Eggs","Milk","Stonyfield Organic","Stonyfield Organic Whole Milk","","Stonyfield Organic Whole Milk","4.99","0.0","Market Basket","0.5 gal","0.5 gal","524.jpg","","1"
"35339","Richardson's Farm Ice Cream","Frozen Yogurt","Oreo","Richarson's Farm","Richarson's Farm Oreo Cookie Frozen Yogurt 95% Fat Free","","Vanilla yogurt with Oreo cookies","7.99","0.0","Richardson's Farm","1-2 Gal. Container","1-2 Gal. Container","RichardsonsFarm.jpg","",""
"34638","Frozen Food","Frozen Pizza","Frozen Pizza","Stouffer's","Stouffer's French Bread Pizzas Three Meat","013800151162","Stouffer's French Bread Pizzas Three Meat","3.13","0.0","Market Basket","12 1/2 oz","12 1/2 oz","X4854.jpg","","19"
"8734","Condiments & Dressings","Preserved Dips & Spreads","Preserved Dips & Salsa","Goya","Goya Mexican Red Salsa","","Goya Mexican Red Salsa","1.49","0.0","Market Basket","7 oz","7 oz","2014.jpg","","7"
"32885","Breakfast & Dairy","Breads & Rolls","Rolls","Market Basket","Market Basket Premium 6 White Sub Rolls","835841003374","Market Basket Premium 6 White Sub Rolls","3.13","0.0","Market Basket","16 oz","16 oz","X2391.jpg","","18"
"110","Kitchen & Cleaning","Cleaning Products","Carpet Cleaner","Arm & Hammer","Arm & Hammer Fresh Scentsations Fresh Breeze Carpet Odor Eliminator","","Arm & Hammer Fresh Scentsations Fresh Breeze Carpet Odor Eliminator","1.89","1.0","Market Basket","30 oz","30 oz","16777.jpg","","15"
"15213","Personal Care","Personal Needs","Oral Hygiene","Listerine","Listerine Cool Mint Antiseptic Mouthwash","","Listerine Cool Mint Antiseptic Mouthwash","6.31","1.0","Market Basket","500 fl oz","500 fl oz","6453.jpg","","13"
"13723","Breakfast & Dairy","Dairy & Eggs","Packaged Cheese","Market Basket","Market Basket American Singles Orange","","Market Basket American Singles Orange","3.09","0.0","Market Basket","1 lb","1 lb","Market Basket.jpg","","1"
"14644","Breakfast & Dairy","Tea & Coffee","Tea","Twinings","Twinings of London Green Tea Bags","","Twinings of London Green Tea Bags","3.69","0.0","Market Basket","20 count","20 count","3449.jpg","","8"
"7790","Cooking Needs","Canned Food","Canned Meals & Beans","Market Basket","Market Basket French Style Green Beans","","Market Basket French Style Green Beans","0.69","0.0","Market Basket","8 oz","8 oz","Market Basket.jpg","","2"
"444","Kitchen & Cleaning","Trash Bags & Liners","Tall Trash Bags","Hefty","Hefty Tall Drawstring Clean Burst Kitchen Bags","","Hefty Tall Drawstring Clean Burst Kitchen Bags","7.99","1.0","Market Basket","40 x 1 gal","40 x 1 gal","4682.jpg","","12"
"15181","Personal Care","Personal Needs","Oral Hygiene","Crest","Crest Cavity Protection Toothpaste Regular","","Crest Cavity Protection Toothpaste Regular","2.86","1.0","Market Basket","6.4 oz","6.4 oz","6411.jpg","","13"
"10141","Frozen Food","Ice Cream & Ice","Ice Cream & Ice","Luigi's","Luigi's Real Italian Ice Mango","","Luigi's Real Italian Ice Mango","2.49","0.0","Market Basket","6 fl oz","6 fl oz","16122.jpg","","21"
"14880","Personal Care","Feminine Care","Menstrual Pads","Always","Always Size 1 Regular Pads With Wings","","Always Size 1 Regular Pads With Wings","8.5","1.0","Market Basket","36 count","36 count","6489.jpg","","13"
"31264","Pasta & Sauces","Raw Pasta","Raw Pasta","Explore Cusine","Explore Cusine Organic Pasta Chickpea Fusilli","854183006270","Explore Cusine Organic Pasta Chickpea Fusilli","4.99","0.0","Market Basket","8 oz","8 oz","X1578.jpg","","4"
"35020","Pasta & Sauces","Gluten Free Pasta","Pasta Sauce","Victoria","Victoria Premium Sauce Tomato Basil Gluten Free","070234004709","Victoria Premium Sauce Tomato Basil Gluten Free","5.61","0.0","Market Basket","24 oz","24 oz","X1525.jpg","","4"
"32982","Cooking Needs","Rice & Grains","Instant Food","Market Basket","Market Basket Cheesey Pasta and Cheddar Cheese Sauce Mix","049705038529","Market Basket Cheesey Pasta and Cheddar Cheese Sauce Mix","1.25","0.0","Market Basket","5.3 oz","5.3 oz","X1149.jpg","","4"
"5087","Chips, Cookies & Snacks","Cookies & Crackers","Cookies & Cakes","Mi-Del","Mi Del Ginger Snaps","","Mi Del Ginger Snaps","5.47","0.0","Market Basket","10 oz","10 oz","15086.jpg","","6"
"45","Kitchen & Cleaning","Air Fresheners & Candles","Air Freshener","Renuzit","Renuzit Snuggle SuperFresh Gel Air Freshener with Odor Eliminating Technology, Original","","Renuzit Snuggle SuperFresh Gel Air Freshener with Odor Eliminating Technology, Original","1.29","1.0","Market Basket","7 oz","7 oz","4241.jpg","","15"
"30228","Cooking Needs","Canned Food","Baked Beans","B&M","B&M Brick Oven Baked Red Kidney Baked Beans With Molasses & Spices","","B&M Brick Oven Baked Red Kidney Baked Beans With Molasses & Spices","3.74","0.0","Market Basket","28 oz","28 oz","X1843.jpg","","2"
"30972","Breakfast & Dairy","Bars & Pastries","Breakfast Bars","Clif","Clif Kid ZBar Protein Chocolate Chip","722252191106","Clif Kid ZBar Protein Chocolate Chip","4.99","0.0","Market Basket","6.35 oz","6.35 oz","X3910.jpg","","5"
"4656","Meat & Seafood","Canned Meat & Seafood","Canned Tuna","Genova","Genova Albacore in Olive Oil No Salt Added Tuna","","Genova Albacore in Olive Oil No Salt Added Tuna","2.49","0.0","Market Basket","5 oz","5 oz","5241.jpg","","2"
"30566","Cooking Needs","Baking & Cooking","Flour","Bob's Red Mill","Bob's Red Mill Stone Ground Teff Flour Whole Grain Non GMO","039978115393","Bob's Red Mill Stone Ground Teff Flour Whole Grain Non GMO","8.74","0.0","Market Basket","20 oz","20 oz","X5274.jpg","","3"
"6189","Beverages & Juices","Ginger Ale & Ginger Beer","Ginger Ale","Schweppes","Schweppes Ginger Ale Can","","Schweppes Ginger Ale Can","4.38","0.0","Market Basket","6 x 7.5 fl oz","6 x 7.5 fl oz","No Image.jpg","","17"
"5589","Chips, Cookies & Snacks","Candy & Chocolates","Candy & Chocolate","Store Brand","At Let Basket Hot Chocolate","","At Let Basket Hot Chocolate","2.49","0.0","Market Basket","10 oz","10 oz","Market Basket.jpg","","8"
"34905","Beverages & Juices","Juices & Refrigerated Drinks","Refrigerated Drinks","Tropicana ","Tropicana PURE PRIMIUM ORIGINAL NO PULP NEVER FROM CONCENTRATE 100% ORANGE JUICE","","Tropicana PURE PRIMIUM ORIGINAL NO PULP NEVER FROM CONCENTRATE 100% ORANGE JUICE","4.61","0.0","Market Basket","52 fl oz","52 fl oz","X855.jpg","","1"
"10182","Frozen Food","Ice Cream & Ice","Ice Cream & Ice","Oreo","Breyer's Frozen Dairy Dessert Oreo Cookies & Cream","","Breyer's Frozen Dairy Dessert Oreo Cookies & Cream","4.09","0.0","Market Basket","48 oz","48 oz","17988.jpg","","21"
"475","Laundry & Paper Goods","Laundry","Laundry Detergent","Seventh Generation","Seventh Generation Laundry Detergent fresh Lavender scent","","Seventh Generation Laundry Detergent fresh Lavender scent","9.99","1.0","Market Basket","50 fl oz","50 fl oz","No Image.jpg","","15"
"31667","Frozen Food","Frozen Dinners & Entrees","Frozen Meal","Healthy Choice","Healthy Choice Power Bowls Cuban-Inspired Pork","072655001329","Healthy Choice Power Bowls Cuban-Inspired Pork","4.36","0.0","Market Basket","9.5 oz","9.5 oz","X4081.jpg","","18"
"10425","Cooking Needs","Canned Food","Canned Food","Goya","Goya Small White Beans","","Goya Small White Beans","1.89","0.0","Market Basket","16 oz","16 oz","5827.jpg","","7"
"6057","Beverages & Juices","Cocoa & Drink Mixes","Cocoa & Drink Mixes","Crystal Light","Crystal Light Strawberry Watermelon","","Crystal Light Strawberry Watermelon","3.75","0.0","Market Basket","1.85 oz","1.85 oz","No Image.jpg","","17"
"448","Kitchen & Cleaning","Trash Bags & Liners","Tall Trash Bags","Market Basket","Market Basket Drawstring Tall Kitchen Bags","","Market Basket Drawstring Tall Kitchen Bags","3.69","1.0","Market Basket","22 count","22 count","Market Basket.jpg","","12"
"4138","Meat & Seafood","Meat & Seafood Counter","Clams","Market Basket","Market Basket Minced Clams","","Market Basket Minced Clams","5.79","0.0","Market Basket","Approx: 0.95 lb at $6.09/lb","Approx: 0.95 lb at $6.09/lb","Market Basket.jpg","","22"
"31844","Frozen Food","Frozen Dinners & Entrees","Frozen Appetizers & Sides","Hungry-Man","Hungry-Man Roasted Carved White Meat Turkrey","051000062611","Hungry-Man Roasted Carved White Meat Turkrey","3.74","0.0","Market Basket","16 oz","16 oz","X4014.jpg","","18"
"5584","Chips, Cookies & Snacks","Candy & Chocolates","Candy & Chocolate","Sour Patch Kids","Sour Patch Watermelon Soft & Chewy Candy","","Sour Patch Watermelon Soft & Chewy Candy","1.29","0.0","Market Basket","8 oz","8 oz","14943.jpg","","3"
"4802","Meat & Seafood","Frozen Meat & Seafood","Other Frozen Seafood","Matlaw's","Matlaw's Stuffed Clams","","Matlaw's Stuffed Clams","4.29","0.0","Market Basket","9 x 20 oz","9 x 20 oz","16034.jpg","","18"
"13811","Breakfast & Dairy","Dairy & Eggs","Packaged Cheese","The Laughing Cow","The Laughing Cow Creamy White Cheddar Flavor Spreadable Cheese Wedges","","The Laughing Cow Creamy White Cheddar Flavor Spreadable Cheese Wedges","3.09","0.0","Market Basket","8 x 0.75 oz","8 x 0.75 oz","14615.jpg","","1"
"13707","Breakfast & Dairy","Dairy & Eggs","Packaged Cheese","Kraft","Kraft Singles White American Cheese Slices","","Kraft Singles White American Cheese Slices","3.29","0.0","Market Basket","16 x 12 oz","16 x 12 oz","125.jpg","","1"
"8818","Condiments & Dressings","Salad Dressings & Toppings","Salad Dressing & Toppings","Good Seasons","Good Seasons Garlic & Herb Dressing & Recipe Mix","","Good Seasons Garlic & Herb Dressing & Recipe Mix","1.69","0.0","Market Basket","0.75 oz","0.75 oz","15459.jpg","","2"
"3582","Fresh Produce","Fresh Vegetables","Celery","Dole","Dole Fresh Celery","","Dole Fresh Celery","3.55","0.0","Market Basket","1 bag","1 bag","14416.jpg","","20"
"5618","Chips, Cookies & Snacks","Chips & Fruit Snacks","Fruit & Vegetable Snacks","French's","French's Caramelized Crispy Fried Onions","","French's Caramelized Crispy Fried Onions","3.69","0.0","Market Basket","6 oz","6 oz","1535.jpg","","1"
"14638","Breakfast & Dairy","Tea & Coffee","Tea","Twinings","Twinings of London Decaffeinated Green Tea Bags","","Twinings of London Decaffeinated Green Tea Bags","3.69","0.0","Market Basket","20 count","20 count","3450.jpg","","8"
"31662","Frozen Food","Frozen Dinners & Entrees","Frozen Meal","Healthy Choice","Healthy Choice General Tso's Spicy Chicken","072655001060","Healthy Choice General Tso's Spicy Chicken","3.13","0.0","Market Basket","10.3 oz","10.3 oz","X4075.jpg","","18"
"8740","Condiments & Dressings","Preserved Dips & Spreads","Preserved Dips & Salsa","Herdez","Herdez Mild Salsa","","Herdez Mild Salsa","2.49","0.0","Market Basket","16 oz","16 oz","15584.jpg","","1"
"14951","Personal Care","First Aid & Healthcare","First Aid","Band Aid Brand","Band Aid Brand Adhesive Bandages Sheer, Assorted Sizes","","Band Aid Brand Adhesive Bandages Sheer, Assorted Sizes","4.7","1.0","Market Basket","80 count","80 count","6530.jpg","","13"
"439","Kitchen & Cleaning","Trash Bags & Liners","Tall Trash Bags","Glad","Glad Tall Kitchen Drawstring Bags Lavender","","Glad Tall Kitchen Drawstring Bags Lavender","9.19","1.0","Market Basket","40 count","40 count","4666.jpg","","12"
"32476","Beverages & Juices","Juices & Refrigerated Drinks","Juice & Nectars","Langers","Langers Apple Kiwi Strawberry 100% Juice","041755007081","Langers Apple Kiwi Strawberry 100% Juice","2.35","0.0","Market Basket","64 fl oz","64 fl oz","X2852.jpg","","10"
"33969","Breakfast & Dairy","Breads & Rolls","Bread","Pepperidge Farm","Pepperidge Farm Farmhouse Sweet Hawain Bread","014100049890","Pepperidge Farm Farmhouse Sweet Hawain Bread","4.99","0.0","Market Basket","22 oz","22 oz","X2536.jpg","","18"
"4076","Meat & Seafood","Meat & Seafood Counter","Beef","Market Basket","Market Basket Beef Chuck Boneless Top Blade Steak","","Market Basket Beef Chuck Boneless Top Blade Steak","9.74","0.0","Market Basket","Approx: 1.50 lb at $6.49/lb","Approx: 1.50 lb at $6.49/lb","Market Basket.jpg","","22"
"207","Kitchen & Cleaning","Cleaning Products","Scrub Sponge","SOS","SOS Sponges","","SOS Sponges","3.69","1.0","Market Basket","18 count","18 count","16761.jpg","","15"
"34555","Beverages & Juices","Juices & Refrigerated Drinks","Juice & Nectars","Snapple","Snapple All Natural Lemonade","076183455128","Snapple All Natural Lemonade","1.86","0.0","Market Basket","16 fl oz","16 fl oz","X2977.jpg","","10"
"32007","Condiments & Dressings","Marinades, Ketchup & Sauces","Sauce","Kabuto","Kabuto Stir Fry Sauce","081652032441","Kabuto Stir Fry Sauce","3.74","0.0","Market Basket","10 fl oz","10 fl oz","X3219.jpg","","2"
"34249","Breakfast & Dairy","Granola & Oats","Oats","Quaker","Quaker Lower Sugar Variety ( Apple & Cinnamon, Maple & Brown Sugar , Cinnamon & Spice) Instant Oatmeal","030000014998","Quaker Lower Sugar Variety ( Apple & Cinnamon, Maple & Brown Sugar , Cinnamon & Spice) Instant Oatmeal","3.13","0.0","Market Basket","11.5 oz","11.5 oz","X3586.jpg","","5"
"35331","Richardson's Farm Ice Cream","Frozen Yogurt","Vanilla","Richarson's Farm","Richarson's Farm Moose Tracks Frozen Yogurt 95% Fat Free","","Vanilla yogurt with a special hardening fudge ripple and peanut butter truffles","29.99","0.0","Richardson's Farm","3 Gal. Tub","3 Gal. Tub","RichardsonsFarm.jpg","",""
"32696","Breakfast & Dairy","Pancake & Waffle Mix","Pancake & Waffle Mix","Maple Grove Farms","Maple Grove Farms Sugar Free Pancake and Waffle Mix","074683008318","Maple Grove Farms Sugar Free Pancake and Waffle Mix","4.99","0.0","Market Basket","16 oz","16 oz","X3165.jpg","","2"
"33742","Meat & Seafood","Packaged Meat & Seafood","Bologna","Oscar Mayer","Oscar Mayer Thin Sliced Bologna ","","Oscar Mayer Thin Sliced Bologna ","2.24","0.0","Market Basket","12 oz","12 oz","X4495.jpg","","1"
"10476","Cooking Needs","Rice & Grains","Instant Food","Canada Dry","Canada Dry Ginger Ale","","Canada Dry Ginger Ale","3.09","0.0","Market Basket","8 x 7.5 fl oz","8 x 7.5 fl oz","17376.jpg","","17"
"6249","Beverages & Juices","Water","Water","Crystal Geyser","Crystal Geyser Water, Natural Alpine Spring","","Crystal Geyser Water, Natural Alpine Spring","1.88","0.0","Market Basket","1 gal","1 gal","16218.jpg","","11"
"3994","Fresh Produce","Fresh Vegetables","Spinach","Market Basket","Fresh Spinach bunch","","Fresh Spinach bunch","6.77","0.0","Market Basket","1 bunch","1 bunch","14338.jpg","","20"
"34442","Pasta & Sauces","Pasta Sauce","Pasta Sauce","Sable and Rosenfeld","Sable and Rosenfeld Mediterranean Olive Bruschetta","069702300306","Sable and Rosenfeld Mediterranean Olive Bruschetta","8.11","0.0","Market Basket","16 oz","16 oz","X1420.jpg","","4"
"14451","Breakfast & Dairy","Tea & Coffee","Coffee","Peet's Coffee","Peet's Coffee Big Bang Medium Roast Ground Coffee","","Peet's Coffee Big Bang Medium Roast Ground Coffee","15.89","0.0","Market Basket","20 oz","20 oz","3329.jpg","","8"
"14442","Breakfast & Dairy","Tea & Coffee","Coffee","New England Coffee","New England Coffee Colombian Supremo Medium Roasted Coffee K Cup Pods","","New England Coffee Colombian Supremo Medium Roasted Coffee K Cup Pods","7.39","0.0","Market Basket","12 count","12 count","3369.jpg","","8"
"13720","Breakfast & Dairy","Dairy & Eggs","Packaged Cheese","Market Basket","Ile De France Cheese, Soft Ripened, Camembert from Normandy","","Ile De France Cheese, Soft Ripened, Camembert from Normandy","4.89","0.0","Market Basket","8 oz","8 oz","14571.jpg","","1"
"34847","Breakfast & Dairy","Breads & Rolls","English Muffins","Thomas","Thomas English Muffins Pumpkin Spice LIMITED EDITION","048121184193","Thomas English Muffins Pumpkin Spice LIMITED EDITION","6.24","0.0","Market Basket","13 oz","13 oz","X2616.jpg","","18"
"31999","Beverages & Juices","Juices & Refrigerated Drinks","Juice & Nectars","Juicy Juice","Juicy Juice Grape","88949725968","Juicy Juice Grape","2.5","0.0","Market Basket","8 x 4.23 fl oz","8 x 4.23 fl oz","X3085.jpg","","10"
"34754","Frozen Food","Frozen Dessert","Frozen Dessert","Swanson","Swanson Turkey Pot Pie","051000060921","Swanson Turkey Pot Pie","1.24","0.0","Market Basket","7 oz","7 oz","X4149.jpg","","18"
"33456","Breakfast & Dairy","Bars & Pastries","Chewy Bars","Nature Valley ","Nature Valley Protien Chewy Bars Honey Peanut & almond","016000471962","Nature Valley Protien Chewy Bars Honey Peanut & almond","4.36","0.0","Market Basket","5 x 1.42 oz","5 x 1.42 oz","X3825.jpg","","5"
"5039","Chips, Cookies & Snacks","Cookies & Crackers","Cookies & Cakes","Creme de Pirouline","Creme de Pirouline Cream Filled Wafers Dark Chocolate","","Creme de Pirouline Cream Filled Wafers Dark Chocolate","7.8","0.0","Market Basket","14.1 oz","14.1 oz","14997.jpg","","6"
"10066","Frozen Food","Ice Cream & Ice","Ice Cream & Ice","Haagen-dazs","Haagen dazs Chocolate Peanut Butter Ice Cream","","Haagen dazs Chocolate Peanut Butter Ice Cream","3.69","0.0","Market Basket","1 pint","1 pint","3088.jpg","","21"
"31223","Frozen Food","Frozen Dinners & Entrees","Frozen Appetizers & Sides","El Monterey","El Monterey Chicken Enchiladas","071007323508","El Monterey Chicken Enchiladas","3.74","0.0","Market Basket","10.25 oz","10.25 oz","X4146.jpg","","18"
"31064","Pasta & Sauces","Pasta Sauce","Pasta Sauce","Cucina and Amore","Cucina and Amore Bruschetta Artichoke","728119098687","Cucina and Amore Bruschetta Artichoke","4.99","0.0","Market Basket","7.9 oz","7.9 oz","X1417.jpg","","4"
"3482","Fresh Produce","Fresh Herbs","Turmeric","Market Basket","Turmeric","","Turmeric","5.49","0.0","Market Basket","1 lb","1 lb","f71.jpg","","20"
"32030","Breakfast & Dairy","Bars & Pastries","Granola Bars","Kashi","Kashi Chocolate Sea Salt Chewy Granola Bars","018627100638","Kashi Chocolate Sea Salt Chewy Granola Bars","3.75","0.0","Market Basket","6 x 1.2 oz","6 x 1.2 oz","X3928.jpg","","5"
"32630","Cooking Needs","Rice & Grains","Grains, Rice & Dried Goods","Lundberg Family Farms","LundBerg Organic Whole Grain Rice & Seasoning Mix Quinoa Rice Gluten Free Whole Grain Vegan Spanish Style","073416020146","LundBerg Organic Whole Grain Rice & Seasoning Mix Quinoa Rice Gluten Free Whole Grain Vegan Spanish Style","3.74","0.0","Market Basket","6 oz","6 oz","X1067.jpg","","4"
"3634","Fresh Produce","Fresh Fruits","Banana","Market Basket","Banana","","Banana","0.28","0.0","Market Basket","1 count","1 count","14180.jpg","","20"
"368","Kitchen & Cleaning","Food Storage & Kitchen Supplies","Storage Containers","Ziploc","Ziploc Small Square Containers & Lids","","Ziploc Small Square Containers & Lids","3.49","1.0","Market Basket","4 count","4 count","4400.jpg","","12"
"8603","Condiments & Dressings","Pickled Goods & Olives","Pickled Goods & Olives","Claussen","Claussen Kosher Dill Deli Style Pickle Spears","","Claussen Kosher Dill Deli Style Pickle Spears","6.09","0.0","Market Basket","64 fl oz","64 fl oz","1927.jpg","","2"
"34591","Frozen Food","Frozen Dinners & Entrees","Frozen Appetizers & Sides","Soup Singles","Soup Singles Barley & Mushroom","071262290102","Soup Singles Barley & Mushroom","1.86","0.0","Market Basket","11 oz","11 oz","X4324.jpg","","18"
"15341","Personal Care","Vitamins & Proteins","Vitamins & Supplements","Nature Made","Nature Made Multivitamin For Her 50+ Tablets with No Iron","","Nature Made Multivitamin For Her 50+ Tablets with No Iron","12.64","1.0","Market Basket","90 count","90 count","18181.jpg","","13"
"7187","Cooking Needs","Spices & Seasonings","Spices & Seasonings","Badia","Badia Cinnamon Sticks","","Badia Cinnamon Sticks","3.69","0.0","Market Basket","9 oz","9 oz","2223.jpg","","9"
"9867","Frozen Food","Frozen Produce","Frozen Produce","Market Basket","Market Basket Frozen Mixed Vegetables","","Market Basket Frozen Mixed Vegetables","1.29","0.0","Market Basket","16 oz","16 oz","Market Basket.jpg","","19"
"30332","Pasta & Sauces","Raw Pasta","Raw Pasta","Barilla","Barilla Pasta Fettuccine","076808507386","Barilla Pasta Fettuccine","1.74","0.0","Market Basket","1 lb","1 lb","X1636.jpg","","4"
"4048","Meat & Seafood","Meat & Seafood Counter","Beef","Certified Angus Beef","Certified Angus Beef Boneless Strip Steak USDA Prime","","Certified Angus Beef Boneless Strip Steak USDA Prime","9.99","0.0","Market Basket","0.7 lb","0.7 lb","4048.jpg","","22"
"6124","Beverages & Juices","Soft Drinks & Seltzers","Soft Drinks","Fanta","Fanta Grape Soda","","Fanta Grape Soda","1.24","0.0","Market Basket","2 L","2 L","No Image.jpg","","17"
"3552","Fresh Produce","Fresh Vegetables","Bok Choy","Market Basket","Bok Choy","","Bok Choy","4.35","0.0","Market Basket","1 count","1 count","14373.jpg","","20"
"30247","Meat & Seafood","Packaged Meat & Seafood","Bacon","Ball Park ","Ball Park Flame Grilled Beef With Cheese & Bacon Patty ","","Ball Park Flame Grilled Beef With Cheese & Bacon Patty ","9.49","0.0","Market Basket","16 oz","16 oz","X4697.jpg","","1"
"33963","Breakfast & Dairy","Breads & Rolls","Bread","Pepperidge Farm","Pepperidge Farm Farmhouse 12 Grain Bread","014100082996","Pepperidge Farm Farmhouse 12 Grain Bread","4.99","0.0","Market Basket","24 oz","24 oz","X2530.jpg","","18"
"10097","Frozen Food","Ice Cream & Ice","Ice Cream & Ice","Hood","Hood Ice Cream Golden Vanilla","","Hood Ice Cream Golden Vanilla","3.69","0.0","Market Basket","1.5 quart","1.5 quart","3101.jpg","","21"
"9724","Frozen Food","Frozen Pizza","Frozen Pizza","Market Basket","Market Basket Wheat Pizza Dough","","Market Basket Wheat Pizza Dough","1.59","0.0","Market Basket","18.5 oz","18.5 oz","Market Basket.jpg","","19"
"119","Kitchen & Cleaning","Cleaning Products","Cleaning Wipes","Weiman","Weiman Stainless Steel Wipes","","Weiman Stainless Steel Wipes","4.89","1.0","Market Basket","30 count","30 count","4308.jpg","","15"
"6479","Chips, Cookies & Snacks","Nuts, Seeds & Dried Fruit","Nuts, Seeds & Dried Fruit","River Queen","River Queen Honey Roasted Peanuts","","River Queen Honey Roasted Peanuts","2.5","0.0","Market Basket","13 oz","13 oz","No Image.jpg","","6"
"5083","Chips, Cookies & Snacks","Cookies & Crackers","Cookies & Cakes","Market Basket","Market Basket Vanilla Creme Cookies","","Market Basket Vanilla Creme Cookies","3.42","0.0","Market Basket","25 oz","25 oz","Market Basket.jpg","","6"
"4354","Meat & Seafood","Meat & Seafood Counter","Sole","Market Basket","Market Basket Sole Fillets","","Market Basket Sole Fillets","13.69","0.0","Market Basket","Approx: 1.02 lb at $13.4/lb","Approx: 1.02 lb at $13.4/lb","Market Basket.jpg","","22"
"33639","Beverages & Juices","Juices & Refrigerated Drinks","Juice & Nectars","Northland","Northland Cranberry 100% Juice No Sugar Added","753792002010","Northland Cranberry 100% Juice No Sugar Added","3.74","0.0","Market Basket","64 fl oz","64 fl oz","X2788.jpg","","10"
"32184","Breakfast & Dairy","Bars & Pastries","Breakfast Bars","Kellogg's ","Kellogg's Rice Krispies Treat Cookies N' Cream ","038000234316","Kellogg's Rice Krispies Treat Cookies N' Cream ","3.13","0.0","Market Basket","7 x 0.78 oz","7 x 0.78 oz","X3539.jpg","","5"
"4948","Chips, Cookies & Snacks","Chips & Fruit Snacks","Chips & Pretzels","Snyder's of Hanover","Snyder's of Hanover Snaps Pretzels","","Snyder's of Hanover Snaps Pretzels","3.91","0.0","Market Basket","16 oz","16 oz","895.jpg","","0"
"8618","Condiments & Dressings","Pickled Goods & Olives","Pickled Goods & Olives","Goya","Goya Salad Olives","","Goya Salad Olives","2.49","0.0","Market Basket","7 oz","7 oz","1873.jpg","","7"
"9372","Frozen Food","Frozen Fruit & Juice","Frozen Juice","Ensure","Ensure Plus Vanilla Shake","","Ensure Plus Vanilla Shake","12.19","0.0","Market Basket","6 x 8 fl oz","6 x 8 fl oz","Market Basket.jpg","","21"
"35264","Richardson's Farm Ice Cream","Ice Cream","Snickers","Richarson's Farm","Richarson's Farm Snickas with Snickersï¿½ Ice Cream 16% Butterfat","","Vanilla ice cream with Snickersï¿½ bars, chocolate chips, peanuts, and a caramel swirl","32.99","0.0","Richardson's Farm","3 Gal. Tub","3 Gal. Tub","RichardsonsFarm.jpg","",""
"32487","Condiments & Dressings","Marinades, Ketchup & Sauces","Marinades & Meat Preparation","Lawry's ","Lawry' Marinade Korean-Style BBQ Sweet Asian Flavor With Ginger & Plum Juice ","021500012041","Lawry' Marinade Korean-Style BBQ Sweet Asian Flavor With Ginger & Plum Juice ","2.5","0.0","Market Basket","16 fl oz","16 fl oz","X2067.jpg","","2"
"193","Kitchen & Cleaning","Cleaning Products","Other Cleaning Products","Windex","Windex Cleaner Crystal Rain Ammonia-Free","","Windex Cleaner Crystal Rain Ammonia-Free","4.29","1.0","Market Basket","23 fl oz","23 fl oz","18056.jpg","","15"
"320","Kitchen & Cleaning","Food Storage & Kitchen Supplies","Storage Bags","Hefty","Hefty Jumbo Slider Storage Bags","","Hefty Jumbo Slider Storage Bags","3.69","1.0","Market Basket","12 x 1 gal","12 x 1 gal","4413.jpg","","12"
"14888","Personal Care","Feminine Care","Menstrual Pads","Always","Always Xtra Protection Regular","","Always Xtra Protection Regular","8.5","1.0","Market Basket","100 count","100 count","18160.jpg","","13"
"6485","Chips, Cookies & Snacks","Nuts, Seeds & Dried Fruit","Nuts, Seeds & Dried Fruit","Teddie Premium Selection","Teddie Premium Selection Extra Large Virginia Peanuts","","Teddie Premium Selection Extra Large Virginia Peanuts","3.13","0.0","Market Basket","9 oz","9 oz","No Image.jpg","","6"
"7634","Cooking Needs","Canned Food","Canned Fruit & Applesauce","Dole","Dole Tropical Fruit in 100% Fruit Juice","","Dole Tropical Fruit in 100% Fruit Juice","3.09","0.0","Market Basket","23.5 oz","23.5 oz","4933.jpg","","3"
"6894","Cooking Needs","Baking & Cooking","Baking Ingredients","Maseca","Maseca Instant Corn Masa Flour","","Maseca Instant Corn Masa Flour","3.69","0.0","Market Basket","4.4 lb","4.4 lb","15723.jpg","","8"
"3979","Fresh Produce","Fresh Vegetables","Speciality Produce","Market Basket","Leek","","Leek","4.24","0.0","Market Basket","1 lb","1 lb","14390.jpg","","20"
"142","Kitchen & Cleaning","Cleaning Products","Other Cleaning Products","Butler Gum","Butler Gum Plastic Angled Broom","","Butler Gum Plastic Angled Broom","8.59","1.0","Market Basket","1 count","1 count","No Image.jpg","","15"
"9979","Frozen Food","Ice Cream & Ice","Ice Cream & Ice","Breyer's","Breyers Frozen Dairy Dessert Rocky Road","","Breyers Frozen Dairy Dessert Rocky Road","4.29","0.0","Market Basket","48 oz","48 oz","18030.jpg","","21"
"14816","Personal Care","Body Wash, Soap & Hair Care","Hair Care","White Rain","White Rain Apple Blossom Moisturizing Shampoo","","White Rain Apple Blossom Moisturizing Shampoo","1.48","1.0","Market Basket","15 fl oz","15 fl oz","6602.jpg","","13"
"33515","Breakfast & Dairy","Cereal","Cereal","Nature's Path","Nature's Path Orignal Flax Plus Multibran Flakes","058449770503","Nature's Path Orignal Flax Plus Multibran Flakes","4.99","0.0","Market Basket","13.25 oz","13.25 oz","X3686.jpg","","5"
"34413","Meat & Seafood","Canned Meat & Seafood","Other Meat","Romanoff ","Romanoff Caviar Vodka LumpFish","","Romanoff Caviar Vodka LumpFish","3.74","0.0","Market Basket","2 oz","2 oz","X1905.jpg","","2"
"34899","Breakfast & Dairy","Dairy & Eggs","Yogurt","Tropical ","Tropical Drinkable Lowfat Yogurt Para Beber Mango","","Tropical Drinkable Lowfat Yogurt Para Beber Mango","0.99","0.0","Market Basket","7 fl oz","7 fl oz","X843.jpg","","1"
"35180","Condiments & Dressings","Marinades, Ketchup & Sauces","Sauce","World Harbors ","World Harbors Sriracha Sauce & Marinade ","715364400372","World Harbors Sriracha Sauce & Marinade ","3.13","0.0","Market Basket","16 fl oz","16 fl oz","X5359.jpg","","3"
"35036","Beverages & Juices","Energy & Sports Drinks","Energy & Sports Drinks","Vitamin Water","Vitamin Water XXX Acai Blueberry Pomegranate","786162150004","Vitamin Water XXX Acai Blueberry Pomegranate","1.1","0.0","Market Basket","20 fl oz","20 fl oz","X2765.jpg","","10"
"33678","Beverages & Juices","Juices & Refrigerated Drinks","Juice & Nectars","Ocean Spray","Ocean Spray Cran Apple Juice Drink from Concentrate","031200202970","Ocean Spray Cran Apple Juice Drink from Concentrate","5.36","0.0","Market Basket","3 L","3 L","X2844.jpg","","10"
"13511","Breakfast & Dairy","Dairy & Eggs","Milk","McArthur","McArthur 1% Lowfat Milk","","McArthur 1% Lowfat Milk","3.69","0.0","Market Basket","0.5 gal","0.5 gal","523.jpg","","1"
"31503","Chips, Cookies & Snacks","Candy & Chocolates","Candy & Chocolate","Ghirardelli","Ghirardelli Chocolate Dark Chocolate Sea Salt Cashews","","Ghirardelli Chocolate Dark Chocolate Sea Salt Cashews","4.99","0.0","Market Basket","4.8 oz","4.8 oz","X289.jpg","","3"
"30792","Breakfast & Dairy","Breads & Rolls","English Muffins","Canyon Bakehouse","Canyon Bakehouse Gluten Free Honey Whole Grains English Muffins","835841002393","Canyon Bakehouse Gluten Free Honey Whole Grains English Muffins","7.49","0.0","Market Basket","12 oz","12 oz","X2573.jpg","","18"
"30190","Beverages & Juices","Tea, Coffee, Milk & Coconut Water","Tea","AriZona","AriZona Lite Half & Half Iced Tea Lemonade","613008725921","AriZona Lite Half & Half Iced Tea Lemonade","4.99","0.0","Market Basket","12 x 11.5 fl oz","12 x 11.5 fl oz","X3062.jpg","","10"
"31009","Cooking Needs","Canned Food","Tomato Paste","Contadina","Contadina Roma Tomatoes Paste with Roasted Garlic","024000371267","Contadina Roma Tomatoes Paste with Roasted Garlic","0.99","0.0","Market Basket","6 oz","6 oz","X1293.jpg","","4"
"30717","Frozen Food","Frozen Pasta","Frozen Pasta","Buitoni ","Buitoni Mushroom Agnolotti  Frozen Pasta","","Buitoni Mushroom Agnolotti  Frozen Pasta","4.99","0.0","Market Basket","8 oz","8 oz","X4682.jpg","","1"
"7917","Cooking Needs","Canned Food","Soup, Broth & Bouillon","Better Than Bouillon","Seasoned Vegetable Base, Premium, Jar","","Seasoned Vegetable Base, Premium, Jar","4.89","0.0","Market Basket","8 oz","8 oz","17245.jpg","","2"
"32036","Breakfast & Dairy","Cereal","Cereal","Kashi","Kashi Go Spark Flakes & Clusters","018627109969","Kashi Go Spark Flakes & Clusters","3.75","0.0","Market Basket","11 oz","11 oz","X3710.jpg","","5"
"13880","Breakfast & Dairy","Dairy & Eggs","Soy & Lactose-Free","Califia Farms","Califia Farms Unsweetened Almondmilk","","Califia Farms Unsweetened Almondmilk","3.69","0.0","Market Basket","48 oz","48 oz","785.jpg","","1"
"6466","Chips, Cookies & Snacks","Nuts, Seeds & Dried Fruit","Nuts, Seeds & Dried Fruit","Planters","Planters Lightly Salted Cocktail Peanuts","","Planters Lightly Salted Cocktail Peanuts","3.74","0.0","Market Basket","16 oz","16 oz","No Image.jpg","","6"
"5108","Chips, Cookies & Snacks","Cookies & Crackers","Cookies & Cakes","Pepperidge Farm","Pepperidge Farm Brussels Dark Chocolate Cookies","","Pepperidge Farm Brussels Dark Chocolate Cookies","4.69","0.0","Market Basket","5.25 oz","5.25 oz","15041.jpg","","6"
"8567","Cooking Needs","Oils & Vinegars","Oils & Vinegars","Pure Wesson","Pure Wesson Canola Oil","","Pure Wesson Canola Oil","9.19","0.0","Market Basket","1 gal","1 gal","1821.jpg","","2"
"7509","Cooking Needs","Canned Food","Canned & Jarred Vegetables","Market Basket","Market Basket Italian Style Diced Tomatoes In Tomato Juice","","Market Basket Italian Style Diced Tomatoes In Tomato Juice","1.29","0.0","Market Basket","28 oz","28 oz","Market Basket.jpg","","9"
"323","Kitchen & Cleaning","Food Storage & Kitchen Supplies","Storage Bags","Market Basket","Market Basket Fold And Close Sandwich Bags","","Market Basket Fold And Close Sandwich Bags","1.29","1.0","Market Basket","150 bag(s)","150 bag(s)","Market Basket.jpg","","12"
"5176","Chips, Cookies & Snacks","Cookies & Crackers","Crackers","Glutino","Glutino Gluten Free Crackers Original","","Glutino Gluten Free Crackers Original","6.22","0.0","Market Basket","4.4 oz","4.4 oz","15128.jpg","","6"
"59","Kitchen & Cleaning","Air Fresheners & Candles","Candle","Glade","Glade Crafted Soy Candle Sweet Pea Pear","","Glade Crafted Soy Candle Sweet Pea Pear","8.59","1.0","Market Basket","4.2 oz","4.2 oz","4223.jpg","","12"
"9174","Frozen Food","Frozen Dinners & Entrees","Frozen Appetizers & Sides","Ore-Ida","Ore Ida Golden Steak Fries French Fried Potatoes","","Ore Ida Golden Steak Fries French Fried Potatoes","3.59","0.0","Market Basket","28 oz","28 oz","2572.jpg","","19"
"14348","Breakfast & Dairy","Tea & Coffee","Coffee","Cafe Bustelo","Cafe Bustelo Espresso Instant Coffee","","Cafe Bustelo Espresso Instant Coffee","7.39","0.0","Market Basket","7.05 oz","7.05 oz","16281.jpg","","8"
"4696","Meat & Seafood","Canned Meat & Seafood","Canned Tuna","StarKistÃÂ®","StarKistÃÂ® StarKist Solid White Albacore Tuna In Water","","StarKistÃÂ® StarKist Solid White Albacore Tuna In Water","4.89","0.0","Market Basket","12 oz","12 oz","5202.jpg","","2"
"6838","Cooking Needs","Baking & Cooking","Baking Ingredients","Florida Crystals","Florida Crystals Organic Sugar Pure Florida Cane Sugar","","Florida Crystals Organic Sugar Pure Florida Cane Sugar","3.09","0.0","Market Basket","32 oz","32 oz","15702.jpg","","8"
"5659","Chips, Cookies & Snacks","Candy & Chocolates","Mint & Gum","LifeSavers","LifeSavers Wintogreen","","LifeSavers Wintogreen","2.19","0.0","Market Basket","6.25 oz","6.25 oz","1501.jpg","","3"
"5008","Chips, Cookies & Snacks","Chips & Fruit Snacks","Chips & Pretzels","Utz","Utz Party Mix Cheese Crunchies Tortilla Chips Bbq Corn Chips Pretzel Wheels Nachos","","Utz Party Mix Cheese Crunchies Tortilla Chips Bbq Corn Chips Pretzel Wheels Nachos","6.23","0.0","Market Basket","26 oz","26 oz","No Image.jpg","","0"
"33961","Breakfast & Dairy","Breads & Rolls","Bread","Pepperidge Farm","Pepperidge Farm Farmhouse Honey White Bread","014100051664","Pepperidge Farm Farmhouse Honey White Bread","4.99","0.0","Market Basket","22 oz","22 oz","X2528.jpg","","18"
"6413","Chips, Cookies & Snacks","Chips & Fruit Snacks","Rice Cake","Lundberg Family Farms","Lundberg Family Farms Brn Rice Rice Cake Lightly Salted Eco Farmed Rice Cakes","","Lundberg Family Farms Brn Rice Rice Cake Lightly Salted Eco Farmed Rice Cakes","3.74","0.0","Market Basket","6 oz","6 oz","15131.jpg","","6"
"7797","Cooking Needs","Canned Food","Canned Meals & Beans","Market Basket","Market Basket Pinto Beans","","Market Basket Pinto Beans","0.89","0.0","Market Basket","15.5 oz","15.5 oz","Market Basket.jpg","","2"
"4860","Chips, Cookies & Snacks","Chips & Fruit Snacks","Chips & Pretzels","Lay's","Lay'S Barbecue Flavored Potato Chips","","Lay'S Barbecue Flavored Potato Chips","3.91","0.0","Market Basket","7.75 oz","7.75 oz","887.jpg","","0"
"14967","Personal Care","First Aid & Healthcare","First Aid","Neosporin","Neosporin Original Ointment","","Neosporin Original Ointment","7.0","1.0","Market Basket","0.5 oz","0.5 oz","6543.jpg","","13"
"32561","Condiments & Dressings","Pickled Goods & Olives","Pickled Goods & Olives","Levant ","Levant  Mditerranean Delicacies Eggplant Spread ","859215008086","Levant  Mditerranean Delicacies Eggplant Spread ","3.74","0.0","Market Basket","19 oz","19 oz","X2307.jpg","","2"
"32389","Breakfast & Dairy","Breads & Rolls","Rolls","Koffee Kup Bakery","Koffee Kup Bakery Hoagie Rolls","074016015907","Koffee Kup Bakery Hoagie Rolls","4.86","0.0","Market Basket","15 oz","15 oz","X2590.jpg","","18"
"7962","Cooking Needs","Canned Food","Soup, Broth & Bouillon","Campbell's","Campbell's Condensed Campbell's Condensed Healthy Request Cream of Chicken Soup","","Campbell's Condensed Campbell's Condensed Healthy Request Cream of Chicken Soup","2.09","0.0","Market Basket","10.5 oz","10.5 oz","5312.jpg","","2"
"6433","Chips, Cookies & Snacks","Nuts, Seeds & Dried Fruit","Nuts, Seeds & Dried Fruit","Sunsweet","Sunsweet Pitted Prunes Orange Essence","","Sunsweet Pitted Prunes Orange Essence","2.86","0.0","Market Basket","6 oz","6 oz","1388.jpg","","6"
"9057","Condiments & Dressings","Preserved Dips & Spreads","Spreads","Smucker's","Smucker's Sugar Free Orange Marmalade","","Smucker's Sugar Free Orange Marmalade","2.99","0.0","Market Basket","12.75 oz","12.75 oz","1628.jpg","","3"
"10237","Frozen Food","Ice Cream & Ice","Ice Cream & Ice","Talenti","Talenti Ice Cream Southern Butter Pecan","","Talenti Ice Cream Southern Butter Pecan","4.89","0.0","Market Basket","1 pint","1 pint","3170.jpg","","21"
"35338","Richardson's Farm Ice Cream","Frozen Yogurt","Mint","Richarson's Farm","Richarson's Farm Mint Patty Frozen Yogurt 95% Fat Free","","Mint yogurt with chocolate chips and peppermint patties","7.99","0.0","Richardson's Farm","1-2 Gal. Container","1-2 Gal. Container","RichardsonsFarm.jpg","",""
"7711","Cooking Needs","Canned Food","Canned Meals & Beans","Bush's Best","Bush's Best Reduced Sodium Cannellini Beans","","Bush's Best Reduced Sodium Cannellini Beans","1.29","0.0","Market Basket","15.5 oz","15.5 oz","5146.jpg","","2"
"8728","Condiments & Dressings","Preserved Dips & Spreads","Preserved Dips & Salsa","Mitchell's","Mitchell's Fresh Fresh Salsa","","Mitchell's Fresh Fresh Salsa","4.89","0.0","Market Basket","15 oz","15 oz","15586.jpg","","20"
"34184","Beverages & Juices","Tea, Coffee, Milk & Coconut Water","Tea","Pure Leaf","Pure Leaf Cherry Hibiscus Brewed Herbal Tea Caffeine free","012000180941","Pure Leaf Cherry Hibiscus Brewed Herbal Tea Caffeine free","1.24","0.0","Market Basket","18.5 fl oz","18.5 fl oz","X2952.jpg","","10"
"4208","Meat & Seafood","Packaged Meat & Seafood","Chicken Breast","Perdue","Perdue Carved Chicken BreastOriginal Roasted","","Perdue Carved Chicken BreastOriginal Roasted","4.89","0.0","Market Basket","0.56 lb","0.56 lb","4106.jpg","","22"
"14952","Personal Care","First Aid & Healthcare","First Aid","Band Aid Brand","Band Aid Brand Adhesive Bandages Tough-Strips , All One Size","","Band Aid Brand Adhesive Bandages Tough-Strips , All One Size","4.7","1.0","Market Basket","20 count","20 count","6529.jpg","","13"
"35277","Richardson's Farm Ice Cream","Ice Cream","Black Raspberry","Richarson's Farm","Richarson's Farm Phantomberry Ice Cream 16% Butterfat","","Black raspberry ice cream with a cookie crunch swirl and fudge brownie pieces","32.99","0.0","Richardson's Farm","3 Gal. Tub","3 Gal. Tub","RichardsonsFarm.jpg","",""
"14421","Breakfast & Dairy","Tea & Coffee","Coffee","Maxwell House","Maxwell House Original Medium Roast Ground Coffee","","Maxwell House Original Medium Roast Ground Coffee","7.39","0.0","Market Basket","30.6 oz","30.6 oz","3385.jpg","","8"
"7906","Cooking Needs","Canned Food","Soup, Broth & Bouillon","Amy's","Amy's Organic Soups Lentil","","Amy's Organic Soups Lentil","3.69","0.0","Market Basket","14.5 oz","14.5 oz","17219.jpg","","2"
"8342","Condiments & Dressings","Fresh Dips & Tapenades","Fresh Dips & Tapenades","Sea Gold","Sea Gold Seafood & Crab Dip","","Sea Gold Seafood & Crab Dip","3.69","0.0","Market Basket","7 oz","7 oz","17324.jpg","","1"
"33728","Breakfast & Dairy","Dairy & Eggs","Sour Cream","Organic Valley","ORGANIC VALLEY Sour Cream Rich & Creamy","","ORGANIC VALLEY Sour Cream Rich & Creamy","3.74","0.0","Market Basket","1 lb","1 lb","X706.jpg","","1"
"14362","Breakfast & Dairy","Tea & Coffee","Coffee","Dunkin' Donuts","Dunkin' Donuts Original Iced Coffee Bottle","","Dunkin' Donuts Original Iced Coffee Bottle","3.09","0.0","Market Basket","13.7 oz","13.7 oz","3381.jpg","","17"
"9846","Frozen Food","Frozen Produce","Frozen Produce","Market Basket","Market Basket Cooked Squash","","Market Basket Cooked Squash","1.29","0.0","Market Basket","12 oz","12 oz","Market Basket.jpg","","19"
"32878","Breakfast & Dairy","Breads & Rolls","Rolls","Market Basket","Market Basket 12 Sliced Hamburg Rolls","049705102190","Market Basket 12 Sliced Hamburg Rolls","2.24","0.0","Market Basket","21.5 oz","21.5 oz","X2363.jpg","","18"
"35087","Condiments & Dressings","Preserved Dips & Spreads","Spreads","Welch's","Welch's Straberry Spread ","","Welch's Straberry Spread ","3.11","0.0","Market Basket","20 oz","20 oz","X889.jpg","","3"
"30801","Frozen Food","Frozen Pizza","Frozen Pizza","Cape Code Cafe ","Cape Code Cafe Pizza","0677636000041","Cape Code Cafe Pizza","7.49","0.0","Market Basket","19 oz","19 oz","X4895.jpg","","19"
"31801","Pasta & Sauces","Instant Pasta","Instant Pasta","Hormel","Hormel Dinty Chicken Alfredo oven roasted white chicken meat & penne pasta in a creamy alfredo sauce ","037600349864","Hormel Dinty Chicken Alfredo oven roasted white chicken meat & penne pasta in a creamy alfredo sauce ","2.5","0.0","Market Basket","10 oz","10 oz","X1241.jpg","","4"
"34378","Cooking Needs","Rice & Grains","Instant Rice","Rice Roni","Rice Roni Rice Pilaf- Rice, Pasta, herbs & seasonings","015300430594","Rice Roni Rice Pilaf- Rice, Pasta, herbs & seasonings","1.25","0.0","Market Basket","7.2 oz","7.2 oz","X989.jpg","","4"
"4327","Meat & Seafood","Meat & Seafood Counter","Pork","Market Basket","Pork Shoulder Picnic","","Pork Shoulder Picnic","14.8","0.0","Market Basket","Approx: 7.83 lb at $1.89/lb","Approx: 7.83 lb at $1.89/lb","16672.jpg","","22"
"30900","Breakfast & Dairy","Dairy & Eggs","Yogurt","Chobani","Chobani  Greek Yogurt Coconut Blended ","","Chobani  Greek Yogurt Coconut Blended ","1.25","0.0","Market Basket","5.3 oz","5.3 oz","X107.jpg","","1"
"32369","Cooking Needs","Rice & Grains","Rice/Pasta Sides","Knorr","Knorr Pasta Sides Butter and Herb","041000022517","Knorr Pasta Sides Butter and Herb","1.25","0.0","Market Basket","4.4 oz","4.4 oz","X1177.jpg","","4"
"30960","Pasta & Sauces","Pasta Sauce","Pasta Sauce","Classico","Classico Pasta Sauce Fire Roasted Tomato and Garlic","041129077009","Classico Pasta Sauce Fire Roasted Tomato and Garlic","2.5","0.0","Market Basket","24 oz","24 oz","X1489.jpg","","4"
"34073","Breakfast & Dairy","Bars & Pastries","Pastries","Pop Tarts","Poptarts Frosted Chocolate Cupcakes","038000108133","Poptarts Frosted Chocolate Cupcakes","2.5","0.0","Market Basket","13.5 oz","13.5 oz","X3505.jpg","","5"
"32411","Condiments & Dressings","Salad Dressings & Toppings","Salad Dressing & Toppings","Kraft","Kraft Classic Catalina Fat Free Dressing ","021000642762","Kraft Classic Catalina Fat Free Dressing ","2.5","0.0","Market Basket","16 fl oz","16 fl oz","X468.jpg","","2"
"32661","Breakfast & Dairy","Cereal","Cereal","Malt O Meal","Malt O Meal Apple Zings ","042400069225","Malt O Meal Apple Zings ","3.75","0.0","Market Basket","19.5 oz","19.5 oz","X3475.jpg","","5"
"10064","Frozen Food","Ice Cream & Ice","Ice Cream & Ice","Haagen-dazs","Haagen dazs Chocolate Ice Cream","","Haagen dazs Chocolate Ice Cream","1.29","0.0","Market Basket","3.6 fl oz","3.6 fl oz","3075.jpg","","21"
"13393","Breakfast & Dairy","Dairy & Eggs","Cream","Tropical","Tropical Crema Salvadorena","","Tropical Crema Salvadorena","3.69","0.0","Market Basket","14 oz","14 oz","14752.jpg","","1"
"6957","Cooking Needs","Baking & Cooking","Doughs, Gelatins & Bake Mixes","Duncan Hines","Duncan Hines Pie Filling & Topping, Blueberry","","Duncan Hines Pie Filling & Topping, Blueberry","3.09","0.0","Market Basket","21 oz","21 oz","2092.jpg","","8"
"31639","Frozen Food","Frozen Pizza","Frozen Pizza","Half Baked ","Half Baked Lake Monster ","854527004078","Half Baked Lake Monster ","8.74","0.0","Market Basket","18.70 oz","18.70 oz","X4906.jpg","","19"
"34874","Pasta & Sauces","Raw Pasta","Raw Pasta","Tinkyada","Tinkyada Pasta Brown Rice Pasta Spaghetti","621683920159","Tinkyada Pasta Brown Rice Pasta Spaghetti","4.61","0.0","Market Basket","16 oz","16 oz","X1565.jpg","","4"
"6469","Chips, Cookies & Snacks","Nuts, Seeds & Dried Fruit","Nuts, Seeds & Dried Fruit","Planters","Planters Wholesome Nut Mix","","Planters Wholesome Nut Mix","6.24","0.0","Market Basket","7.5 oz","7.5 oz","No Image.jpg","","6"
"3683","Fresh Produce","Fresh Fruits","Mixed Fruit platters and bowls","Market Basket","Snackers Platter","","Snackers Platter","39.32","0.0","Market Basket","1 each","1 each","Market Basket.jpg","","20"
"30894","Beverages & Juices","Juices & Refrigerated Drinks","Juice & Nectars","Cherribundi","Cherribundi Original Natural Tart Cherry Juice","895192001399","Cherribundi Original Natural Tart Cherry Juice","3.74","0.0","Market Basket","24 fl oz","24 fl oz","X2785.jpg","","10"
"34787","Frozen Food","Frozen Dinners & Entrees","Frozen Meal","TAI & PEI","TAI & PEI Vegetable Lo Mein","070077812813","TAI & PEI Vegetable Lo Mein","2.99","0.0","Market Basket","10 oz","10 oz","X3981.jpg","","18"
"6260","Beverages & Juices","Water","Water","Essentia","Essentia Water Purified Water","","Essentia Water Purified Water","24.99","0.0","Market Basket","12 x 1.5 L","12 x 1.5 L","No Image.jpg","","11"
"6315","Beverages & Juices","Water","Sparkling Water","Poland Spring","Poland Spring Sparkling Water, Orange Mango","","Poland Spring Sparkling Water, Orange Mango","3.74","0.0","Market Basket","8 x 12 fl oz","8 x 12 fl oz","No Image.jpg","","11"
"32628","Cooking Needs","Rice & Grains","Grains, Rice & Dried Goods","Lundberg Family Farms","LundBerg Organic Whole Grain Rice & Seasoning Mix Yellow Rice Gluten Free Whole Grain Vegan","073416510203","LundBerg Organic Whole Grain Rice & Seasoning Mix Yellow Rice Gluten Free Whole Grain Vegan","4.36","0.0","Market Basket","6 oz","6 oz","X1065.jpg","","4"
"15256","Personal Care","Personal Needs","Oral Hygiene","Sensodyne","Sensodyne Pronamel Toothpaste","","Sensodyne Pronamel Toothpaste","8.5","1.0","Market Basket","4 oz","4 oz","17773.jpg","","13"
"31002","Condiments & Dressings","Marinades, Ketchup & Sauces","Mustard Sauce","Colman's ","Colman's Est 1814 Of Norwich Muatard Powder ","667803002435","Colman's Est 1814 Of Norwich Muatard Powder ","5.86","0.0","Market Basket","4 oz","4 oz","X2163.jpg","","2"
"9806","Frozen Food","Frozen Produce","Frozen Produce","Wyman's","Wyman's Of Maine Fresh Frozen Mango Chunks","","Wyman's Of Maine Fresh Frozen Mango Chunks","3.69","0.0","Market Basket","15 oz bag","15 oz bag","2490.jpg","","19"
"248","Kitchen & Cleaning","Dish Detergents","Dish Liquid","Palmolive","Palmolive Ultra Ultra Strength Dish Liquid","","Palmolive Ultra Ultra Strength Dish Liquid","2.69","1.0","Market Basket","32.5 fl oz","32.5 fl oz","4354.jpg","","15"
"8409","Condiments & Dressings","Marinades, Ketchup & Sauces","Marinades & Meat Preparation","Heinz","Heinz HomeStyle Classic Chicken Gravy","","Heinz HomeStyle Classic Chicken Gravy","2.09","0.0","Market Basket","12 oz","12 oz","1954.jpg","","9"
"34008","Cooking Needs","Baking & Cooking","Stuffing Mix","Pepperidge Farm","Pepperidge Farm Corn Bread CLASSIC STUFFING Toasted Corn Bread Blended With Selected Seasonings ","","Pepperidge Farm Corn Bread CLASSIC STUFFING Toasted Corn Bread Blended With Selected Seasonings ","3.13","0.0","Market Basket","12 oz","12 oz","X726.jpg","","1"
"9945","Frozen Food","Ice Cream & Ice","Ice Cream & Ice","Ben & Jerry's","Ben & Jerry's Ice Cream Everything But TheÃ¢â¬Â¦","","Ben & Jerry's Ice Cream Everything But TheÃ¢â¬Â¦","4.79","0.0","Market Basket","1 pint","1 pint","3010.jpg","","21"
"7751","Cooking Needs","Canned Food","Canned Meals & Beans","Goya","Goya Navy Beans","","Goya Navy Beans","0.99","0.0","Market Basket","15.5 oz","15.5 oz","5109.jpg","","7"
"9941","Frozen Food","Ice Cream & Ice","Ice Cream & Ice","Ben & Jerry's","Ben & Jerry's Ice Cream Chocolate Fudge Brownie","","Ben & Jerry's Ice Cream Chocolate Fudge Brownie","4.59","0.0","Market Basket","1 pint","1 pint","17997.jpg","","21"
"35317","Richardson's Farm Ice Cream","Ice Cream","Rum based","Richarson's Farm","Richarson's Farm Rum Raisin Ice Cream 16% Butterfat","","Rum based ice cream with rum soaked raisins","7.99","0.0","Richardson's Farm","1-2 Gal. Container","1-2 Gal. Container","RichardsonsFarm.jpg","",""
"10413","Cooking Needs","Canned Food","Canned Food","Goya","Goya Lentils","","Goya Lentils","5.19","0.0","Market Basket","4 lb","4 lb","5817.jpg","","7"
"30437","Breakfast & Dairy","Dairy & Eggs","Nog","Blue Diamond ","BLUE DIAMOND ALMONDS ALMOND Breeze almondmilk nog","","BLUE DIAMOND ALMONDS ALMOND Breeze almondmilk nog","3.74","0.0","Market Basket","32 fl oz","32 fl oz","X49.jpg","","1"
"14490","Breakfast & Dairy","Tea & Coffee","Coffee","StarBucks","Starbucks Medium K Cup Coffee Pods Ã¢â¬â Pike Place Roast for Keurig Brewers","","Starbucks Medium K Cup Coffee Pods Ã¢â¬â Pike Place Roast for Keurig Brewers","9.79","0.0","Market Basket","10 x 0.44 oz","10 x 0.44 oz","3302.jpg","","8"
"13266","Breakfast & Dairy","Granola & Oats","Oats","Vermont Bread","Vermont Bread Organic Soft Oatmeal","","Vermont Bread Organic Soft Oatmeal","5.49","0.0","Market Basket","24 oz","24 oz","17645.jpg","","18"
"4270","Meat & Seafood","Packaged Meat & Seafood","Salmon","Ruby Bay","Ruby Bay Irish Style Smoked Salmon","","Ruby Bay Irish Style Smoked Salmon","6.89","0.0","Market Basket","3 oz","3 oz","No Image.jpg","","22"
"30788","Breakfast & Dairy","Breads & Rolls","Bread","Canyon Bakehouse","Canyon Bakehouse Gluten Free Country White Bread","835841002287","Canyon Bakehouse Gluten Free Country White Bread","7.49","0.0","Market Basket","15 oz","15 oz","X2576.jpg","","18"
"5382","Chips, Cookies & Snacks","Cookies & Crackers","Crackers","Simple Mills","Simple Mills Almond Flour Crackers Sun Dried Tomato & Basil","","Simple Mills Almond Flour Crackers Sun Dried Tomato & Basil","6.23","0.0","Market Basket","4.25 oz","4.25 oz","No Image.jpg","","6"
"13751","Breakfast & Dairy","Dairy & Eggs","Packaged Cheese","Market Basket","Market Basket New York Extra Sharp Cheddar Cheese Block","","Market Basket New York Extra Sharp Cheddar Cheese Block","6.09","0.0","Market Basket","24 oz","24 oz","Market Basket.jpg","","1"
"15272","Personal Care","Personal Needs","Skin care","Summer's Eve","Summer's Eve 5 in 1 Freshening Spray Ultra","","Summer's Eve 5 in 1 Freshening Spray Ultra","5.28","1.0","Market Basket","2 fl oz","2 fl oz","6515.jpg","","13"
"33200","Frozen Food","Frozen Breakfast","Frozen Waffles","Market Basket ","Market Basket Homestyle Waffles ","049705711521","Market Basket Homestyle Waffles ","4.36","0.0","Market Basket","26.2 oz","26.2 oz","X5051.jpg","","19"
"30579","Cooking Needs","Baking & Cooking","Baking Mix","Bob's Red Mill","Bob's Red Mil Stone Ground Cornbreai & Muffin Mix ","039978112224","Bob's Red Mil Stone Ground Cornbreai & Muffin Mix ","4.74","0.0","Market Basket","24 oz","24 oz","X5287.jpg","","3"
"8000","Cooking Needs","Canned Food","Soup, Broth & Bouillon","Campbell's","Campbell's Slow Kettle Style New England Clam Chowder with Fresh Cream","","Campbell's Slow Kettle Style New England Clam Chowder with Fresh Cream","3.69","0.0","Market Basket","15.5 oz","15.5 oz","17178.jpg","","2"
"30892","Condiments & Dressings","Marinades, Ketchup & Sauces","Sauces","Chelsea","Chelsea Fire Swicked Hot Sauce ","736211504753","Chelsea Fire Swicked Hot Sauce ","3.74","0.0","Market Basket","13 oz","13 oz","X2112.jpg","","2"
"32616","Pasta & Sauces","Pasta Sauce","Pasta Sauce","Lucini","Lucini Organic Pasta Sauce Rustic Tomato Basil","648505507206","Lucini Organic Pasta Sauce Rustic Tomato Basil","8.74","0.0","Market Basket","25.5 oz","25.5 oz","X1514.jpg","","4"
"33704","Meat & Seafood","Packaged Meat & Seafood","Hot Dogs & Franks","Old Neighborhood ","Old Neighborhood Frank Fruts ","","Old Neighborhood Frank Fruts ","4.11","0.0","Market Basket","14 oz","14 oz","X4562.jpg","","1"
"32505","Frozen Food","Frozen Dinners & Entrees","Frozen Meal","Lean Cuisine ","Lean Cuisine Apple Cranberry Chicken","013800553300","Lean Cuisine Apple Cranberry Chicken","2.5","0.0","Market Basket","                  9 5/8 oz","                  9 5/8 oz","X4223.jpg","","18"
"32156","Frozen Food","Frozen Breakfast","Frozen Waffles","Kellogg's ","Kellogg's Eggo Minis Homestyle Waffles ","038000017148","Kellogg's Eggo Minis Homestyle Waffles ","2.5","0.0","Market Basket","10.9 oz","10.9 oz","X5023.jpg","","19"
"10068","Frozen Food","Ice Cream & Ice","Ice Cream & Ice","Haagen-dazs","Haagen dazs Coffee Ice Cream","","Haagen dazs Coffee Ice Cream","7.39","0.0","Market Basket","28 fl oz","28 fl oz","3076.jpg","","21"
"3766","Fresh Produce","Fresh Herbs","Sage","Uncle Vinny's","Uncle Vinny's Fresh Sage","","Uncle Vinny's Fresh Sage","4.7","0.0","Market Basket","0.75 oz","0.75 oz","FP46.jpg","","20"
"6068","Beverages & Juices","Ginger Ale & Ginger Beer","Ginger Ale","Canada Dry","Canada Dry Diet Ginger Ale","","Canada Dry Diet Ginger Ale","6.86","0.0","Market Basket","12 x 12 fl oz","12 x 12 fl oz","No Image.jpg","","17"
"32827","Breakfast & Dairy","Breads & Rolls","Bagels","Market Basket","Market Basket Bagels Onion","049705107942","Market Basket Bagels Onion","2.5","0.0","Market Basket","22 oz","22 oz","X2408.jpg","","18"
"6081","Beverages & Juices","Soft Drinks & Seltzers","Soft Drinks","Coca Cola","Coca Cola Diet Coke","","Coca Cola Diet Coke","5.0","0.0","Market Basket","6 x 16.9 fl oz","6 x 16.9 fl oz","No Image.jpg","","17"
"30497","Cooking Needs","Rice & Grains","Grains, Rice & Dried Goods","Bob's Red Mill","Bob's Red Mill Traditional Pearl Couscous Quick Cooking Non GMO ","039978034960","Bob's Red Mill Traditional Pearl Couscous Quick Cooking Non GMO ","4.99","0.0","Market Basket","16 oz","16 oz","X1085.jpg","","4"
"10412","Cooking Needs","Canned Food","Canned Food","Goya","Goya Large Fava Beans","","Goya Large Fava Beans","2.19","0.0","Market Basket","16 oz","16 oz","5825.jpg","","7"
"15255","Personal Care","Personal Needs","Oral Hygiene","Sensodyne","Sensodyne ProNamel Iso-Active Gentle Whitening Toothpaste","","Sensodyne ProNamel Iso-Active Gentle Whitening Toothpaste","8.5","1.0","Market Basket","4.3 oz","4.3 oz","17792.jpg","","13"
"30659","Breakfast & Dairy","Dairy & Eggs","Cottage Cheese","Breakstone's ","Breakstone's ESTABLISHED 1882 Liv Active 2% MILK FAT LOWFAT COTTAGE CHEESE SMALL CURD 4 PACK SNACK SIZE","","Breakstone's ESTABLISHED 1882 Liv Active 2% MILK FAT LOWFAT COTTAGE CHEESE SMALL CURD 4 PACK SNACK SIZE","3.13","0.0","Market Basket","16 oz","16 oz","X59.jpg","","1"
"31996","Beverages & Juices","Juices & Refrigerated Drinks","Juice & Nectars","Juicy Juice","Juicy Juice Strawberry watermelon","889497002274","Juicy Juice Strawberry watermelon","3.13","0.0","Market Basket","8 x 6.75 fl oz","8 x 6.75 fl oz","X3082.jpg","","10"
"3636","Fresh Produce","Fresh Fruits","Blackberries","Driscoll's","Driscoll's Blackberries","","Driscoll's Blackberries","4.24","0.0","Market Basket","6 oz container","6 oz container","5.jpg","","20"
"31842","Frozen Food","Frozen Dinners & Entrees","Frozen Appetizers & Sides","Hungry-Man","Hungry-Man Country Fried Chicken","051000118608","Hungry-Man Country Fried Chicken","3.74","0.0","Market Basket","16 oz","16 oz","X4012.jpg","","18"
"7896","Cooking Needs","Canned Food","Canned Meat & Seafood","StarKist","Tuna Creations Lemon Pepper","","Tuna Creations Lemon Pepper","1.69","0.0","Market Basket","2.6 oz","2.6 oz","5204.jpg","","2"
"6502","Chips, Cookies & Snacks","Nuts, Seeds & Dried Fruit","Nuts, Seeds & Dried Fruit","Blue Diamond","Blue Diamond Toasted Coconut Oven Roasted Almonds","","Blue Diamond Toasted Coconut Oven Roasted Almonds","9.99","0.0","Market Basket","14 oz","14 oz","No Image.jpg","","6"
"4869","Chips, Cookies & Snacks","Chips & Fruit Snacks","Chips & Pretzels","Lay's","Lay's Lightly Salted Potato Chips","","Lay's Lightly Salted Potato Chips","3.91","0.0","Market Basket","7.75 oz","7.75 oz","876.jpg","","0"
"34613","Beverages & Juices","Juices & Refrigerated Drinks","Refrigerated Drinks","StarBucks","STRABUCKS ICED COFFEE STARBUCKS BLONDE ROAST mellow & soft","","STRABUCKS ICED COFFEE STARBUCKS BLONDE ROAST mellow & soft","5.49","0.0","Market Basket","48 fl oz","48 fl oz","X814.jpg","","1"
"5681","Chips, Cookies & Snacks","Nuts, Seeds & Dried Fruit","Trail Mix & Snack Mix","Chex Mix","Chex Mix Cheddar Savory Snack Mix","","Chex Mix Cheddar Savory Snack Mix","3.09","0.0","Market Basket","15 oz","15 oz","1472.jpg","","0"
"4103","Meat & Seafood","Meat & Seafood Counter","Beef","Market Basket","Market Basket Stir Fry Beef","","Market Basket Stir Fry Beef","6.69","0.0","Market Basket","Approx: 1.00 lb at $6.69/lb","Approx: 1.00 lb at $6.69/lb","Market Basket.jpg","","22"
"8619","Condiments & Dressings","Pickled Goods & Olives","Pickled Goods & Olives","Goya","Goya Stuffed Olives Minced Tuna","","Goya Stuffed Olives Minced Tuna","2.69","0.0","Market Basket","148.8 g","148.8 g","1870.jpg","","7"
"9027","Condiments & Dressings","Preserved Dips & Spreads","Spreads","Polaner","Polaner All Fruit Spreadable Fruit Seedless Blackberry","","Polaner All Fruit Spreadable Fruit Seedless Blackberry","2.49","0.0","Market Basket","10 oz","10 oz","1675.jpg","","3"
"8813","Condiments & Dressings","Salad Dressings & Toppings","Salad Dressing & Toppings","Fresh Gourmet Classic","Fresh Gourmet Organic Croutons Caesar","","Fresh Gourmet Organic Croutons Caesar","2.09","0.0","Market Basket","4.5 oz","4.5 oz","15460.jpg","","2"
"8263","Condiments & Dressings","Marinades, Ketchup & Sauces","Condiments","Sesame King","Sesame King Roasted Tahini","","Sesame King Roasted Tahini","3.69","0.0","Market Basket","16 oz","16 oz","17959.jpg","","2"
"32109","Breakfast & Dairy","Cereal","Cereal","Kellogg's ","Kellogg's Special K Raspberry","038000215827","Kellogg's Special K Raspberry","3.75","0.0","Market Basket","12.5 oz","12.5 oz","X3351.jpg","","5"
"6188","Beverages & Juices","Ginger Ale & Ginger Beer","Ginger Ale","Schweppes","Schweppes Diet Ginger Ale","","Schweppes Diet Ginger Ale","5.0","0.0","Market Basket","6 x 16.9 fl oz","6 x 16.9 fl oz","No Image.jpg","","17"
"13941","Breakfast & Dairy","Dairy & Eggs","Specialty Cheeses","Kerrygold","Kerrygold Kettygold Cheese Dubliner","","Kerrygold Kettygold Cheese Dubliner","4.29","0.0","Market Basket","7 oz","7 oz","17297.jpg","","1"
"15172","Personal Care","Personal Needs","Oral Hygiene","Colgate","Colgate Total 12HR Pro-Shield Mouthwash Peppermint Blast","","Colgate Total 12HR Pro-Shield Mouthwash Peppermint Blast","5.62","1.0","Market Basket","16.9 fl oz","16.9 fl oz","6385.jpg","","13"
"34815","Meat & Seafood","Packaged Meat & Seafood","Burger","The Alpha ","The Alpha Burger Plant-Based Chipsy Chik'n","","The Alpha Burger Plant-Based Chipsy Chik'n","6.24","0.0","Market Basket","9 oz","9 oz","X4758.jpg","","1"
"5373","Chips, Cookies & Snacks","Cookies & Crackers","Cookies & Cakes","Kinnikinnick","Kinnikinnick Kinnitoos Chocolate Sandwich Creme Cookies","","Kinnikinnick Kinnitoos Chocolate Sandwich Creme Cookies","6.23","0.0","Market Basket","8 oz","8 oz","No Image.jpg","","6"
"30362","Meat & Seafood","Packaged Meat & Seafood","Chicken","Bell & Evans","Bell & Evans Air Chilled Organic Breaded Chicken Breast Nuggets","738985222352","Bell & Evans Air Chilled Organic Breaded Chicken Breast Nuggets","11.24","0.0","Market Basket","12 oz","12 oz","X40.jpg","","1"
"14696","Personal Care","Body Wash, Soap & Hair Care","Body Wash","Irish Spring","Irish Spring Body Wash GEAR Skin Hydration","","Irish Spring Body Wash GEAR Skin Hydration","4.93","1.0","Market Basket","15 fl oz","15 fl oz","6357.jpg","","13"
"30267","Frozen Food","Frozen Dinners & Entrees","Frozen Meal","Banquet","Banquet Mega Bowls, Buffalo-Style Chicken Mac 'N Cheese","031000126100","Banquet Mega Bowls, Buffalo-Style Chicken Mac 'N Cheese","3.13","0.0","Market Basket","14 oz","14 oz","X4031.jpg","","18"
"7624","Cooking Needs","Canned Food","Canned Fruit & Applesauce","Del Monte","Del Monte Peaches Sliced","","Del Monte Peaches Sliced","1.89","0.0","Market Basket","15.25 oz","15.25 oz","4914.jpg","","3"
"34834","Breakfast & Dairy","Breads & Rolls","Bagels","Thomas","Thomas Bagels Blueberry","048121255046","Thomas Bagels Blueberry","5.86","0.0","Market Basket","20 oz","20 oz","X2604.jpg","","18"
"32492","Condiments & Dressings","Marinades, Ketchup & Sauces","Marinades & Meat Preparation","Lea & Perrins","Lea & Perrins Same Premium Quality Since 1835 The Original Worcestershire Sauce Unwrap The Flavor ","05160434","Lea & Perrins Same Premium Quality Since 1835 The Original Worcestershire Sauce Unwrap The Flavor ","1.88","0.0","Market Basket","18 oz","18 oz","X2096.jpg","","2"
"8016","Cooking Needs","Canned Food","Soup, Broth & Bouillon","Herb-Ox","Herb Ox Sodium Free Chicken Flavor Granulated Bouillon","","Herb Ox Sodium Free Chicken Flavor Granulated Bouillon","2.09","0.0","Market Basket","34 g","34 g","17177.jpg","","2"
"13842","Breakfast & Dairy","Dairy & Eggs","Refrigerated Pudding & Desserts","Real Desserts","Real Desserts Gelatin Snacks, Sugar Free","","Real Desserts Gelatin Snacks, Sugar Free","2.49","0.0","Market Basket","8 count","8 count","833.jpg","","19"
"14836","Personal Care","Body Wash, Soap & Hair Care","Soap","Dove","Dove Beauty Bar Gentle Exfoliating","","Dove Beauty Bar Gentle Exfoliating","4.82","1.0","Market Basket","4 oz","4 oz","6353.jpg","","13"
"31640","Frozen Food","Frozen Breakfast","Frozen Breakfast","Handover ","Handover 18 Baked Soft Pretzels ","028800600459","Handover 18 Baked Soft Pretzels ","4.86","0.0","Market Basket","7 Oz","7 Oz","X5086.jpg","","19"
"32334","Condiments & Dressings","Marinades, Ketchup & Sauces","Sauce","Kitchens Of India","Kitchens Of India Kashmiri Rogan Josh ","841905130429","Kitchens Of India Kashmiri Rogan Josh ","4.36","0.0","Market Basket","12.2 oz","12.2 oz","X5339.jpg","","3"
"5890","Beverages & Juices","Tea, Coffee, Milk & Coconut Water","Single To-Go Coffee","Dunkin' Donuts","Dunkin' Donuts Iced Coffee Espresso","","Dunkin' Donuts Iced Coffee Espresso","3.13","0.0","Market Basket","13.7 fl oz","13.7 fl oz","No Image.jpg","","17"
"4378","Meat & Seafood","Meat & Seafood Counter","Whiting","Market Basket","Market Basket Whole Wild Whiting","","Market Basket Whole Wild Whiting","4.98","0.0","Market Basket","Approx: 1.13 lb at $4.39/lb","Approx: 1.13 lb at $4.39/lb","Market Basket.jpg","","22"
"31555","Frozen Food","Frozen Dinners & Entrees","Frozen Meal","Good Food Made Simple","Good Food Made Simple Buffalo style Chicken","080618476046","Good Food Made Simple Buffalo style Chicken","3.13","0.0","Market Basket","9 oz","9 oz","X4178.jpg","","18"
"31184","Beverages & Juices","Juices & Refrigerated Drinks","Juice & Nectars","Dole","Dole Pineapple Juice","038900008185","Dole Pineapple Juice","2.49","0.0","Market Basket","46 fl oz","46 fl oz","X3142.jpg","","10"
"5588","Chips, Cookies & Snacks","Candy & Chocolates","Candy & Chocolate","Storck","Riesen European Chocolate","","Riesen European Chocolate","1.89","0.0","Market Basket","5.5 oz","5.5 oz","14910.jpg","","3"
"5691","Chips, Cookies & Snacks","Nuts, Seeds & Dried Fruit","Trail Mix & Snack Mix","Market Basket","Market Basket Rainbow's End Trail Mix","","Market Basket Rainbow's End Trail Mix","4.89","0.0","Market Basket","12 oz","12 oz","Market Basket.jpg","","21"
"5919","Beverages & Juices","Tea, Coffee, Milk & Coconut Water","Single To-Go Coffee","Peet's","Peet's Iced Espresso Caramel Macchiato","","Peet's Iced Espresso Caramel Macchiato","3.13","0.0","Market Basket","8 fl oz","8 fl oz","No Image.jpg","","17"
"30748","Meat & Seafood","Packaged Meat & Seafood","Bacon","Butterball","Butterball Turkey Bacon","","Butterball Turkey Bacon","6.24","0.0","Market Basket","12 oz","12 oz","X4455.jpg","","1"
"310","Kitchen & Cleaning","Food Storage & Kitchen Supplies","Plastic/Cling Wrap","Glad","Glad Plastic Food Wrap","","Glad Plastic Food Wrap","2.49","1.0","Market Basket","200 sq ft","200 sq ft","4414.jpg","","12"
"33980","Breakfast & Dairy","Breads & Rolls","Buns","Pepperidge Farm","Pepperidge Farm 8 Top Sliced Hot Dog Buns","014100070931","Pepperidge Farm 8 Top Sliced Hot Dog Buns","4.36","0.0","Market Basket","14 oz","14 oz","X2496.jpg","","18"
"33585","Pasta & Sauces","Gluten Free Pasta","Pasta Sauce","Newman's Own","Newman's Own Pasta Sauce Organic Marinara Gluten Free No Sugar Added","020662003904","Newman's Own Pasta Sauce Organic Marinara Gluten Free No Sugar Added","3.74","0.0","Market Basket","24 oz","24 oz","X1473.jpg","","4"
"33246","Pasta & Sauces","Pasta Sauce","Pasta Sauce","Mezzetta","Mezzetta Tomato Pesto","073214009619","Mezzetta Tomato Pesto","4.99","0.0","Market Basket","6.25 oz","6.25 oz","X1421.jpg","","4"
"35118","Condiments & Dressings","Pickled Goods & Olives","Pickled Goods & Olives","Wickles ","Wickles Spicy Red Sandwich Spread ","635617001012","Wickles Spicy Red Sandwich Spread ","5.99","0.0","Market Basket","20 oz","20 oz","X2215.jpg","","2"
"578","Laundry & Paper Goods","Laundry","Fabric Softener","Downy","Downy WrinkleGuard Fabric Conditioner","","Downy WrinkleGuard Fabric Conditioner","6.86","1.0","Market Basket","740 ml","740 ml","No Image.jpg","","15"
"8987","Condiments & Dressings","Preserved Dips & Spreads","Spreads","Jif","Jif Natural Creamy Peanut Butter","","Jif Natural Creamy Peanut Butter","3.09","0.0","Market Basket","16 oz","16 oz","1649.jpg","","3"
"3833","Fresh Produce","Fresh Organic Vegetables","Onion","Market Basket","Organic Yellow Onion Bag","","Organic Yellow Onion Bag","3.78","0.0","Market Basket","2 lb bag","2 lb bag","14413.jpg","","20"
"5333","Breakfast & Dairy","Bars & Pastries","Breakfast Bars","Nature's Bakery","Nature's Bakery Oatmeal Crumble Strawberry","","Nature's Bakery Oatmeal Crumble Strawberry","4.69","0.0","Market Basket","6 x 1.41 oz","6 x 1.41 oz","No Image.jpg","","6"
"7789","Cooking Needs","Canned Food","Canned Meals & Beans","Market Basket","Market Basket French Style Green Beans","","Market Basket French Style Green Beans","0.79","0.0","Market Basket","15.25 oz","15.25 oz","Market Basket.jpg","","2"
"7794","Cooking Needs","Canned Food","Canned Meals & Beans","Market Basket","Market Basket No Salt Added Cut Green Beans","","Market Basket No Salt Added Cut Green Beans","0.79","0.0","Market Basket","14.5 oz","14.5 oz","Market Basket.jpg","","2"
"31207","Condiments & Dressings","Pickled Goods & Olives","Pickled Goods & Olives","Dromedary ","Dromedary Sliced Pimientos Moody DunBar Inc","023709004032","Dromedary Sliced Pimientos Moody DunBar Inc","2.11","0.0","Market Basket","9 oz","9 oz","X2248.jpg","","2"
"10130","Frozen Food","Ice Cream & Ice","Ice Cream & Ice","Klondike","Klondike original","","Klondike original","3.69","0.0","Market Basket","8 count","8 count","18038.jpg","","21"
"14998","Personal Care","First Aid & Healthcare","Muscles, Joints & Pain Relief","Market Basket","Market Basket Ibuprofen Coated Caplets 200 mg","","Market Basket Ibuprofen Coated Caplets 200 mg","2.86","1.0","Market Basket","24 count","24 count","Market Basket.jpg","","13"
"30063","Frozen Food","Frozen Pizza","Frozen Pizza","American Flatbread ","American Flatbread Cheese Trio & Tomato Sauce ","731789430329","American Flatbread Cheese Trio & Tomato Sauce ","9.99","0.0","Market Basket","11.9 oz","11.9 oz","X4874.jpg","","19"
"31925","Meat & Seafood","Packaged Meat & Seafood","Turkey","Jenni-O","Jenni-O Italian Style Turkey Meatballs","","Jenni-O Italian Style Turkey Meatballs","6.86","0.0","Market Basket","24 oz","24 oz","X4700.jpg","","1"
"106","Kitchen & Cleaning","Cleaning Products","Bleach","Comet","Comet with Bleach","","Comet with Bleach","0.89","1.0","Market Basket","14 oz","14 oz","16789.jpg","","15"
"30640","Pasta & Sauces","Pasta Sauce","Pasta Sauce","Bove's","Bove's Pasta Sauce Vodka No Added Sugar","609231000058","Bove's Pasta Sauce Vodka No Added Sugar","4.99","0.0","Market Basket","24 oz","24 oz","X1498.jpg","","4"
"6096","Beverages & Juices","Soft Drinks & Seltzers","Soft Drinks","Coca-Cola","Coca Cola Diet Coke Can","","Coca Cola Diet Coke Can","4.16","0.0","Market Basket","6 x 12 fl oz","6 x 12 fl oz","No Image.jpg","","17"
"14660","Breakfast & Dairy","Tea & Coffee","Tea","Yogi","Yogi Tea Stress Relief Honey Lavender Caffeine Free, Box","","Yogi Tea Stress Relief Honey Lavender Caffeine Free, Box","4.89","0.0","Market Basket","16 count","16 count","3505.jpg","","8"
"30959","Pasta & Sauces","Pasta Sauce","Pasta Sauce","Classico","Classico Pasta Sauce Traditional Sweet Basil","041129077900","Classico Pasta Sauce Traditional Sweet Basil","2.5","0.0","Market Basket","24 oz","24 oz","X1488.jpg","","4"
"33583","Pasta & Sauces","Gluten Free Pasta","Pasta Sauce","Newman's Own","Newman's Own Pasta Sauce Italian Sausage and Peppers Gluten Free No Sugar Added","020662006172","Newman's Own Pasta Sauce Italian Sausage and Peppers Gluten Free No Sugar Added","3.13","0.0","Market Basket","24 oz","24 oz","X1471.jpg","","4"
"13353","Breakfast & Dairy","Dairy & Eggs","Cream","Hood","Hood Light Cream","","Hood Light Cream","2.49","0.0","Market Basket","16 fl oz","16 fl oz","573.jpg","","1"
"6577","Beverages & Juices","Juices & Refrigerated Drinks","Refrigerated Drinks","Bolthouse Farms","Bolthouse Farms Vanilla Chai","","Bolthouse Farms Vanilla Chai","3.09","0.0","Market Basket","15.21 fl oz","15.21 fl oz","3823.jpg","","21"
"8943","Condiments & Dressings","Salad Dressings & Toppings","Salad Dressing & Toppings","Poland Spring","Poland Spring Natural Spring Water","","Poland Spring Natural Spring Water","4.29","0.0","Market Basket","28 x 0.5 L","28 x 0.5 L","15429.jpg","","11"
"10179","Frozen Food","Ice Cream & Ice","Ice Cream & Ice","Northstar","Northstar Pops, Lotta Juice","","Northstar Pops, Lotta Juice","3.69","0.0","Market Basket","20 x 1.75 fl oz","20 x 1.75 fl oz","16077.jpg","","21"
"32075","Chips, Cookies & Snacks","Chips & Fruit Snacks","Fruit & Vegetable Snacks","Kellogg's ","Kellogg's Desney Princess ","038000228346","Kellogg's Desney Princess ","2.5","0.0","Market Basket","8 oz","8 oz","X5160.jpg","","19"
"33157","Condiments & Dressings","Salad Dressings & Toppings","Salad Dressing & Toppings","Market Basket ","Market Basket Great as a Marinade Blasamic Vinaigette Dressing","049705015834","Market Basket Great as a Marinade Blasamic Vinaigette Dressing","2.24","0.0","Market Basket","16 fl oz","16 fl oz","X599.jpg","","2"
"4673","Meat & Seafood","Canned Meat & Seafood","Canned Sardines","King Oscar","King Oscar Wild Caught Sardines In Pure Spring Water","","King Oscar Wild Caught Sardines In Pure Spring Water","2.69","0.0","Market Basket","3.75 oz","3.75 oz","5235.jpg","","2"
"30975","Breakfast & Dairy","Bars & Pastries","Breakfast Bars","Clif","Clif Kid ZBar Iced Oatmeal Cookie","722252194305","Clif Kid ZBar Iced Oatmeal Cookie","4.99","0.0","Market Basket","7.62 oz","7.62 oz","X3913.jpg","","5"
"32655","Condiments & Dressings","Pickled Goods & Olives","Pickled Goods & Olives","Maille","Maille Depuis 1747 Original Cornichons Gherkins ","043646210389","Maille Depuis 1747 Original Cornichons Gherkins ","5.61","0.0","Market Basket","13.5 fl oz","13.5 fl oz","X2359.jpg","","2"
"30939","Breakfast & Dairy","Dairy & Eggs","Yogurt","Chobani","Chobani Greek Yogurt Strawberry Blended ","","Chobani Greek Yogurt Strawberry Blended ","6.24","0.0","Market Basket","32 oz","32 oz","X146.jpg","","1"
"4979","Chips, Cookies & Snacks","Chips & Fruit Snacks","Chips & Pretzels","Utz","Utz Baked Cheddar Cheese Balls Cheddar","","Utz Baked Cheddar Cheese Balls Cheddar","9.36","0.0","Market Basket","23 oz","23 oz","851.jpg","","0"
"7381","Cooking Needs","Spices & Seasonings","Spices & Seasonings","Spice Classics","Spice Classics Celery Salt","","Spice Classics Celery Salt","1.29","0.0","Market Basket","4 oz","4 oz","2263.jpg","","9"
"31155","Cooking Needs","Canned Food","Canned Tomatoes","Del Monte","Del Monte Petite Diced Tomatoes with Hatch Green Chilies MILD","024000034704","Del Monte Petite Diced Tomatoes with Hatch Green Chilies MILD","1.25","0.0","Market Basket","14.5 oz","14.5 oz","X1368.jpg","","4"
"33143","Condiments & Dressings","Pickled Goods & Olives","Pickles","Market Basket ","Market Basket Sweet Bread & Butter Chips Splenda ","049705018859","Market Basket Sweet Bread & Butter Chips Splenda ","2.24","0.0","Market Basket","16 fl oz","16 fl oz","X3287.jpg","","2"
"14897","Personal Care","Feminine Care","Menstrual Pads","U by Kotex","U by Kotex - Premium Security Ultra Thin Pads, Regular","","U by Kotex - Premium Security Ultra Thin Pads, Regular","4.47","1.0","Market Basket","22 count","22 count","6519.jpg","","13"
"32681","Frozen Food","Frozen Pasta","Frozen Pasta","Mama Rosie's","Mama Rosie's Mini Round Cheese Ravioli","076239422005","Mama Rosie's Mini Round Cheese Ravioli","7.49","0.0","Market Basket","60 oz","60 oz","X4338.jpg","","18"
"14969","Personal Care","First Aid & Healthcare","First Aid","Topcare","TopCare Calamine Topical Suspension Usp Skin Protectant Lotion","","TopCare Calamine Topical Suspension Usp Skin Protectant Lotion","4.24","1.0","Market Basket","6 fl oz","6 fl oz","6535.jpg","","13"
"31359","Pasta & Sauces","Gluten Free Pasta","Pasta Sauce","Francesco Rinaldi","Francesco Rinaldi Organic Pasta Sauce Basil Gluten Free","077644901888","Francesco Rinaldi Organic Pasta Sauce Basil Gluten Free","3.09","0.0","Market Basket","24 oz","24 oz","X1480.jpg","","4"
"5672","Chips, Cookies & Snacks","Candy & Chocolates","Mint & Gum","Trident","Trident Cinnamon Sugar Free Gum","","Trident Cinnamon Sugar Free Gum","3.09","0.0","Market Basket","54 ct","54 ct","1476.jpg","","3"
"33237","Breakfast & Dairy","Breads & Rolls","Swirl Bread","Martin's","Martin's Cinnamon Raisin Swirl Bread","075185006024","Martin's Cinnamon Raisin Swirl Bread","3.75","0.0","Market Basket","16 oz","16 oz","X2555.jpg","","18"
"33097","Breakfast & Dairy","Granola & Oats","Oats","Market Basket ","Market Basket Quick Oats Instant Oatmeal","049705113110","Market Basket Quick Oats Instant Oatmeal","1.88","0.0","Market Basket","18 oz","18 oz","X3569.jpg","","5"
"33254","Pasta & Sauces","Pasta Sauce","Pasta Sauce","Mezzetta","Mezzetta Pasta Sauce Wild Mushroom","073214009435","Mezzetta Pasta Sauce Wild Mushroom","5.49","0.0","Market Basket","25 oz","25 oz","X1429.jpg","","4"
"9070","Condiments & Dressings","Preserved Dips & Spreads","Spreads","Teddie","Teddie Organic All Natural Peanut Butter Chunky","","Teddie Organic All Natural Peanut Butter Chunky","6.09","0.0","Market Basket","16 oz","16 oz","No Image.jpg","","3"
"7599","Cooking Needs","Canned Food","Canned & Jarred Vegetables","Spice World","Spice World Garlic Minced","","Spice World Garlic Minced","2.69","0.0","Market Basket","8 oz container","8 oz container","17112.jpg","","9"
"7292","Cooking Needs","Spices & Seasonings","Spices & Seasonings","McCormick","McCormick GourmetÃ¢âÂ¢ Organic Ground Cumin","","McCormick GourmetÃ¢âÂ¢ Organic Ground Cumin","4.89","0.0","Market Basket","1.5 oz","1.5 oz","2205.jpg","","9"
"33130","Condiments & Dressings","Pickled Goods & Olives","Olives","Market Basket ","Market Basket Selected Kalamata Olives In Pure Greek Olive Oil","049705023006","Market Basket Selected Kalamata Olives In Pure Greek Olive Oil","8.74","0.0","Market Basket","4 oz","4 oz","X2251.jpg","","2"
"30911","Breakfast & Dairy","Dairy & Eggs","Yogurt","Chobani","Chobani Complete Advance Nutrition Yogurt Strawberry Cream ","","Chobani Complete Advance Nutrition Yogurt Strawberry Cream ","2.36","0.0","Market Basket","10 fl oz","10 fl oz","X118.jpg","","1"
"30857","Frozen Food","Frozen Pizza","Frozen Pizza","Caulipower ","Caulipower Uncured Turkey Pepperoni Pizza ","854934007372","Caulipower Uncured Turkey Pepperoni Pizza ","8.74","0.0","Market Basket","11.30 oz","11.30 oz","X4879.jpg","","19"
"8124","Cooking Needs","Canned Food","Soup, Broth & Bouillon","Progresso","Progresso Vegetable Classics Vegetarian Vegetable With Barley Soup","","Progresso Vegetable Classics Vegetarian Vegetable With Barley Soup","2.09","0.0","Market Basket","19 oz","19 oz","5270.jpg","","9"
"14924","Personal Care","First Aid & Healthcare","Cold, Flu & Allergy","Benadryl","Benadryl Children's Allergy Relief","","Benadryl Children's Allergy Relief","2.86","1.0","Market Basket","1 count","1 count","No Image.jpg","","13"
"32441","Frozen Food","Frozen Fruit & Juice","Frozen Fruit","La Fe","La Fe Papaya Pulp With Chunks of Fruit","023545002582","La Fe Papaya Pulp With Chunks of Fruit","1.99","0.0","Market Basket","14 oz","14 oz","X4404.jpg","","18"
"274","Kitchen & Cleaning","Dish Detergents","Dishwasher Detergent","Market Basket","Market Basket Lemon Scent Dishwasher Gel","","Market Basket Lemon Scent Dishwasher Gel","4.69","1.0","Market Basket","75 fl oz","75 fl oz","Market Basket.jpg","","15"
"9364","Frozen Food","Frozen Dessert","Frozen Dessert","Pepperidge Farm","Pepperidge Farm Puff Pastry Shells Frozen","","Pepperidge Farm Puff Pastry Shells Frozen","4.29","0.0","Market Basket","6 count","6 count","2976.jpg","","19"
"13701","Breakfast & Dairy","Dairy & Eggs","Packaged Cheese","Kraft","Kraft Grated Parmesan & Romano Cheese","","Kraft Grated Parmesan & Romano Cheese","4.89","0.0","Market Basket","8 oz","8 oz","127.jpg","","4"
"155","Kitchen & Cleaning","Cleaning Products","Other Cleaning Products","Glass Plus","Glass Plus Ammonia Free Streak Free Shine","","Glass Plus Ammonia Free Streak Free Shine","2.49","1.0","Market Basket","32 fl oz","32 fl oz","16775.jpg","","15"
"13487","Breakfast & Dairy","Dairy & Eggs","Milk","Kate's Creamery","Kate's Creamery Real Butter Milk","","Kate's Creamery Real Butter Milk","2.69","0.0","Market Basket","1 count","1 count","14731.jpg","","1"
"30352","Breakfast & Dairy","Granola & Oats","Granola","Bear Naked ","Bear Naked Granola Honey Almond ","884623100343","Bear Naked Granola Honey Almond ","4.74","0.0","Market Basket","11.2 oz","11.2 oz","X3776.jpg","","5"
"30504","Personal Care","Vitamins & Proteins","Protien Powders","Bob's Red Mill","Bob's Red Mill Vanilla Protien Powder Nutritional Booster ","039978003478","Bob's Red Mill Vanilla Protien Powder Nutritional Booster ","18.74","0.0","Market Basket","16 oz","16 oz","X5193.jpg","","3"
"14646","Breakfast & Dairy","Tea & Coffee","Tea","Twinings","Twinings of London Herbal Tea Pure Rooibos Red","","Twinings of London Herbal Tea Pure Rooibos Red","3.69","0.0","Market Basket","20 count","20 count","3444.jpg","","8"
"9347","Frozen Food","Frozen Dessert","Frozen Dessert","Marie Callender's","Marie Callender's Key Lime Pie","","Marie Callender's Key Lime Pie","3.09","0.0","Market Basket","2 count","2 count","2965.jpg","","19"
"34988","Frozen Food","Frozen Breakfast","Frozen Waffles","Van's ","Van's Blueberry Waffles Baked Baked With Whole Grain Brown Rice ","089947302200","Van's Blueberry Waffles Baked Baked With Whole Grain Brown Rice ","3.11","0.0","Market Basket","9 oz","9 oz","X5004.jpg","","19"
"4610","Meat & Seafood","Lunch Meat","Turkey","Thin 'n Trim","Thin 'n Trim Thinly Sliced Honey Turkey Breast","","Thin 'n Trim Thinly Sliced Honey Turkey Breast","3.69","0.0","Market Basket","8 oz","8 oz","No Image.jpg","","22"
"4901","Chips, Cookies & Snacks","Chips & Fruit Snacks","Chips & Pretzels","Pringles","Pringles BBQ Potato Crisps","","Pringles BBQ Potato Crisps","2.08","0.0","Market Basket","5.5 oz","5.5 oz","975.jpg","","0"
"34579","Beverages & Juices","Tea, Coffee, Milk & Coconut Water","Tea","Snapple","Snapple Diet Lemon Tea","","Snapple Diet Lemon Tea","7.49","0.0","Market Basket","12 x 16 fl oz","12 x 16 fl oz","X2996.jpg","","10"
"32709","Condiments & Dressings","Salad Dressings & Toppings","Dressing","Maple Grove Farms","Maple Grove Farms of Vermont Fat Free Balsamic Vinaigrette ","","Maple Grove Farms of Vermont Fat Free Balsamic Vinaigrette ","3.11","0.0","Market Basket","8 fl oz","8 fl oz","X1716.jpg","","2"
"34273","Frozen Food","Frozen Dessert","Frozen Dessert","Quality Farms ","Quality Farms Whipped Topping ","811271001319","Quality Farms Whipped Topping ","2.49","0.0","Market Basket","16 oz","16 oz","X4968.jpg","","19"
"30203","Breakfast & Dairy","Breads & Rolls","Sandwich Thins","Arnold","Arnold Sandwich Thins Multigrain","073410955727","Arnold Sandwich Thins Multigrain","5.36","0.0","Market Basket","12 oz","12 oz","X2487.jpg","","18"
"35099","Chips, Cookies & Snacks","Chips & Fruit Snacks","Fruit & Vegetable Snacks","Welch's","Welch's Mixed Fruit Fruit Snacks ","034856028888","Welch's Mixed Fruit Fruit Snacks ","2.5","0.0","Market Basket","9 oz","9 oz","X5154.jpg","","19"
"4194","Meat & Seafood","Packaged Meat & Seafood","Chicken Breast","Fresh","Harvestland All Natural Fresh Chicken Breasts","","Harvestland All Natural Fresh Chicken Breasts","6.39","0.0","Market Basket","1.16 lb","1.16 lb","No Image.jpg","","22"
"15109","Personal Care","Personal Needs","Facial Care","Noxzema","Noxzema Face Pads Anti Blemish","","Noxzema Face Pads Anti Blemish","6.31","1.0","Market Basket","90 count","90 count","18111.jpg","","13"
"34488","Breakfast & Dairy","Dairy & Eggs","Yogurt","Siggi's","Siggi's Plant Based Coconut Blend Mixed Berries ","","Siggi's Plant Based Coconut Blend Mixed Berries ","1.56","0.0","Market Basket","5.3 oz","5.3 oz","X758.jpg","","1"
"4912","Chips, Cookies & Snacks","Chips & Fruit Snacks","Chips & Pretzels","Rold Gold","Rold Gold Pretzel Thins","","Rold Gold Pretzel Thins","5.14","0.0","Market Basket","1 lb","1 lb","No Image.jpg","","0"
"31292","Beverages & Juices","Juices & Refrigerated Drinks","Refrigerated Drinks","Farm Valley","Farm Valley ORANGE JUICE FROM CONCENTRATE PASTEURIZED CONTAINS 100% JUICE","","Farm Valley ORANGE JUICE FROM CONCENTRATE PASTEURIZED CONTAINS 100% JUICE","2.99","0.0","Market Basket","3.78 L","3.78 L","X262.jpg","","1"
"5873","Beverages & Juices","Cocoa & Drink Mixes","Cocoa & Drink Mixes","4C","4C Fruit Punch","","4C Fruit Punch","1.88","0.0","Market Basket","18.6 oz","18.6 oz","No Image.jpg","","17"
"8048","Cooking Needs","Canned Food","Soup, Broth & Bouillon","Market Basket","Market Basket Cream Of Celery Soup","","Market Basket Cream Of Celery Soup","0.99","0.0","Market Basket","10.75 oz","10.75 oz","Market Basket.jpg","","2"
"31168","Frozen Food","Frozen Dinners & Entrees","Frozen Meal","Devour","Devour Philly Cheesesteak Grilled Cheese","025155000378","Devour Philly Cheesesteak Grilled Cheese","3.74","0.0","Market Basket","7.51 oz","7.51 oz","X4128.jpg","","18"
"8100","Cooking Needs","Canned Food","Soup, Broth & Bouillon","Progresso","Progresso Light Vegetable and Noodle Soup","","Progresso Light Vegetable and Noodle Soup","2.79","0.0","Market Basket","18.5 oz","18.5 oz","5281.jpg","","9"
"5684","Chips, Cookies & Snacks","Nuts, Seeds & Dried Fruit","Trail Mix & Snack Mix","Market Basket","Market Basket California Trail Mix","","Market Basket California Trail Mix","4.09","0.0","Market Basket","12 oz","12 oz","Market Basket.jpg","","21"
"6919","Cooking Needs","Baking & Cooking","Baking Ingredients","Sweet 'N Low","Sweet 'N Low Zero Calorie Sweetener","","Sweet 'N Low Zero Calorie Sweetener","4.29","0.0","Market Basket","10.5 oz","10.5 oz","15717.jpg","","8"
"5056","Chips, Cookies & Snacks","Cookies & Crackers","Cookies & Cakes","Keebler","Keebler Fudge Stripes Cookies Mini's Original","","Keebler Fudge Stripes Cookies Mini's Original","6.23","0.0","Market Basket","12 oz","12 oz","No Image.jpg","","6"
"14913","Personal Care","Feminine Care","Tampon","Tampax","Tampax Pearl Scented Tampons Regular","","Tampax Pearl Scented Tampons Regular","6.31","1.0","Market Basket","18 count","18 count","6506.jpg","","13"
"6131","Beverages & Juices","Soft Drinks & Seltzers","Soft Drinks","Market Basket","Market Basket Cola","","Market Basket Cola","1.1","0.0","Market Basket","2 L","2 L","Market Basket.jpg","","17"
"3511","Fresh Produce","Fresh Organic Vegetables","Onion","Market Basket","Organic Shallots","","Organic Shallots","3.29","0.0","Market Basket","3 oz","3 oz","f129.jpg","","20"
"134","Kitchen & Cleaning","Cleaning Products","Mop","Mr. Clean","Mr. Clean Squeeze Mop","","Mr. Clean Squeeze Mop","18.29","1.0","Market Basket","1 count","1 count","4282.jpg","","15"
"33298","Frozen Food","Frozen Dinners & Entrees","Frozen Appetizers & Sides","Michelina's","Michelina's Cheese Manicotti","717854105729","Michelina's Cheese Manicotti","1.25","0.0","Market Basket","7.5 oz","7.5 oz","X4122.jpg","","18"
"14972","Personal Care","First Aid & Healthcare","Menstrual Relief","Midol","Midol Complete Menstrual Period Symptoms Relief Gelcaps","","Midol Complete Menstrual Period Symptoms Relief Gelcaps","8.5","1.0","Market Basket","24 count","24 count","17808.jpg","","13"
"9829","Frozen Food","Frozen Produce","Frozen Produce","Market Basket","Greens Kale","","Greens Kale","2.49","0.0","Market Basket","1 lb","1 lb","Market Basket.jpg","","19"
"8821","Condiments & Dressings","Salad Dressings & Toppings","Salad Dressing & Toppings","Good Seasons","Good Seasons Zesty Italian Dry Salad Dressing and Recipe Mix","","Good Seasons Zesty Italian Dry Salad Dressing and Recipe Mix","1.69","0.0","Market Basket","0.6 oz","0.6 oz","15475.jpg","","2"
"32590","Chips, Cookies & Snacks","Candy & Chocolates","Candy & Chocolate","Lindt","Lindt Classic Recipe 45% Cocoa Milk Chocolate With Rich Cocoa Notes Milk Chocolate ","","Lindt Classic Recipe 45% Cocoa Milk Chocolate With Rich Cocoa Notes Milk Chocolate ","2.5","0.0","Market Basket","4.1 oz","4.1 oz","X486.jpg","","3"
"34588","Beverages & Juices","Energy & Sports Drinks","Energy & Sports Drinks","So Be Water","So Be Water Yumberry Pomegranate","7.3951E+11","So Be Water Yumberry Pomegranate","1.24","0.0","Market Basket","20 fl oz","20 fl oz","X2755.jpg","","10"
"31481","Breakfast & Dairy","Cereal","Cereal","General Mills","General Milla Apple Cinnamon Cheerios Large Size","016000163461","General Milla Apple Cinnamon Cheerios Large Size","4.38","0.0","Market Basket","14.2 oz","14.2 oz","X3458.jpg","","5"
"157","Kitchen & Cleaning","Cleaning Products","Other Cleaning Products","Holloway House","Holloway House Floor Cleaner, Multi-Surface, Quick Shine, Bottle","","Holloway House Floor Cleaner, Multi-Surface, Quick Shine, Bottle","4.69","1.0","Market Basket","27 oz","27 oz","16824.jpg","","15"
"3789","Fresh Produce","Fresh Organic Fruits","Pineapple","Dole","Dole Organic Pineapple","","Dole Organic Pineapple","6.99","0.0","Market Basket","1 count","1 count","16.jpg","","20"
"30563","Cooking Needs","Baking & Cooking","Flour","Bob's Red Mill","Bob's Red Mill Sweet White Rice Flour Great For Baking ","039978026088","Bob's Red Mill Sweet White Rice Flour Great For Baking ","4.99","0.0","Market Basket","24 oz","24 oz","X5271.jpg","","3"
"34897","Breakfast & Dairy","Dairy & Eggs","Yogurt","Tropical ","Tropical Drinkable Lowfat Yogurt Passion Fruit Maracuya","","Tropical Drinkable Lowfat Yogurt Passion Fruit Maracuya","0.99","0.0","Market Basket","7 fl oz","7 fl oz","X841.jpg","","1"
"7913","Cooking Needs","Canned Food","Soup, Broth & Bouillon","Bar Harbor","Bar Harbor Fish Stock","","Bar Harbor Fish Stock","4.29","0.0","Market Basket","15 oz","15 oz","17248.jpg","","2"
"4554","Meat & Seafood","Lunch Meat","Other Meat","San Daniele","San Daniele Capocollo","","San Daniele Capocollo","3.69","0.0","Market Basket","3 oz","3 oz","No Image.jpg","","22"
"10061","Frozen Food","Ice Cream & Ice","Ice Cream & Ice","Haagen-dazs","Haagen dazs Caramel Cone Ice Cream","","Haagen dazs Caramel Cone Ice Cream","4.29","0.0","Market Basket","1 pint","1 pint","3080.jpg","","21"
"10660","Pasta & Sauces","Pasta Sauce","Pasta Sauce","Spice World","Spice World Pesto Original Italian","","Spice World Pesto Original Italian","3.69","0.0","Market Basket","6.7 oz","6.7 oz","17370.jpg","","4"
"33826","Cooking Needs","Canned Food","Canned Tomatoes","Pastene","Pastene Whole Peeled Tomatoes","066086080268","Pastene Whole Peeled Tomatoes","2.11","0.0","Market Basket","28 oz","28 oz","X1376.jpg","","4"
"35246","Richardson's Farm Ice Cream","Ice Cream","Chocolate","Richarson's Farm","Richarson's Farm Double Chocolate Ice Cream 16% Butterfat","","Double the chocolate richness","32.99","0.0","Richardson's Farm","3 Gal. Tub","3 Gal. Tub","RichardsonsFarm.jpg","",""
"9912","Frozen Food","Frozen Dinners & Entrees","Frozen Vegan & Vegetarian","Gardein","Gardein Golden Fishless Filets","","Gardein Golden Fishless Filets","5.61","0.0","Market Basket","10.1 oz","10.1 oz","2931.jpg","","20"
"326","Kitchen & Cleaning","Food Storage & Kitchen Supplies","Storage Bags","Market Basket","Market Basket Freezer Resealable Bags","","Market Basket Freezer Resealable Bags","3.09","1.0","Market Basket","30 count","30 count","Market Basket.jpg","","12"
"32932","Breakfast & Dairy","Dairy & Eggs","Yogurt","Market Basket","Market Basket Plain Nonfat Yogurt ","","Market Basket Plain Nonfat Yogurt ","2.36","0.0","Market Basket","32 oz","32 oz","X570.jpg","","1"
"34731","Breakfast & Dairy","Bars & Pastries","Granola Bars","Sunbelt Bakery ","Sunbelt Bakery Peanut Butter Chip Granola Bars","024300031083","Sunbelt Bakery Peanut Butter Chip Granola Bars","3.13","0.0","Market Basket","10.91 oz","10.91 oz","X3791.jpg","","5"
"34647","Frozen Food","Frozen Dinners & Entrees","Frozen Meal","Stouffer's ","Stouffer's Romano Crusted chicken","013800168337","Stouffer's Romano Crusted chicken","3.36","0.0","Market Basket","10 1/4 oz","10 1/4 oz","X4261.jpg","","18"
"33424","Cooking Needs","Oils & Vinegars","Oils & Vinegars","Nakano","Nakano Rice Vinegar Rosted Garlic ","073575299452","Nakano Rice Vinegar Rosted Garlic ","3.36","0.0","Market Basket","12 fl oz","12 fl oz","X5329.jpg","","3"
"34089","Breakfast & Dairy","Cereal","Cereal","Post","Post Raisin Cluster Crunch Great Grains Cereal","884912336637","Post Raisin Cluster Crunch Great Grains Cereal","3.75","0.0","Market Basket","16.5 oz","16.5 oz","X3308.jpg","","5"
"4534","Meat & Seafood","Lunch Meat","Other Meat","Columbus","Columbus Il Classico Antipasto Sampler","","Columbus Il Classico Antipasto Sampler","7.39","0.0","Market Basket","12 oz","12 oz","5418.jpg","","22"
"9970","Frozen Food","Ice Cream & Ice","Ice Cream & Ice","Breyer's","Breyer's Frozen Dairy Dessert Coffee","","Breyer's Frozen Dairy Dessert Coffee","4.79","0.0","Market Basket","48 oz","48 oz","16188.jpg","","21"
"4620","Meat & Seafood","Canned Meat & Seafood","Canned Sausage","Libby's","Libby's Vienna Sausage","","Libby's Vienna Sausage","0.69","0.0","Market Basket","4.6 oz","4.6 oz","17152.jpg","","2"
"14279","Breakfast & Dairy","Dairy & Eggs","Yogurt","YoCrunch","YoCrunch Lowfat Yogurt Vanilla with M&M's","","YoCrunch Lowfat Yogurt Vanilla with M&M's","3.36","0.0","Market Basket","4 x 4.1 oz","4 x 4.1 oz","458.jpg","","1"
"6203","Beverages & Juices","Soft Drinks & Seltzers","Soft Drinks","7 up","7 Up Cherry Box of Cans","","7 Up Cherry Box of Cans","6.86","0.0","Market Basket","12 x 12 fl oz","12 x 12 fl oz","No Image.jpg","","17"
"30781","Pasta & Sauces","Instant Pasta","Instant Pasta","Campbell's","Campbell's Sphagettios Meatballs- Shaped pasta with Meatballs made with Chicken, Pork & Beef in Tomato Sauce","051000233172","Campbell's Sphagettios Meatballs- Shaped pasta with Meatballs made with Chicken, Pork & Beef in Tomato Sauce","1.25","0.0","Market Basket","15.6 oz","15.6 oz","X1258.jpg","","4"
"31620","Frozen Food","Frozen Dinners & Entrees","Frozen Appetizers & Sides","Green Giant","Green Giant Cauliflower Breadsticks Garlic","190569295853","Green Giant Cauliflower Breadsticks Garlic","4.99","0.0","Market Basket","8.2 oz","8.2 oz","X4363.jpg","","18"
"6600","Beverages & Juices","Juices & Refrigerated Drinks","Refrigerated Drinks","Honest","Honest Tea Organic Herbal Tea Cranberry Lemon","","Honest Tea Organic Herbal Tea Cranberry Lemon","1.59","0.0","Market Basket","16.9 fl oz","16.9 fl oz","16550.jpg","","1"
"7943","Cooking Needs","Canned Food","Soup, Broth & Bouillon","Campbell's","Campbell's Condensed Campbell's Condensed 98% Fat Free Cream of Mushroom Soup","","Campbell's Condensed Campbell's Condensed 98% Fat Free Cream of Mushroom Soup","2.09","0.0","Market Basket","10.5 oz","10.5 oz","5309.jpg","","9"
"3825","Fresh Produce","Fresh Organic Vegetables","Ginger","Market Basket","Garden Sweet Organic Ginger Clam","","Garden Sweet Organic Ginger Clam","4.24","0.0","Market Basket","6 oz","6 oz","FP106.jpg","","20"
"6000","Beverages & Juices","Energy & Sports Drinks","Energy & Sports Drinks","Monster","Monster Energy Ultra Sunrise 10 Pack","","Monster Energy Ultra Sunrise 10 Pack","19.36","0.0","Market Basket","10 x 16 fl oz","10 x 16 fl oz","No Image.jpg","","17"
"30272","Meat & Seafood","Packaged Meat & Seafood","Chicken","Banquet","Banquet Bone In Wings Hot and Spicy","031000126001","Banquet Bone In Wings Hot and Spicy","6.24","0.0","Market Basket","11 oz","11 oz","X4785.jpg","","1"
"6254","Beverages & Juices","Water","Water","Crystal Geyser","Crystal Geyser Natural Alpine Spring Water","","Crystal Geyser Natural Alpine Spring Water","1.25","0.0","Market Basket","33.8 fl oz","33.8 fl oz","No Image.jpg","","11"
"6701","Chips, Cookies & Snacks","Cookies & Crackers","Muffins","Entenmann's","Entenmann's Little Bites Blueberry Mini Muffins made with Real Blueberries","","Entenmann's Little Bites Blueberry Mini Muffins made with Real Blueberries","3.69","0.0","Market Basket","20 x 0.41 oz","20 x 0.41 oz","6219.jpg","","14"
"4960","Chips, Cookies & Snacks","Chips & Fruit Snacks","Chips & Pretzels","Sun Chips","Sun Chips Sunchips Harvest Cheddar","","Sun Chips Sunchips Harvest Cheddar","5.14","0.0","Market Basket","7 oz","7 oz","14821.jpg","","0"
"3689","Fresh Produce","Fresh Fruits","Orange","Market Basket","Orange","","Orange","7.0","0.0","Market Basket","1 count","1 count","14279.jpg","","20"
"5804","Breakfast & Dairy","Bars & Pastries","Protien Bars","Power Crunch","Power Crunch Protein Energy Bar Original Peanut Butter Fudge","","Power Crunch Protein Energy Bar Original Peanut Butter Fudge","1.87","0.0","Market Basket","1.4 oz","1.4 oz","15238.jpg","","3"
"4877","Chips, Cookies & Snacks","Chips & Fruit Snacks","Chips & Pretzels","Lay's","Lay'S Dill Pickle Potato Chips Party Size","","Lay'S Dill Pickle Potato Chips Party Size","5.47","0.0","Market Basket","13 oz","13 oz","No Image.jpg","","0"
"15261","Personal Care","Personal Needs","Oral Hygiene","Tom's Of Maine","Tom's of Maine Natural Fluoride-Free Antiplaque & Whitening Toothpaste Peppermint","","Tom's of Maine Natural Fluoride-Free Antiplaque & Whitening Toothpaste Peppermint","6.31","1.0","Market Basket","5.5 fl oz","5.5 fl oz","6461.jpg","","13"
"491","Laundry & Paper Goods","Laundry","Laundry Detergent","Tide","Tide Simply Clean& Fresh Daybreak Fresh 89 Loads Laundry Detergent","","Tide Simply Clean& Fresh Daybreak Fresh 89 Loads Laundry Detergent","11.86","1.0","Market Basket","128 fl oz","128 fl oz","No Image.jpg","","15"
"13294","Breakfast & Dairy","Dairy & Eggs","Butter","Kate's Creamery","Kate's Creamery 100% Pure Butter","","Kate's Creamery 100% Pure Butter","4.29","0.0","Market Basket","16 oz","16 oz","660.jpg","","1"
"31521","Breakfast & Dairy","Dairy & Eggs","Fruit Drink","GoGo Squeez","GoGo Squeez Apple Cinnamon No Sugar Added Made From 100% Fruit & Cinnamon  ","","GoGo Squeez Apple Cinnamon No Sugar Added Made From 100% Fruit & Cinnamon  ","3.74","0.0","Market Basket","12.8 oz","12.8 oz","X300.jpg","","1"
"3926","Fresh Produce","Fresh Vegetables","Pepper","Market Basket","Ajicito Peppers Pack","","Ajicito Peppers Pack","5.62","0.0","Market Basket","1 lb","1 lb","FP66.jpg","","20"
"7081","Cooking Needs","Oils & Vinegars","Oils & Vinegars","Loriva","Loriva Pure Extra Virgin Sesame Oil","","Loriva Pure Extra Virgin Sesame Oil","8.59","0.0","Market Basket","12.7 fl oz","12.7 fl oz","15509.jpg","","2"
"34807","Frozen Food","Frozen Dinners & Entrees","Frozen Appetizers & Sides","TGI Fridays","TGI Fridays Loaded Potato Skins Cheddar and Bacon","046704096123","TGI Fridays Loaded Potato Skins Cheddar and Bacon","6.11","0.0","Market Basket","13.5 oz","13.5 oz","X4837.jpg","","19"
"4423","Meat & Seafood","Hot Dogs, Bacon & Sausage","Hot Dogs","Hebrew National","Hebrew National Reduced Fat Franks Hotdogs","","Hebrew National Reduced Fat Franks Hotdogs","6.09","0.0","Market Basket","11 oz","11 oz","4198.jpg","","1"
"33653","Beverages & Juices","Juices & Refrigerated Drinks","Juice & Nectars","Ocean Spray","Ocean Spray Diet 5 Cranberry","031200203090","Ocean Spray Diet 5 Cranberry","3.74","0.0","Market Basket","3 L","3 L","X2819.jpg","","10"
"5774","Breakfast & Dairy","Bars & Pastries","Protien Bars","MET-Rx","MET Rx Protein Plus Protein Bar Chocolate Roasted Peanut with Caramel","","MET Rx Protein Plus Protein Bar Chocolate Roasted Peanut with Caramel","1.89","0.0","Market Basket","3 oz","3 oz","15244.jpg","","3"
"31775","Breakfast & Dairy","Dairy & Eggs","Cottage Cheese","Hood","Hood Cottage Cheese With Chive","","Hood Cottage Cheese With Chive","2.09","0.0","Market Basket","16 oz","16 oz","X338.jpg","","1"
"31749","Cooking Needs","Oils & Vinegars","Cooking Wine","Holland House ","Holland House Sherry Cooking Wine ","","Holland House Sherry Cooking Wine ","3.0","0.0","Market Basket","16 oz","16 oz","X1772.jpg","","2"
"31608","Frozen Food","Frozen Produce","Frozen Produce","Goya","Goya Select Banana Leaves Hojas de Platano Selectas","041331090957","Goya Select Banana Leaves Hojas de Platano Selectas","2.74","0.0","Market Basket","16 oz","16 oz","X4442.jpg","","18"
"30743","Cooking Needs","Canned Food","Baked Beans","Bush's","Bush's Best Since 1908 Original Brown Sugar Bacon Baked Beans","","Bush's Best Since 1908 Original Brown Sugar Bacon Baked Beans","4.49","0.0","Market Basket","28 oz","28 oz","X1838.jpg","","2"
"33914","Condiments & Dressings","Preserved Dips & Spreads","Spreads","PB2","PB2 Peanut Butter with Cocoa ","","PB2 Peanut Butter with Cocoa ","4.99","0.0","Market Basket","6.5 oz","6.5 oz","X720.jpg","","3"
"6056","Beverages & Juices","Cocoa & Drink Mixes","Cocoa & Drink Mixes","Crystal Light","Crystal Light Peach Mango Green Tea","","Crystal Light Peach Mango Green Tea","3.75","0.0","Market Basket","1.85 oz","1.85 oz","No Image.jpg","","17"
"33531","Breakfast & Dairy","Granola & Oats","Granola","Nature's Path","Nature's Path Orignal Keto & Paleo Friendly Grain Free Granola Maple Almond","058449192046","Nature's Path Orignal Keto & Paleo Friendly Grain Free Granola Maple Almond","7.49","0.0","Market Basket","8 oz","8 oz","X3739.jpg","","5"
"30833","Cooking Needs","Rice & Grains","Rice","Carolina ","Carolina Long Grain & Wild Rice Seasoned Rice","017400106140","Carolina Long Grain & Wild Rice Seasoned Rice","0.86","0.0","Market Basket","4.5 oz","4.5 oz","X1037.jpg","","4"
"13643","Breakfast & Dairy","Dairy & Eggs","Packaged Cheese","Cabot Creamery","Cabot Creamery Extra Sharp Cheddar Cheese","","Cabot Creamery Extra Sharp Cheddar Cheese","3.59","0.0","Market Basket","8 oz","8 oz","137.jpg","","1"
"13807","Breakfast & Dairy","Dairy & Eggs","Packaged Cheese","Stella","Stella Parmesan Freshly Shaved Cheese","","Stella Parmesan Freshly Shaved Cheese","3.09","0.0","Market Basket","5 oz","5 oz","14589.jpg","","1"
"31087","Breakfast & Dairy","Dairy & Eggs","Yogurt","Dannon","Dannon Light & Fit Protein Mixed Berry","","Dannon Light & Fit Protein Mixed Berry","1.49","0.0","Market Basket","7 fl oz","7 fl oz","X189.jpg","","1"
"8616","Condiments & Dressings","Pickled Goods & Olives","Pickled Goods & Olives","Goya","Goya Manzanilla Spanish Olives with Pimientos","","Goya Manzanilla Spanish Olives with Pimientos","2.99","0.0","Market Basket","9.5 oz","9.5 oz","1875.jpg","","7"
"12688","Breakfast & Dairy","Breads & Rolls","Bread","Food For Life","Food for Life Ezekiel 4:9 Bread Sprouted Grain Sesame","","Food for Life Ezekiel 4:9 Bread Sprouted Grain Sesame","5.99","0.0","Market Basket","24 oz","24 oz","4774.jpg","","18"
"6952","Cooking Needs","Baking & Cooking","Doughs, Gelatins & Bake Mixes","Duncan Hines","Duncan Hines Classic Devil's Food Cake Mix","","Duncan Hines Classic Devil's Food Cake Mix","1.29","0.0","Market Basket","15.25 oz","15.25 oz","2094.jpg","","8"
"30673","Condiments & Dressings","Salad Dressings & Toppings","Salad Dressing & Toppings","Briannas ","Briannas Home Style Creamy Blue Cheese Dressing ","","Briannas Home Style Creamy Blue Cheese Dressing ","4.36","0.0","Market Basket","12 fl oz","12 fl oz","X73.jpg","","2"
"4019","Fresh Produce","Fresh Vegetables","Tomato","Market Basket","Backyard Cluster Tomatoes","","Backyard Cluster Tomatoes","3.29","0.0","Market Basket","1 lb","1 lb","No Image.jpg","","20"
"31581","Frozen Food","Frozen Dinners & Entrees","Frozen Appetizers & Sides","Gorton's","Gorton's Crunchy Breaded Whole Fillets (Not Minced)","044400154505","Gorton's Crunchy Breaded Whole Fillets (Not Minced)","6.24","0.0","Market Basket","19 oz","19 oz","X4397.jpg","","18"
"6414","Chips, Cookies & Snacks","Chips & Fruit Snacks","Rice Cake","Lundberg Family Farms","Lundberg Family Farms Cinnamon Toast Organic Rice Cakes","","Lundberg Family Farms Cinnamon Toast Organic Rice Cakes","3.74","0.0","Market Basket","9.5 oz","9.5 oz","15178.jpg","","6"
"30564","Cooking Needs","Baking & Cooking","Flour","Bob's Red Mill","Bob's Red Mill Stone Ground White Rice Flour Great For Baking ","039978023162","Bob's Red Mill Stone Ground White Rice Flour Great For Baking ","6.24","0.0","Market Basket","24 oz","24 oz","X5272.jpg","","3"
"7244","Cooking Needs","Spices & Seasonings","Spices & Seasonings","Market Basket","Market Basket Iodized Salt","","Market Basket Iodized Salt","0.79","0.0","Market Basket","28 oz","28 oz","Market Basket.jpg","","9"
"34764","Condiments & Dressings","Marinades, Ketchup & Sauces","Marinades & Meat Preparation","Sweet Baby Ray's","Sweet Baby Ray's Gourmet Sauce Sweet Red Chili Sauce & Marinade For Wings,Seafood,Chicken Tenders  ","013409515846","Sweet Baby Ray's Gourmet Sauce Sweet Red Chili Sauce & Marinade For Wings,Seafood,Chicken Tenders  ","1.88","0.0","Market Basket","28 oz","28 oz","X2063.jpg","","2"
"33345","Beverages & Juices","Juices & Refrigerated Drinks","Juice & Nectars","Mott's","Mott's Tots Fruit Punch Juice Beverage","014800318210","Mott's Tots Fruit Punch Juice Beverage","2.5","0.0","Market Basket","64 fl oz","64 fl oz","X2888.jpg","","10"
"3640","Fresh Produce","Fresh Fruits","Blueberries","Market Basket","Fresh Blueberries","","Fresh Blueberries","3.74","0.0","Market Basket","6 oz","6 oz","14283.jpg","","20"
"32427","Condiments & Dressings","Pickled Goods & Olives","Peppers","Krinos ","Krinos Impored Pepperoncini In Vinegar Brine ","075013280008","Krinos Impored Pepperoncini In Vinegar Brine ","3.13","0.0","Market Basket","13 oz","13 oz","X2299.jpg","","2"
"33814","Pasta & Sauces","Instant Pasta","Instant Pasta","Pasta Roni","Pasta Roni Four Cheese Corkscrew Pasta","015300440166","Pasta Roni Four Cheese Corkscrew Pasta","1.25","0.0","Market Basket","6 oz","6 oz","X1130.jpg","","4"
"13276","Breakfast & Dairy","Dairy & Eggs","Butter","Country Crock","Country Crock Original Vegetable Oil Spread","","Country Crock Original Vegetable Oil Spread","2.49","0.0","Market Basket","15 oz","15 oz","647.jpg","","1"
"4125","Meat & Seafood","Meat & Seafood Counter","Chicken Breast","Perdue","Perdue Chicken Breast","","Perdue Chicken Breast","4.89","0.0","Market Basket","1 lb","1 lb","No Image.jpg","","22"
"34886","Pasta & Sauces","Pasta Sauce","Pasta Sauce","Tresca","Tresca Pasta Sauce Pomodora","860000631808","Tresca Pasta Sauce Pomodora","8.74","0.0","Market Basket","25.5 oz","25.5 oz","X1505.jpg","","4"
"9798","Frozen Food","Frozen Produce","Frozen Produce","Dole","Dole Mango Chunks","","Dole Mango Chunks","6.09","0.0","Market Basket","16 oz","16 oz","2475.jpg","","19"
"33001","Pasta & Sauces","Pasta Sauce","Pasta Sauce","Market Basket","Market Basket Pasta Sauce Sweet and Aromatic Tomato Basil","049705034880","Market Basket Pasta Sauce Sweet and Aromatic Tomato Basil","1.88","0.0","Market Basket","24 oz","24 oz","X1466.jpg","","4"
"32572","Chips, Cookies & Snacks","Candy & Chocolates","Candy & Chocolate","Lily's","Lily's Almond Dark Chocolate 55% cocoa ~ Stevia Sweetened Sark And Rich","","Lily's Almond Dark Chocolate 55% cocoa ~ Stevia Sweetened Sark And Rich","3.74","0.0","Market Basket","3 oz","3 oz","X473.jpg","","3"
"31654","Frozen Food","Frozen Dinners & Entrees","Frozen Meal","Healthy Choice","Healthy Choice Creamy Chicken & Mushroom ","072655220096","Healthy Choice Creamy Chicken & Mushroom ","3.13","0.0","Market Basket","9.25 oz","9.25 oz","X4067.jpg","","18"
"33759","Meat & Seafood","Packaged Meat & Seafood","Turkey","Oscar Mayer ","Oscar Mayer Turkey Almonds Colby Jack ","","Oscar Mayer Turkey Almonds Colby Jack ","1.86","0.0","Market Basket","2 oz","2 oz","X4556.jpg","","1"
"31936","Meat & Seafood","Packaged Meat & Seafood","Sausage","Jimmy Dean "," Jimmy Dean Heat'n Serve Turkey Sausage Links ",""," Jimmy Dean Heat'n Serve Turkey Sausage Links ","6.86","0.0","Market Basket","23.4 oz","23.4 oz","X4754.jpg","","1"
"31323","Meat & Seafood","Packaged Meat & Seafood","Burger","Field Roast  ","Field Roast Chili Mac'n Chao","","Field Roast Chili Mac'n Chao","7.49","0.0","Market Basket","11 oz","11 oz","X4732.jpg","","1"
"31438","Cooking Needs","Canned Food","Canned & Jarred Vegetables","Gefen","Gefen ROASTED ORGANIC Chestnuts RECIPE READY Peeled TREE RIPENED CHATAIGNES GRILLEESET PELEES FOR COOKING BAKING SNACKING","","Gefen ROASTED ORGANIC Chestnuts RECIPE READY Peeled TREE RIPENED CHATAIGNES GRILLEESET PELEES FOR COOKING BAKING SNACKING","3.74","0.0","Market Basket","5.2 oz","5.2 oz","X285.jpg","","3"
"8817","Condiments & Dressings","Salad Dressings & Toppings","Salad Dressing & Toppings","Good Seasons","Good Seasons Balsamic Dressing & Recipe Mix","","Good Seasons Balsamic Dressing & Recipe Mix","1.69","0.0","Market Basket","0.7 oz","0.7 oz","15457.jpg","","2"
"32119","Breakfast & Dairy","Cereal","Cereal","Kellogg's ","Kellogg's Krave Chocolate","038000199240","Kellogg's Krave Chocolate","3.75","0.0","Market Basket","11.4 oz","11.4 oz","X3368.jpg","","5"
"33093","Breakfast & Dairy","Granola & Oats","Oats","Market Basket ","Market Basket Maple & Brown Sugar  Instant Oatmeal","049705113080","Market Basket Maple & Brown Sugar  Instant Oatmeal","2.5","0.0","Market Basket","10 x 1.51 oz","10 x 1.51 oz","X3563.jpg","","5"
"6680","Beverages & Juices","Juices & Refrigerated Drinks","Refrigerated Drinks","Turkey Hill","TURKEY HILL Raspberry FLAVORED Tea","","","1.88","0.0","Market Basket","64","64","X857.jpg","","1"
"3439","Fresh Produce","Fresh Fruits","Banana","Market Basket","Banana Bunches (Approx: 3 Count)","","Banana Bunches (Approx: 3 Count)","1.09","0.0","Market Basket","1 lb","1 lb","f16.jpg","","20"
"3660","Fresh Produce","Fresh Fruits","Grapes","Sun World","Sun World Midnight Beauty Black Seedless Grapes","","Sun World Midnight Beauty Black Seedless Grapes","7.99","0.0","Market Basket","1 bag","1 bag","14266.jpg","","20"
"34637","Frozen Food","Frozen Dinners & Entrees","Frozen Appetizers & Sides","Stouffer's","Stouffer's Bacon and White Cheddar Mac Bites","013800494979","Stouffer's Bacon and White Cheddar Mac Bites","6.24","0.0","Market Basket","12 oz","12 oz","X4791.jpg","","19"
"31781","Breakfast & Dairy","Dairy & Eggs","Cottage Cheese","Hood","Hood 4% Cottage Cheese With Blueberry added With OTHER NATURAL FLAVORS I SMALL CURD","","Hood 4% Cottage Cheese With Blueberry added With OTHER NATURAL FLAVORS I SMALL CURD","2.09","0.0","Market Basket","16 oz","16 oz","X344.jpg","","1"
"10096","Frozen Food","Ice Cream & Ice","Ice Cream & Ice","Hood","Hood Ice Cream Creamy Coffee","","Hood Ice Cream Creamy Coffee","3.69","0.0","Market Basket","1.5 quart","1.5 quart","3094.jpg","","21"
"35168","Condiments & Dressings","Pickled Goods & Olives","Relish","Woodstock ","Woodstrok Jalapeno Relish Organic ","042563017378","Woodstrok Jalapeno Relish Organic ","5.36","0.0","Market Basket","12 oz","12 oz","X2217.jpg","","2"
"35266","Richardson's Farm Ice Cream","Ice Cream","Milky Way","Richarson's Farm","Richarson's Farm Way Milk with Milky Wayï¿½ Ice Cream 16% Butterfat","","Malted light chocolate ice cream with chocolate chips, Milky Wayï¿½ bars, and a caramel twirl","32.99","0.0","Richardson's Farm","3 Gal. Tub","3 Gal. Tub","RichardsonsFarm.jpg","",""
"596","Laundry & Paper Goods","Paper Goods","Bathroom Tissues / Toilet Paper","Market Basket","Market Basket Supreme strong & soft Bathroom Tissues","","Market Basket Supreme strong & soft Bathroom Tissues","17.49","1.0","Market Basket","24 count","24 count","Market Basket.jpg","","14"
"8547","Cooking Needs","Oils & Vinegars","Oils & Vinegars","Mazola","Mazola 100% Pure Vegetable Oil","","Mazola 100% Pure Vegetable Oil","4.39","0.0","Market Basket","40 fl oz","40 fl oz","15505.jpg","","2"
"32181","Breakfast & Dairy","Bars & Pastries","Breakfast Bars","Kellogg's ","Kellogg's Rice Krispies Treat Snap Crackle Poppets Caramel","038000228223","Kellogg's Rice Krispies Treat Snap Crackle Poppets Caramel","3.75","0.0","Market Basket","5 x 1  oz","5 x 1  oz","X3536.jpg","","5"
"13936","Breakfast & Dairy","Dairy & Eggs","Specialty Cheeses","Dodoni","Dodoni Feta Cheese In Brine","","Dodoni Feta Cheese In Brine","9.79","0.0","Market Basket","14 oz","14 oz","17303.jpg","","1"
"32993","Pasta & Sauces","Pasta Sauce","Pasta Sauce","Market Basket","Market Basket Pasta Sauce Roasted Garlic and Herb","049705034958","Market Basket Pasta Sauce Roasted Garlic and Herb","1.88","0.0","Market Basket","24 oz","24 oz","X1458.jpg","","4"
"32500","Frozen Food","Frozen Dinners & Entrees","Frozen Meal","Lean Cuisine ","Lean Cuisine Fettuccini Alfredo","013800166517","Lean Cuisine Fettuccini Alfredo","2.5","0.0","Market Basket","                  9 1/4 oz","                  9 1/4 oz","X4217.jpg","","18"
"34891","Beverages & Juices","Energy & Sports Drinks","Energy & Sports Drinks","Trimino","Trimino Protien Infused Water Raspberry Limaede","811492020205","Trimino Protien Infused Water Raspberry Limaede","2.5","0.0","Market Basket","16 fl oz","16 fl oz","X2730.jpg","","10"
"32336","Condiments & Dressings","Marinades, Ketchup & Sauces","Sauce","Kitchens Of India","Kitchens Of India Palak Paneer Masala ","841905010318","Kitchens Of India Palak Paneer Masala ","3.74","0.0","Market Basket","10 oz","10 oz","X5341.jpg","","3"
"33530","Breakfast & Dairy","Granola & Oats","Cup Oatmeal","Nature's Path","Nature's Path Maple Pecan","058449184034","Nature's Path Maple Pecan","2.5","0.0","Market Basket","1.94 oz","1.94 oz","X3614.jpg","","5"
"6103","Beverages & Juices","Soft Drinks & Seltzers","Soft Drinks","Coca-Cola","Coca Cola Vanilla Box of Cans","","Coca Cola Vanilla Box of Cans","6.86","0.0","Market Basket","12 x 12 fl oz","12 x 12 fl oz","3945.jpg","","17"
"7988","Cooking Needs","Canned Food","Soup, Broth & Bouillon","College Inn","College Inn 99% Fat Free Beef Broth","","College Inn 99% Fat Free Beef Broth","0.99","0.0","Market Basket","14.5 oz","14.5 oz","5388.jpg","","9"
"32230","Condiments & Dressings","Salad Dressings & Toppings","Salad Dressing & Toppings","Ken's Steak House","Ken's Seak House Lite Northern Italian With Basil & Romano Dressing & Marinade ","041335001720","Ken's Seak House Lite Northern Italian With Basil & Romano Dressing & Marinade ","4.36","0.0","Market Basket","24 fl oz","24 fl oz","X398.jpg","","2"
"3721","Fresh Produce","Fresh Fruits","Strawberries","Market Basket","Cal Fruit Strawberries","","Cal Fruit Strawberries","6.23","0.0","Market Basket","16 oz","16 oz","14263.jpg","","20"
"7308","Cooking Needs","Spices & Seasonings","Spices & Seasonings","McCormick","McCormick Grill Mates Hamburger Seasoning","","McCormick Grill Mates Hamburger Seasoning","2.49","0.0","Market Basket","2.75 oz","2.75 oz","2266.jpg","","9"
"8325","Condiments & Dressings","Fresh Dips & Tapenades","Fresh Dips & Tapenades","Market Basket","Market Basket Gravy","","Market Basket Gravy","1.59","0.0","Market Basket","12 fl oz","12 fl oz","Market Basket.jpg","","1"
"14554","Breakfast & Dairy","Tea & Coffee","Tea","Celestial Seasonings","Celestial Seasonings Raspberry Zinger Caffeine Free Herbal Tea","","Celestial Seasonings Raspberry Zinger Caffeine Free Herbal Tea","2.49","0.0","Market Basket","20 count","20 count","3469.jpg","","8"
"5761","Breakfast & Dairy","Bars & Pastries","Protien Bars","Luna","Luna Chocolate Peppermint Stick Whole Nutrition Bar","","Luna Chocolate Peppermint Stick Whole Nutrition Bar","1.25","0.0","Market Basket","1.69 oz","1.69 oz","1291.jpg","","3"
"305","Kitchen & Cleaning","Food Storage & Kitchen Supplies","Pasta Pan","Reynolds","Reynolds Bakeware 19 1/2 x 11 1/2 x 3 1/2"" Heavy Duty Giant Size Pasta Pan","","Reynolds Bakeware 19 1/2 x 11 1/2 x 3 1/2"" Heavy Duty Giant Size Pasta Pan","4.89","1.0","Market Basket","1 count","1 count","4480.jpg","","12"
"33813","Pasta & Sauces","Instant Pasta","Instant Pasta","Pasta Roni","Pasta Roni Fettuccini Alfredo Pasta","015300440357","Pasta Roni Fettuccini Alfredo Pasta","1.25","0.0","Market Basket","4.7 oz","4.7 oz","X1129.jpg","","4"
"6949","Cooking Needs","Baking & Cooking","Doughs, Gelatins & Bake Mixes","Duncan Hines","Duncan Hines Chewy Fudge Brownies Mix","","Duncan Hines Chewy Fudge Brownies Mix","1.89","0.0","Market Basket","18.3 oz","18.3 oz","2088.jpg","","8"
"15292","Personal Care","Vitamins & Proteins","Protien Drinks","Ensure","Ensure Plus Milk Chocolate","","Ensure Plus Milk Chocolate","14.02","1.0","Market Basket","6 count","6 count","No Image.jpg","","13"
"7766","Cooking Needs","Canned Food","Canned Meals & Beans","Goya","Goya Small Red Beans","","Goya Small Red Beans","2.19","0.0","Market Basket","29 oz","29 oz","5119.jpg","","7"
"31929","Meat & Seafood","Packaged Meat & Seafood","Bacon","Jimmy Dean ","Jimmy Dean Bacon Real Eggs Cheddar Cheese & Bacon","","Jimmy Dean Bacon Real Eggs Cheddar Cheese & Bacon","3.13","0.0","Market Basket","5.35 oz","5.35 oz","X4469.jpg","","1"
"10143","Frozen Food","Ice Cream & Ice","Ice Cream & Ice","M&M's","M&M's Ice Cream Cookie Sandwich","","M&M's Ice Cream Cookie Sandwich","5.29","0.0","Market Basket","6 x 24 fl oz","6 x 24 fl oz","16145.jpg","","21"
"10018","Frozen Food","Ice Cream & Ice","Ice Cream & Ice","Edy's/dreyer's","Edy's/dreyer's SLOW CHURNED No Sugar Added Neapolitan Light Ice Cream","","Edy's/dreyer's SLOW CHURNED No Sugar Added Neapolitan Light Ice Cream","3.69","0.0","Market Basket","1.5 quart","1.5 quart","3013.jpg","","21"
"35175","Condiments & Dressings","Marinades, Ketchup & Sauces","Marinades & Meat Preparation","World Harbors ","World Harbors Aulthentic Flavors Mexican Style Fajita Sauce & Marinade Serving Suggestion","715364100012","World Harbors Aulthentic Flavors Mexican Style Fajita Sauce & Marinade Serving Suggestion","3.13","0.0","Market Basket","16 fl oz","16 fl oz","X2048.jpg","","2"
"35162","Breakfast & Dairy","Granola & Oats","Oats","Woodstock","Woodstock Irish Style Oatmeal ","042563017736","Woodstock Irish Style Oatmeal ","3.13","0.0","Market Basket","18.5 oz","18.5 oz","X3577.jpg","","5"
"8738","Condiments & Dressings","Preserved Dips & Spreads","Preserved Dips & Salsa","Green Mountain","Green Mountain Salsa Medium","","Green Mountain Salsa Medium","3.69","0.0","Market Basket","16 oz","16 oz","2016.jpg","","1"
"31500","Chips, Cookies & Snacks","Candy & Chocolates","Candy & Chocolate","Ghirardelli","Ghirardelli Premium Chocolate Assortment Squares","","Ghirardelli Premium Chocolate Assortment Squares","11.24","0.0","Market Basket","15.77 oz","15.77 oz","X286.jpg","","3"
"31102","Breakfast & Dairy","Dairy & Eggs","Yogurt","Dannon","Dannon Light+Fit Greek Toasted Strawberry Cheesecake","","Dannon Light+Fit Greek Toasted Strawberry Cheesecake","3.75","0.0","Market Basket","5.3 oz","5.3 oz","X204.jpg","","1"
"9796","Frozen Food","Frozen Produce","Frozen Produce","Dole","Dole Dark Sweet Cherries","","Dole Dark Sweet Cherries","3.69","0.0","Market Basket","12 oz","12 oz","2481.jpg","","19"
"9889","Frozen Food","Frozen Produce","Frozen Produce","Market Basket","Market Basket Whole Frozen Blueberries","","Market Basket Whole Frozen Blueberries","2.69","0.0","Market Basket","12 oz","12 oz","Market Basket.jpg","","19"
"3456","Fresh Produce","Fresh Organic Herbs","Basil","Happy Valley Farms","Happy Valley Farms Organic Basil","","Happy Valley Farms Organic Basil","3.78","0.0","Market Basket","0.75 oz","0.75 oz","102.jpg","","20"
"5074","Chips, Cookies & Snacks","Cookies & Crackers","Cookies & Cakes","Market Basket","Market Basket Fudge Graham Cookies","","Market Basket Fudge Graham Cookies","2.34","0.0","Market Basket","13 oz","13 oz","Market Basket.jpg","","6"
"33905","Condiments & Dressings","Pickled Goods & Olives","Peppers","Pastene","Pastene Since 1874 Sweet Green Vineger Peppers ","066086101130","Pastene Since 1874 Sweet Green Vineger Peppers ","4.36","0.0","Market Basket","32 fl oz","32 fl oz","X2348.jpg","","2"
"34381","Cooking Needs","Rice & Grains","Instant Rice","Rice Roni","Rice Roni Chicken Broccoli flavor Rice, Vermicelli, chicken broth, broccoli & carrots","015300430341","Rice Roni Chicken Broccoli flavor Rice, Vermicelli, chicken broth, broccoli & carrots","1.25","0.0","Market Basket","4.9 oz","4.9 oz","X992.jpg","","4"
"472","Laundry & Paper Goods","Laundry","Laundry Detergent","Oxi Clean","OxiClean Laundry Detergent Sparkling Fresh 67 Loads","","OxiClean Laundry Detergent Sparkling Fresh 67 Loads","12.49","1.0","Market Basket","100.5 fl oz","100.5 fl oz","No Image.jpg","","15"
"32138","Frozen Food","Frozen Breakfast","Frozen Breakfast","Kellogg's ","Kellogg's Crustless Quiche Sausage Quinao Peppers Mozzarella & Asiago ","038000140969","Kellogg's Crustless Quiche Sausage Quinao Peppers Mozzarella & Asiago ","4.86","0.0","Market Basket","7 oz","7 oz","X4998.jpg","","19"
"33838","Pasta & Sauces","Pasta Sauce","Pasta Sauce","Pastene","Pastene Pasta Sauce The Cheteau Restaurant Marinara Sauce","066086090120","Pastene Pasta Sauce The Cheteau Restaurant Marinara Sauce","5.61","0.0","Market Basket","24 oz","24 oz","X1503.jpg","","4"
"10127","Frozen Food","Ice Cream & Ice","Ice Cream & Ice","Klondike","Klondike Ice Cream Bars Vanilla No Sugar Added","","Klondike Ice Cream Bars Vanilla No Sugar Added","4.09","0.0","Market Basket","6 x 4 fl oz","6 x 4 fl oz","16117.jpg","","21"
"9161","Frozen Food","Frozen Dinners & Entrees","Frozen Appetizers & Sides","McCain","McCain Seasoned Curly Fries","","McCain Seasoned Curly Fries","3.09","0.0","Market Basket","26 oz","26 oz","2585.jpg","","19"
"33849","Pasta & Sauces","Raw Pasta","Raw Pasta","Pastene","Pastene Organic Regine 10","066086070641","Pastene Organic Regine 10","3.11","0.0","Market Basket","16 oz","16 oz","X1601.jpg","","4"
"30782","Pasta & Sauces","Instant Pasta","Instant Pasta","Campbell's","Campbell's Sphagettios Orginal Pasta in Tomato & cheese Sauce","051000232830","Campbell's Sphagettios Orginal Pasta in Tomato & cheese Sauce","1.25","0.0","Market Basket","15.8 oz","15.8 oz","X1259.jpg","","4"
"14942","Personal Care","First Aid & Healthcare","Digestion","Phillips","Phillips' Genuine Saline Laxative Milk Of Magnesia Wild Cherry","","Phillips' Genuine Saline Laxative Milk Of Magnesia Wild Cherry","7.69","1.0","Market Basket","12 fl oz","12 fl oz","6655.jpg","","13"
"31793","Breakfast & Dairy","Dairy & Eggs","Sour Cream","Hood","Hood Sour Cream Squeeze","","Hood Sour Cream Squeeze","2.49","0.0","Market Basket","12 oz","12 oz","X351.jpg","","1"
"34132","Beverages & Juices","Energy & Sports Drinks","Energy & Sports Drinks","Powerade","Powerade Sports Drink Grape 8 pack","049000047134","Powerade Sports Drink Grape 8 pack","6.24","0.0","Market Basket","8 x 20 fl oz","8 x 20 fl oz","X2713.jpg","","10"
"10427","Cooking Needs","Rice & Grains","Rice","Goya","Goya Thai Jasmine Rice","","Goya Thai Jasmine Rice","17.09","0.0","Market Basket","10 lb","10 lb","5813.jpg","","7"
"35124","Chips, Cookies & Snacks","Candy & Chocolates","Candy & Chocolate","Wiley Wallaby","Wiley Wallaby Soft & Chewy Classic Black Gourmet Licorice For Authentic Licorice Lovers Everywhere !","","Wiley Wallaby Soft & Chewy Classic Black Gourmet Licorice For Authentic Licorice Lovers Everywhere !","3.75","0.0","Market Basket","10 oz","10 oz","X899.jpg","","3"
"6325","Beverages & Juices","Soft Drinks & Seltzers","Soft Drinks","Polar","Polar Root Beer Soda","","Polar Root Beer Soda","1.49","0.0","Market Basket","1 L","1 L","No Image.jpg","","11"
"3585","Fresh Produce","Fresh Vegetables","Celery","Market Basket","Celery Root","","Celery Root","8.49","0.0","Market Basket","1 ct","1 ct","FP69.jpg","","20"
"8771","Condiments & Dressings","Preserved Dips & Spreads","Preserved Dips & Salsa","Newman's Own","Newman's Own Salsa Con Queso","","Newman's Own Salsa Con Queso","2.49","0.0","Market Basket","16 oz","16 oz","1988.jpg","","0"
"3839","Fresh Produce","Fresh Organic Vegetables","Squash","Market Basket","Organic Spaghetti Squash","","Organic Spaghetti Squash","8.59","0.0","Market Basket","1 count","1 count","14392.jpg","","20"
"32766","Meat & Seafood","Packaged Meat & Seafood","Turkey","Mariokart ","Mariokart Turkey & American Cracker Stacker ","","Mariokart Turkey & American Cracker Stacker ","2.86","0.0","Market Basket","2.9 oz","2.9 oz","X4548.jpg","","1"
"9059","Condiments & Dressings","Preserved Dips & Spreads","Spreads","Smucker's","Smucker's Sugar Free Preserves Strawberry","","Smucker's Sugar Free Preserves Strawberry","2.99","0.0","Market Basket","12.75 oz","12.75 oz","1612.jpg","","3"
"6443","Beverages & Juices","Soft Drinks & Seltzers","Soft Drinks","Market Basket","Market Basket Cola","","Market Basket Cola","3.75","0.0","Market Basket","12 x 12 fl oz","12 x 12 fl oz","Market Basket.jpg","","17"
"32546","Condiments & Dressings","Pickled Goods & Olives","Pickled Goods & Olives","Levant ","Levant  Mediterranean Delicacies Pomegranate Molasses","859215008031","Levant  Mediterranean Delicacies Pomegranate Molasses","3.11","0.0","Market Basket","8.45 fl oz","8.45 fl oz","X2285.jpg","","2"
"7884","Cooking Needs","Canned Food","Canned Meat & Seafood","Spam","Spam Classic Canned Meat","","Spam Classic Canned Meat","3.19","0.0","Market Basket","340 g","340 g","17147.jpg","","2"
"33069","Breakfast & Dairy","Cereal","Cereal","Market Basket ","Market Basket Frosted Flakes of Corn Cereal ","049705005637","Market Basket Frosted Flakes of Corn Cereal ","2.5","0.0","Market Basket","17 oz","17 oz","X3336.jpg","","5"
"10123","Frozen Food","Ice Cream & Ice","Ice Cream & Ice","Klondike","Klondike Ice Cream Bars Krunch No Sugar Added","","Klondike Ice Cream Bars Krunch No Sugar Added","4.09","0.0","Market Basket","6 count","6 count","16173.jpg","","21"
"4723","Meat & Seafood","Frozen Meat & Seafood","Beef","Market Basket","Market Basket Beef Shaved Steak","","Market Basket Beef Shaved Steak","6.31","0.0","Market Basket","Approx: 1.09 lb at $5.79/lb","Approx: 1.09 lb at $5.79/lb","Market Basket.jpg","","22"
"32869","Breakfast & Dairy","Breads & Rolls","English Muffins","Market Basket","Market Basket 6 Raisin English Muffins","049705720936","Market Basket 6 Raisin English Muffins","1.74","0.0","Market Basket","12 oz","12 oz","X2398.jpg","","18"
"57","Kitchen & Cleaning","Air Fresheners & Candles","Automatic Spray & Refill","Air Wick","Air Wick Automatic Spray Refill, Fresh Waters, FreshMatic Ultra, Aerosol","","Air Wick Automatic Spray Refill, Fresh Waters, FreshMatic Ultra, Aerosol","4.89","1.0","Market Basket","6.17 oz","6.17 oz","4213.jpg","","15"
"7652","Cooking Needs","Canned Food","Canned Fruit & Applesauce","Market Basket","Market Basket Pineapple Chunks","","Market Basket Pineapple Chunks","1.49","0.0","Market Basket","20 oz container","20 oz container","Market Basket.jpg","","3"
"30797","Cooking Needs","Oils & Vinegars","Oils & Vinegars","Capatriti","Capatrite Extra Virgin Olive Oil The Honest Olive Oil Frist Cold Pressing ","706950666975","Capatrite Extra Virgin Olive Oil The Honest Olive Oil Frist Cold Pressing ","13.74","0.0","Market Basket","48 fl oz","48 fl oz","X1994.jpg","","2"
"3555","Fresh Produce","Fresh Vegetables","Broccoli","Market Basket","Andy Boy 1 Bunch Borccoli Rabe-rappini","","Andy Boy 1 Bunch Borccoli Rabe-rappini","4.24","0.0","Market Basket","1 lb","1 lb","14354.jpg","","20"
"6425","Chips, Cookies & Snacks","Chips & Fruit Snacks","Rice Cake","Quaker","Quaker Rice Cakes White Cheddar","","Quaker Rice Cakes White Cheddar","2.5","0.0","Market Basket","5.5 oz","5.5 oz","1198.jpg","","6"
"9410","Frozen Food","Frozen Dinners & Entrees","Frozen Meal","Barber Foods","Barber Foods Seasoned Selects Broccoli & Cheese Raw Stuffed Chicken Breasts","","Barber Foods Seasoned Selects Broccoli & Cheese Raw Stuffed Chicken Breasts","4.89","0.0","Market Basket","10 oz","10 oz","15985.jpg","","18"
"13897","Breakfast & Dairy","Dairy & Eggs","Soy & Lactose-Free","Pacific","Pacific Organic Original Oat Plant Based Beverage","","Pacific Organic Original Oat Plant Based Beverage","3.69","0.0","Market Basket","32 oz","32 oz","781.jpg","","1"
"84","Kitchen & Cleaning","Air Fresheners & Candles","Scented Oil Refill","Glade","Glade PlugIns Scented Oil Refills Clean Linen","","Glade PlugIns Scented Oil Refills Clean Linen","6.09","1.0","Market Basket","2 count","2 count","4229.jpg","","15"
"32211","Breakfast & Dairy","Cereal","Cereal","Kellogg's ","Kellogg's Special K Orignal Family Size","038000016219","Kellogg's Special K Orignal Family Size","4.99","0.0","Market Basket","18 oz","18 oz","X3405.jpg","","5"
"10049","Frozen Food","Ice Cream & Ice","Ice Cream & Ice","Friendly's","Friendly's Premium Ice Cream Vanilla","","Friendly's Premium Ice Cream Vanilla","3.69","0.0","Market Basket","1.5 quart","1.5 quart","3054.jpg","","21"
"31798","Cooking Needs","Canned Food","Baked Beans","Hormel","Hormel Chili  Angus Beef in Chili No Beans No Artificals Ingredients","","Hormel Chili  Angus Beef in Chili No Beans No Artificals Ingredients","3.13","0.0","Market Basket","15 oz","15 oz","X1849.jpg","","2"
"7872","Cooking Needs","Canned Food","Canned Meat & Seafood","Pastene","Pastene Fancy Solid Light Tuna in Olive Oil","","Pastene Fancy Solid Light Tuna in Olive Oil","1.89","0.0","Market Basket","3 oz","3 oz","17160.jpg","","2"
"31353","Pasta & Sauces","Gluten Free Pasta","Pasta Sauce","Francesco Rinaldi","Francesco Rinaldi Pasta Sauce Sweet and Tasty Tomato Gluten Free","077644900454","Francesco Rinaldi Pasta Sauce Sweet and Tasty Tomato Gluten Free","2.11","0.0","Market Basket","24 oz","24 oz","X1474.jpg","","4"
"8722","Condiments & Dressings","Preserved Dips & Spreads","Preserved Dips & Salsa","Desert Pepper","Desert Pepper Trading Company Authentic Corn Black Bean Red Pepper Salsa","","Desert Pepper Trading Company Authentic Corn Black Bean Red Pepper Salsa","4.89","0.0","Market Basket","16 oz","16 oz","15600.jpg","","0"
"7538","Cooking Needs","Canned Food","Canned & Jarred Vegetables","Market Basket","Market Basket Whole Kernel Golden Sweet Corn No Sugar Added","","Market Basket Whole Kernel Golden Sweet Corn No Sugar Added","0.99","0.0","Market Basket","15.25 oz","15.25 oz","Market Basket.jpg","","9"
"33711","Cooking Needs","Oils & Vinegars","Oils & Vinegars","Olivari ","Olivari Extra Virgin Olive Oil Cooking & baking Passion in every Drop ","041618500360","Olivari Extra Virgin Olive Oil Cooking & baking Passion in every Drop ","11.24","0.0","Market Basket","25.5 fl oz","25.5 fl oz","X1997.jpg","","2"
"5460","Chips, Cookies & Snacks","Candy & Chocolates","Candy & Chocolate","Hershey's","Hershey's Miniatures Assortment","","Hershey's Miniatures Assortment","3.69","0.0","Market Basket","12 oz","12 oz","991.jpg","","3"
"5674","Chips, Cookies & Snacks","Candy & Chocolates","Mint & Gum","Trident","Trident Original Sugar Free Gum","","Trident Original Sugar Free Gum","1.29","0.0","Market Basket","14 ct","14 ct","1485.jpg","","3"
"6266","Beverages & Juices","Water","Water","Glaceau","Glaceau Smart Water","","Glaceau Smart Water","26.24","0.0","Market Basket","24 x 700 ml","24 x 700 ml","No Image.jpg","","11"
"32053","Frozen Food","Frozen Breakfast","Frozen Waffles","Kashi ","Kashi Protein Waffles Venilla Buttermilk ","018627111795","Kashi Protein Waffles Venilla Buttermilk ","5.61","0.0","Market Basket","10.7 OZ","10.7 OZ","X5015.jpg","","19"
"30665","Breakfast & Dairy","Dairy & Eggs","Yogurt","Brekki ","Brekki  Overnight Oats With Ancient Bananas & Maple Brown Sugar ","","Brekki  Overnight Oats With Ancient Bananas & Maple Brown Sugar ","2.49","0.0","Market Basket","5.3 oz","5.3 oz","X65.jpg","","1"
"7877","Cooking Needs","Canned Food","Canned Meat & Seafood","Roland","Roland Flat Fillets of Anchovies","","Roland Flat Fillets of Anchovies","2.49","0.0","Market Basket","2 oz","2 oz","5247.jpg","","2"
"6240","Beverages & Juices","Water","Tonic Water","Fever-Tree","Fever-Tree Premium Indian Tonic Water","","Fever-Tree Premium Indian Tonic Water","7.49","0.0","Market Basket","6.8 fl oz","6.8 fl oz","No Image.jpg","","11"
"13637","Breakfast & Dairy","Dairy & Eggs","Packaged Cheese","Cabot","Cabot Pasteurized Process American Cheese Food","","Cabot Pasteurized Process American Cheese Food","3.29","0.0","Market Basket","12 oz","12 oz","181.jpg","","1"
"6344","Beverages & Juices","Ginger Ale & Ginger Beer","Ginger Ale","Polar","Polar Diet Ginger Ale Cans","","Polar Diet Ginger Ale Cans","4.99","0.0","Market Basket","12 x 12 fl oz","12 x 12 fl oz","No Image.jpg","","11"
"7636","Cooking Needs","Canned Food","Canned Fruit & Applesauce","Del Monte","Del Monte Fruit Cocktail in Extra Light Syrup","","Del Monte Fruit Cocktail in Extra Light Syrup","1.29","0.0","Market Basket","8.25 oz","8.25 oz","4924.jpg","","3"
"5680","Chips, Cookies & Snacks","Candy & Chocolates","Mint & Gum","Trident","Trident White Sugar Free Gum, Spearmint Flavor","","Trident White Sugar Free Gum, Spearmint Flavor","3.12","0.0","Market Basket","2.35 oz","2.35 oz","1480.jpg","","3"
"34321","Pasta & Sauces","Raw Pasta","Raw Pasta","Rao's","Rao's Homemade Pasta Spaghetti","747479100007","Rao's Homemade Pasta Spaghetti","2.5","0.0","Market Basket","16 oz","16 oz","X1551.jpg","","4"
"14639","Breakfast & Dairy","Tea & Coffee","Tea","Twinings","Twinings of London Decaffeinated Irish Breakfast Tea Bags","","Twinings of London Decaffeinated Irish Breakfast Tea Bags","3.69","0.0","Market Basket","20 count","20 count","3442.jpg","","8"
"14677","Personal Care","Body Wash, Soap & Hair Care","Body Lotion","Vaseline","Vaseline Spray Lotion Aloe Soothe","","Vaseline Spray Lotion Aloe Soothe","9.88","1.0","Market Basket","6.5 oz","6.5 oz","17733.jpg","","13"
"14817","Personal Care","Body Wash, Soap & Hair Care","Hair Care","White Rain","White Rain Coconut & Hibiscus Moisturizing Conditioner","","White Rain Coconut & Hibiscus Moisturizing Conditioner","1.48","1.0","Market Basket","15 fl oz","15 fl oz","6605.jpg","","13"
"30869","Cooking Needs","Canned Food","Canned Tomatoes","Cento","Cento All Purpose Crushed Tomatoes","070796300035","Cento All Purpose Crushed Tomatoes","2.11","0.0","Market Basket","28 oz","28 oz","X1396.jpg","","4"
"32698","Breakfast & Dairy","Pancake & Waffle Mix","Pancake & Waffle Mix","Maple Grove Farms","Maple Grove Farms Belgian Waffle Mix","074683000060","Maple Grove Farms Belgian Waffle Mix","4.99","0.0","Market Basket","24 oz","24 oz","X3167.jpg","","2"
"34192","Beverages & Juices","Tea, Coffee, Milk & Coconut Water","Tea","Pure Leaf","Pure Leaf Peach Tea Real Brewed Tea ","012000181788","Pure Leaf Peach Tea Real Brewed Tea ","7.49","0.0","Market Basket","6 x 16.9 fl oz","6 x 16.9 fl oz","X2961.jpg","","10"
"13436","Breakfast & Dairy","Dairy & Eggs","Eggs","Nature's Yoke Natural","Nature's Yoke Natural Eggs, Large","","Nature's Yoke Natural Eggs, Large","4.79","0.0","Market Basket","1 count","1 count","608.jpg","","1"
"32372","Cooking Needs","Rice & Grains","Rice/Pasta Sides","Knorr","Knorr Fiesta Sides Spanish Rice","041000022685","Knorr Fiesta Sides Spanish Rice","1.25","0.0","Market Basket","5.6 oz","5.6 oz","X1180.jpg","","4"
"32314","Breakfast & Dairy","Granola & Oats","Granola","Kind","Kind Cinnamon Oat Granola","602652171849","Kind Cinnamon Oat Granola","6.24","0.0","Market Basket","11 oz","11 oz","X3763.jpg","","5"
"6199","Beverages & Juices","Soft Drinks & Seltzers","Soft Drinks","7 up","7 Up Diet Lemon Lime","","7 Up Diet Lemon Lime","4.99","0.0","Market Basket","6 x 16.9 fl oz","6 x 16.9 fl oz","No Image.jpg","","17"
"5977","Beverages & Juices","Cocoa & Drink Mixes","Cocoa & Drink Mixes","Master of Mixes","Master of Mixes Sweetened Lime Juice","","Master of Mixes Sweetened Lime Juice","3.74","0.0","Market Basket","375 ml","375 ml","No Image.jpg","","17"
"5059","Chips, Cookies & Snacks","Cookies & Crackers","Cookies & Cakes","Keebler","Keebler Grasshopper Cookies Mint & Fudge","","Keebler Grasshopper Cookies Mint & Fudge","3.91","0.0","Market Basket","10 oz","10 oz","1102.jpg","","6"
"33089","Breakfast & Dairy","Granola & Oats","Oats","Market Basket ","Market Basket Maple & Brown Sugar  Instant Oatmeal","049705009772","Market Basket Maple & Brown Sugar  Instant Oatmeal","2.5","0.0","Market Basket","11.19 oz","11.19 oz","X3559.jpg","","5"
"68","Kitchen & Cleaning","Air Fresheners & Candles","Other Air Fresheners & Candles","Glade","Glade Spray Clean Linen","","Glade Spray Clean Linen","1.49","1.0","Market Basket","8 fl oz","8 fl oz","4219.jpg","","15"
"33346","Beverages & Juices","Juices & Refrigerated Drinks","Juice & Nectars","Mott's","Mott's Tots Mixed Berry Juice Beverage","014800318258","Mott's Tots Mixed Berry Juice Beverage","2.5","0.0","Market Basket","64 fl oz","64 fl oz","X2889.jpg","","10"
"30165","Breakfast & Dairy","Dairy & Eggs","Packaged Cheese","Applegate ","Applegate Organics Organic American Cheese ","","Applegate Organics Organic American Cheese ","4.61","0.0","Market Basket","5 oz","5 oz","X4479.jpg","","1"
"7791","Cooking Needs","Canned Food","Canned Meals & Beans","Market Basket","Market Basket Green Lima Beans","","Market Basket Green Lima Beans","0.99","0.0","Market Basket","8.5 oz","8.5 oz","5093.jpg","","2"
"30607","Beverages & Juices","Energy & Sports Drinks","Energy & Sports Drinks","Body Armor","Body Armor Lyte Peach Mango Low Calorie No Sugar Added 8 pack","858176002799","Body Armor Lyte Peach Mango Low Calorie No Sugar Added 8 pack","7.49","0.0","Market Basket","8 x 12 fl oz","8 x 12 fl oz","X2692.jpg","","10"
"4805","Meat & Seafood","Frozen Meat & Seafood","Other Frozen Seafood","Pier 33 Gourmet","Pier 33 Gourmet Mussels, in White Wine Sauce","","Pier 33 Gourmet Mussels, in White Wine Sauce","3.69","0.0","Market Basket","16 lb","16 lb","2915.jpg","","18"
"33999","Breakfast & Dairy","Breads & Rolls","Swirl Bread","Pepperidge Farm","Pepperidge Farm Swirl Cinnamon Bread","014100070610","Pepperidge Farm Swirl Cinnamon Bread","3.74","0.0","Market Basket","16 oz","16 oz","X2623.jpg","","18"
"33928","Condiments & Dressings","Pickled Goods & Olives","Olives","Pearls ","Pearls Sliced Ripe Olives 100% Califonia Grown ","072999453037","Pearls Sliced Ripe Olives 100% Califonia Grown ","3.11","0.0","Market Basket","14 oz","14 oz","X2271.jpg","","2"
"6608","Beverages & Juices","Juices & Refrigerated Drinks","Refrigerated Drinks","Minute Maid","Minute Maid Fruit Punch","","Minute Maid Fruit Punch","3.69","0.0","Market Basket","128 oz","128 oz","3867.jpg","","1"
"33374","Condiments & Dressings","Salad Dressings & Toppings","Croutons","Mrs Cubbison's ","Mrs Cubbison's Tortilla Strips Southwest ","","Mrs Cubbison's Tortilla Strips Southwest ","2.88","0.0","Market Basket","4 oz","4 oz","X1762.jpg","","2"
"538","Laundry & Paper Goods","Laundry","Laundry Detergent","all","all stainlifters baby detergent 24 Loads Laundry Detergent","","all stainlifters baby detergent 24 Loads Laundry Detergent","3.74","1.0","Market Basket","36 fl oz","36 fl oz","No Image.jpg","","15"
"507","Laundry & Paper Goods","Laundry","Laundry Detergent","Tide","Tide Pods free&gentle Laundry Detergent","","Tide Pods free&gentle Laundry Detergent","22.49","1.0","Market Basket","72 pack","72 pack","No Image.jpg","","15"
"3928","Fresh Produce","Fresh Vegetables","Pepper","Market Basket","Chopped Peppers","","Chopped Peppers","3.78","0.0","Market Basket","1 count","1 count","FP104.jpg","","20"
"31194","Cooking Needs","Oils & Vinegars","Oils & Vinegars","Dragonfly","Dragonfly Sweet Chili Oil","721557215715","Dragonfly Sweet Chili Oil","3.99","0.0","Market Basket","25.36 fl oz","25.36 fl oz","X3222.jpg","","2"
"34878","Chips, Cookies & Snacks","Candy & Chocolates","Candy & Chocolate","Tony's ","Tony's Chocolonely","","Tony's Chocolonely","3.13","0.0","Market Basket","6.35 oz","6.35 oz","X830.jpg","","3"
"8367","Condiments & Dressings","Honey, Syrup & Nectars","Syrup","Hershey's","Hershey's Syrup","","Hershey's Syrup","4.89","0.0","Market Basket","24 fl oz","24 fl oz","No Image.jpg","","3"
"30296","Breakfast & Dairy","Cereal","Cereal","Barbaras","Barbaras Protien Berry Burst Puffins","070617206300","Barbaras Protien Berry Burst Puffins","4.99","0.0","Market Basket","10 oz","10 oz","X3648.jpg","","5"
"12977","Breakfast & Dairy","Breads & Rolls","Tortillas & Flat Bread","Pepito","Pepito Burrito Flour Tortillas","","Pepito Burrito Flour Tortillas","1.89","0.0","Market Basket","16 oz","16 oz","4805.jpg","","7"
"3460","Fresh Produce","Fresh Fruits","Melon","Market Basket","Pepino Melons","","Pepino Melons","3.84","0.0","Market Basket","1 count","1 count","f39.jpg","","20"
"473","Laundry & Paper Goods","Laundry","Laundry Detergent","Oxi Clean","OxiClean Stain Fighters Fresco aroma Laundry Detergent","","OxiClean Stain Fighters Fresco aroma Laundry Detergent","6.86","1.0","Market Basket","1.58 kg","1.58 kg","No Image.jpg","","15"
"14545","Breakfast & Dairy","Tea & Coffee","Tea","Cafe Escapes","Cafe Escapes Chai Latte","","Cafe Escapes Chai Latte","9.19","0.0","Market Basket","12 count","12 count","16337.jpg","","8"
"8497","Cooking Needs","Oils & Vinegars","Oils & Vinegars","Golchin","Golchin Grape Seed Oil","","Golchin Grape Seed Oil","4.89","0.0","Market Basket","1 L","1 L","15527.jpg","","2"
"6951","Cooking Needs","Baking & Cooking","Doughs, Gelatins & Bake Mixes","Duncan Hines","Duncan Hines Classic Dark Chocolate Fudge Cake Mix","","Duncan Hines Classic Dark Chocolate Fudge Cake Mix","1.89","0.0","Market Basket","15.25 oz","15.25 oz","2091.jpg","","8"
"10214","Frozen Food","Ice Cream & Ice","Ice Cream & Ice","Reese's","Breyers Frozen Dairy Dessert Reese's Peanut Butter Cups","","Breyers Frozen Dairy Dessert Reese's Peanut Butter Cups","4.79","0.0","Market Basket","48 oz","48 oz","18024.jpg","","21"
"9784","Frozen Food","Frozen Produce","Frozen Produce","Birds Eye","Birds Eye Steamfresh Super Sweet Corn","","Birds Eye Steamfresh Super Sweet Corn","2.49","0.0","Market Basket","19 oz","19 oz","2473.jpg","","19"
"7837","Cooking Needs","Canned Food","Canned Meat & Seafood","Chicken of the Sea","Chicken of the Sea Premium Crab Meat Claw","","Chicken of the Sea Premium Crab Meat Claw","10.99","0.0","Market Basket","16 oz","16 oz","5213.jpg","","2"
"34247","Breakfast & Dairy","Granola & Oats","Oats","Quaker","Quaker Flavor Variety ( Apple & Cinnamon, Maple & Brown Sugar, Cinnamon & Spcie ) Instant Oatmeal","030000316849","Quaker Flavor Variety ( Apple & Cinnamon, Maple & Brown Sugar, Cinnamon & Spcie ) Instant Oatmeal","3.13","0.0","Market Basket","10 x 1.51 oz","10 x 1.51 oz","X3584.jpg","","5"
"4849","Chips, Cookies & Snacks","Chips & Fruit Snacks","Chips & Pretzels","Kettle","Kettle Brand Potato Chips, Backyard Barbeque Kettle Chips","","Kettle Brand Potato Chips, Backyard Barbeque Kettle Chips","4.69","0.0","Market Basket","8.5 oz","8.5 oz","14896.jpg","","0"
"14723","Personal Care","Body Wash, Soap & Hair Care","Hair Care","Conair","Conair Styling Essentials Large Shower Cap","","Conair Styling Essentials Large Shower Cap","2.17","1.0","Market Basket","1 count","1 count","17824.jpg","","13"
"6157","Beverages & Juices","Soft Drinks & Seltzers","Soft Drinks","Pepsi","Pepsi Diet Box of Cans","","Pepsi Diet Box of Cans","5.63","0.0","Market Basket","12 x 12 fl oz","12 x 12 fl oz","16585.jpg","","17"
"30646","Cooking Needs","Oils & Vinegars","Oils & Vinegars","Bragg","Bragg Organic Raw ~ Unfiltered Apple Cider Vinegar With The Mother ","","Bragg Organic Raw ~ Unfiltered Apple Cider Vinegar With The Mother ","23.74","0.0","Market Basket","128 fl oz","128 fl oz","X1801.jpg","","2"
"6565","Beverages & Juices","Juices & Refrigerated Drinks","Refrigerated Drinks","Bolthouse Farms","Bolthouse Farms Strawberry Banana","","Bolthouse Farms Strawberry Banana","3.09","0.0","Market Basket","15.21 fl oz","15.21 fl oz","16540.jpg","","20"
"7843","Cooking Needs","Canned Food","Canned Meat & Seafood","Genova","Genova Tonno Solid White Tuna in Olive Oil","","Genova Tonno Solid White Tuna in Olive Oil","2.49","0.0","Market Basket","5 oz","5 oz","5243.jpg","","2"
"6002","Beverages & Juices","Energy & Sports Drinks","Energy & Sports Drinks","Monster","Monster Energy Zero Ultra 10 Pack","","Monster Energy Zero Ultra 10 Pack","19.36","0.0","Market Basket","10 x 16 fl oz","10 x 16 fl oz","No Image.jpg","","17"
"5118","Chips, Cookies & Snacks","Cookies & Crackers","Cookies & Cakes","Pepperidge Farm","Pepperidge Farm Pirouette CrÃÂ¨me Filled Wafers Chocolate Hazelnut Fudge Cookies","","Pepperidge Farm Pirouette CrÃÂ¨me Filled Wafers Chocolate Hazelnut Fudge Cookies","7.8","0.0","Market Basket","13.5 oz","13.5 oz","15088.jpg","","6"
"13271","Breakfast & Dairy","Dairy & Eggs","Butter","Cabot Creamery","Cabot Creamery Salted Butter Quarters","","Cabot Creamery Salted Butter Quarters","4.29","0.0","Market Basket","16 oz","16 oz","14768.jpg","","1"
"5237","Chips, Cookies & Snacks","Chips & Fruit Snacks","Ready Popcorn","PopCorners","PopCorners Popped Corn Snack White Cheddar","","PopCorners Popped Corn Snack White Cheddar","3.13","0.0","Market Basket","7 oz","7 oz","1460.jpg","","0"
"6813","Cooking Needs","Baking & Cooking","Baking Ingredients","Crisco","Crisco All Vegetable Shortening","","Crisco All Vegetable Shortening","6.09","0.0","Market Basket","48 oz","48 oz","15719.jpg","","8"
"6963","Cooking Needs","Baking & Cooking","Doughs, Gelatins & Bake Mixes","Hodgson Mill","Hodgson Mill Muffin Mix Stone Ground Cornbread","","Hodgson Mill Muffin Mix Stone Ground Cornbread","2.09","0.0","Market Basket","7.5 oz","7.5 oz","15616.jpg","","8"
"5836","Breakfast & Dairy","Bars & Pastries","Protien Bars","thinkThin","Think Thin Protein & Fiber Bar Honey Drizzle Peanut","","Think Thin Protein & Fiber Bar Honey Drizzle Peanut","1.89","0.0","Market Basket","1.76 oz","1.76 oz","15214.jpg","","3"
"32510","Frozen Food","Frozen Dinners & Entrees","Frozen Meal","Lean Cuisine ","Lean Cuisine Shrimp Scampi","013800171320","Lean Cuisine Shrimp Scampi","3.13","0.0","Market Basket","10 oz","10 oz","X4229.jpg","","18"
"30335","Pasta & Sauces","Raw Pasta","Raw Pasta","Barilla","Barilla Pasta Spaghetti","076808280081","Barilla Pasta Spaghetti","1.74","0.0","Market Basket","1 lb","1 lb","X1639.jpg","","4"
"4683","Meat & Seafood","Canned Meat & Seafood","Canned Crabmeat","Roland","Roland White Crab Meat","","Roland White Crab Meat","4.89","0.0","Market Basket","6 oz","6 oz","5246.jpg","","2"
"6221","Beverages & Juices","Soft Drinks & Seltzers","Seltzer","Adirondack","Adirondack Beverages Seltzer, Lemon Lime","","Adirondack Beverages Seltzer, Lemon Lime","2.5","0.0","Market Basket","8 x 12 fl oz","8 x 12 fl oz","No Image.jpg","","11"
"8264","Condiments & Dressings","Marinades, Ketchup & Sauces","Condiments","Smart Balance","Smart Balance Mayo Light Mayonnaise","","Smart Balance Mayo Light Mayonnaise","4.29","0.0","Market Basket","32 fl oz","32 fl oz","15366.jpg","","2"
"32601","Meat & Seafood","Packaged Meat & Seafood","Meatballs","LLL S No Style ","LLS No Style Meatballs Italian Style ","","LLS No Style Meatballs Italian Style ","8.74","0.0","Market Basket","32 oz","32 oz","X4687.jpg","","1"
"4636","Meat & Seafood","Canned Meat & Seafood","Canned Tuna","Bumble Bee","Bumble Bee Premium Albacore Tuna In Water","","Bumble Bee Premium Albacore Tuna In Water","3.69","0.0","Market Basket","5 oz","5 oz","5194.jpg","","2"
"13762","Breakfast & Dairy","Dairy & Eggs","Packaged Cheese","Market Basket","Market Basket Shredded Mozzarella Cheese","","Market Basket Shredded Mozzarella Cheese","4.89","0.0","Market Basket","16 oz","16 oz","Market Basket.jpg","","1"
"6185","Beverages & Juices","Ginger Ale & Ginger Beer","Ginger Ale","Schweppes","Schweppes Ginger Ale Box of Cans","","Schweppes Ginger Ale Box of Cans","5.63","0.0","Market Basket","12 x 12 fl oz","12 x 12 fl oz","No Image.jpg","","17"
"14764","Personal Care","Body Wash, Soap & Hair Care","Hair Care","Market Basket","Market Basket Dandruff Shampoo Everyday Clean For Normal/Oily Hair","","Market Basket Dandruff Shampoo Everyday Clean For Normal/Oily Hair","3.55","1.0","Market Basket","14.2 fl oz","14.2 fl oz","Market Basket.jpg","","13"
"35053","Condiments & Dressings","Pickled Goods & Olives","Dill Spears","Vlasic ","Vlasic Freach Packed Zesty Dill Spears Big Crunch ","054100001603","Vlasic Freach Packed Zesty Dill Spears Big Crunch ","2.5","0.0","Market Basket","24 fl oz","24 fl oz","X3290.jpg","","2"
"34634","Breakfast & Dairy","Dairy & Eggs","Yogurt","Stonyfield","Stonyfield Organic Greek Vanilla Bean 0% FAT Nonfat Yogurt ","","Stonyfield Organic Greek Vanilla Bean 0% FAT Nonfat Yogurt ","7.49","0.0","Market Basket","32 oz","32 oz","X807.jpg","","1"
"7535","Cooking Needs","Canned Food","Canned & Jarred Vegetables","Market Basket","Market Basket Whole Asparagus","","Market Basket Whole Asparagus","2.49","0.0","Market Basket","15 oz","15 oz","Market Basket.jpg","","9"
"32332","Condiments & Dressings","Marinades, Ketchup & Sauces","Sauce","Kitchens Of India","Kitchens Of India Hyderbadi Korma ","841905130320","Kitchens Of India Hyderbadi Korma ","4.36","0.0","Market Basket","12.2 oz","12.2 oz","X5337.jpg","","3"
"31588","Frozen Food","Frozen Fruit & Juice","Frozen Fruit","Goya","Goya Fruta Mango Pulp","041331090841","Goya Fruta Mango Pulp","2.49","0.0","Market Basket","14 oz","14 oz","X4433.jpg","","18"
"7618","Cooking Needs","Canned Food","Canned Fruit & Applesauce","Del Monte","Del Monte Mandarin Oranges in Light Syrup","","Del Monte Mandarin Oranges in Light Syrup","1.29","0.0","Market Basket","8.25 oz","8.25 oz","4921.jpg","","3"
"7924","Cooking Needs","Canned Food","Soup, Broth & Bouillon","Campbell's","Campbell's Chunky Creamy Chicken & Dumplings Soup Microwavable Bowl","","Campbell's Chunky Creamy Chicken & Dumplings Soup Microwavable Bowl","3.09","0.0","Market Basket","15.25 oz","15.25 oz","5347.jpg","","9"
"70","Kitchen & Cleaning","Air Fresheners & Candles","Other Air Fresheners & Candles","Glade","Glade Spray Hawaiian Breeze","","Glade Spray Hawaiian Breeze","1.49","1.0","Market Basket","8 fl oz","8 fl oz","4224.jpg","","15"
"3954","Fresh Produce","Fresh Vegetables","Potato","Pro Health","Pro Health Smart Potatoes","","Pro Health Smart Potatoes","3.99","0.0","Market Basket","5 lb","5 lb","14439.jpg","","20"
"5690","Chips, Cookies & Snacks","Nuts, Seeds & Dried Fruit","Trail Mix & Snack Mix","Market Basket","Market Basket Organic Trek Mix","","Market Basket Organic Trek Mix","6.09","0.0","Market Basket","11 oz","11 oz","Market Basket.jpg","","21"
"31040","Breakfast & Dairy","Granola & Oats","Cup Oatmeal","Cream of Wheat ","Cream of Wheat To go Cinna-Apple Walnut","072400011061","Cream of Wheat To go Cinna-Apple Walnut","1.88","0.0","Market Basket","2.29 oz","2.29 oz","X3624.jpg","","5"
"35121","Frozen Food","Frozen Dinners & Entrees","Frozen Appetizers & Sides","Wild Mike's","Wild Mike's Stuffed Crust Cheezy Bites","078642603002","Wild Mike's Stuffed Crust Cheezy Bites","7.11","0.0","Market Basket","18 oz","18 oz","X4364.jpg","","18"
"4833","Chips, Cookies & Snacks","Chips & Fruit Snacks","Chips & Pretzels","Chex Mix","Chex Mix Traditional Savory Snack Mix","","Chex Mix Traditional Savory Snack Mix","4.67","0.0","Market Basket","15 oz","15 oz","14853.jpg","","0"
"13761","Breakfast & Dairy","Dairy & Eggs","Packaged Cheese","Market Basket","Market Basket Shredded Mexican Cheese Blend","","Market Basket Shredded Mexican Cheese Blend","4.89","0.0","Market Basket","16 oz","16 oz","Market Basket.jpg","","1"
"31449","Breakfast & Dairy","Cereal","Cereal","General Mills","General Mills Kix Family Size","016000625709","General Mills Kix Family Size","4.99","0.0","Market Basket","18 oz","18 oz","X3426.jpg","","5"
"4931","Chips, Cookies & Snacks","Chips & Fruit Snacks","Chips & Pretzels","Snack Factory","Snack Factory Pretzel Crisps, Original","","Snack Factory Pretzel Crisps, Original","3.13","0.0","Market Basket","7.2 oz","7.2 oz","14817.jpg","","0"
"32743","Frozen Food","Frozen Dessert","Frozen Dessert","Marie Callender's","Marie Callender's Meatless Chick'n Pot Pie","021131507022","Marie Callender's Meatless Chick'n Pot Pie","3.13","0.0","Market Basket","15 oz","15 oz","X4048.jpg","","18"
"4982","Chips, Cookies & Snacks","Chips & Fruit Snacks","Chips & Pretzels","Utz","Utz Kettle Classics Sweet Potato Crunchy Potato Chips","","Utz Kettle Classics Sweet Potato Crunchy Potato Chips","4.69","0.0","Market Basket","7.5 oz","7.5 oz","858.jpg","","0"
"4978","Chips, Cookies & Snacks","Chips & Fruit Snacks","Chips & Pretzels","Tostitos","Tositos Cantina Traditional Tortilla Chips","","Tositos Cantina Traditional Tortilla Chips","5.14","0.0","Market Basket","12 oz","12 oz","No Image.jpg","","0"
"14471","Breakfast & Dairy","Tea & Coffee","Coffee","Pilon","Pilon Espresso Coffee Decaffeinated Ground Coffee","","Pilon Espresso Coffee Decaffeinated Ground Coffee","5.49","0.0","Market Basket","10 oz","10 oz","16303.jpg","","8"
"14637","Breakfast & Dairy","Tea & Coffee","Tea","Twinings","Twinings of London Decaffeinated English Breakfast Tea Bags","","Twinings of London Decaffeinated English Breakfast Tea Bags","3.69","0.0","Market Basket","20 count","20 count","3441.jpg","","8"
"13444","Breakfast & Dairy","Dairy & Eggs","Eggs","The Country Hen","The Country Hen Organic Large Grade A Eggs","","The Country Hen Organic Large Grade A Eggs","4.59","0.0","Market Basket","6 count","6 count","14756.jpg","","1"
"34412","Meat & Seafood","Canned Meat & Seafood","Other Meat","Romanoff ","Romanoff Caviar Black Whitefish ","","Romanoff Caviar Black Whitefish ","2.49","0.0","Market Basket","2 oz","2 oz","X1904.jpg","","2"
"33611","Condiments & Dressings","Salad Dressings & Toppings","Salad Dressing & Toppings","Newmen's Own","Newmen's Own Creamy Caesar Dressing","020662001993","Newmen's Own Creamy Caesar Dressing","4.11","0.0","Market Basket","16 fl oz","16 fl oz","X660.jpg","","2"
"30219","Condiments & Dressings","Pickled Goods & Olives","Peppers","B&G ","B&G Sandwich Toppers Hot Choped Peppers ","031500004984","B&G Sandwich Toppers Hot Choped Peppers ","4.36","0.0","Market Basket","16 fl oz","16 fl oz","X2360.jpg","","2"
"7078","Cooking Needs","Oils & Vinegars","Oils & Vinegars","Goya","Goya Extra Virgin Olive Oil","","Goya Extra Virgin Olive Oil","7.79","0.0","Market Basket","17 fl oz","17 fl oz","1844.jpg","","7"
"30897","Breakfast & Dairy","Dairy & Eggs","Yogurt","Chobani","Chobani Greek Yogurt Non-Fat Plain ","","Chobani Greek Yogurt Non-Fat Plain ","1.25","0.0","Market Basket","5.3 oz","5.3 oz","X104.jpg","","1"
"14624","Breakfast & Dairy","Tea & Coffee","Tea","Traditional Medicinals","Traditional Medicinals Organic EveryDay Detox Herbal Tea Lemon Tea Bags","","Traditional Medicinals Organic EveryDay Detox Herbal Tea Lemon Tea Bags","4.89","0.0","Market Basket","16 count","16 count","3500.jpg","","8"
"32475","Beverages & Juices","Juices & Refrigerated Drinks","Juice & Nectars","Langers","Langers Pineapple Orange Coconut Juice Cocktail from Concentrate","041755002192","Langers Pineapple Orange Coconut Juice Cocktail from Concentrate","2.5","0.0","Market Basket","64 fl oz","64 fl oz","X2851.jpg","","10"
"12829","Breakfast & Dairy","Breads & Rolls","Muffin","Market Basket","Market Basket Coffee Cake Muffin","","Market Basket Coffee Cake Muffin","3.49","0.0","Market Basket","20 oz","20 oz","Market Basket.jpg","","0"
"5832","Breakfast & Dairy","Bars & Pastries","Protien Bars","Think!","Think! High Protein Bar Chunky Peanut Butter","","Think! High Protein Bar Chunky Peanut Butter","1.56","0.0","Market Basket","1 ct","1 ct","15227.jpg","","3"
"31702","Condiments & Dressings","Marinades, Ketchup & Sauces","Sauces","Heinz ","Heinz Est 1869 Chili Sauce Great On Burgers & Fries ","01311200","Heinz Est 1869 Chili Sauce Great On Burgers & Fries ","2.5","0.0","Market Basket","19.25 oz","19.25 oz","X2126.jpg","","2"
"30829","Personal Care","Vitamins & Proteins","Protien Drinks","Carnation","Carnation Breakfast Essentials Light Start Rich Milk Chocolate ","050000540426","Carnation Breakfast Essentials Light Start Rich Milk Chocolate ","6.24","0.0","Market Basket","6 x 10  fl oz ","6 x 10  fl oz ","X3487.jpg","","5"
"34635","Frozen Food","Frozen Dinners & Entrees","Frozen Appetizers & Sides","Stouffer's","Stouffer's Classic Lasagna Bites","013800308641","Stouffer's Classic Lasagna Bites","6.24","0.0","Market Basket","12 oz","12 oz","X4788.jpg","","19"
"10259","Frozen Food","Ice Cream & Ice","Ice Cream & Ice","Turkey Hill","Turkey Hill Premium Ice Cream Dutch Chocolate","","Turkey Hill Premium Ice Cream Dutch Chocolate","3.69","0.0","Market Basket","48 fl oz","48 fl oz","3127.jpg","","21"
"6698","Chips, Cookies & Snacks","Cookies & Crackers","Twists","Entenmann's","Entenmann's Cheese Danish Twist","","Entenmann's Cheese Danish Twist","8.74","0.0","Market Basket","15 oz","15 oz","6224.jpg","","14"
"7179","Cooking Needs","Spices & Seasonings","Spices & Seasonings","Alessi","Alessi Sea Salt, Coarse","","Alessi Sea Salt, Coarse","2.69","0.0","Market Basket","24 oz","24 oz","15636.jpg","","9"
"4831","Chips, Cookies & Snacks","Chips & Fruit Snacks","Chips & Pretzels","Cheetos","Cheetos Crunchy Cheese Flavored Snacks","","Cheetos Crunchy Cheese Flavored Snacks","6.23","0.0","Market Basket","8.5 oz","8.5 oz","14850.jpg","","0"
"15352","Personal Care","Vitamins & Proteins","Vitamins & Supplements","One A Day","One A Day Women's Active Metabolism Tablets Multivitamin/Multimineral Supplement","","One A Day Women's Active Metabolism Tablets Multivitamin/Multimineral Supplement","14.02","1.0","Market Basket","50 count","50 count","6699.jpg","","13"
"33658","Beverages & Juices","Juices & Refrigerated Drinks","Juice & Nectars","Ocean Spray","Ocean Spray Cran Watermelon Juice Drink from Concentrate","031200034731","Ocean Spray Cran Watermelon Juice Drink from Concentrate","3.74","0.0","Market Basket","64 fl oz","64 fl oz","X2824.jpg","","10"
"34535","Richardson's Farm Ice Cream","Ice Cream Toppings","Ice Cream Toppings","Smucker's","Smucker's Sundae Syrup ","051500025116","Smucker's Sundae Syrup ","3.13","0.0","Market Basket","20 oz","20 oz","X5125.jpg","","20"
"5197","Chips, Cookies & Snacks","Cookies & Crackers","Crackers","Milton's","Milton's Craft Bakers Gluten Free Baked Crackers Dire Roasted Vegetables","","Milton's Craft Bakers Gluten Free Baked Crackers Dire Roasted Vegetables","3.91","0.0","Market Basket","4.5 oz","4.5 oz","No Image.jpg","","6"
"30236","Beverages & Juices","Energy & Sports Drinks","Energy & Sports Drinks","Bai","Bai Super Tea Marino Peach","813694023893","Bai Super Tea Marino Peach","2.5","0.0","Market Basket","18 fl oz","18 fl oz","X2734.jpg","","10"
"3867","Fresh Produce","Fresh Vegetables","Jackfruit","Market Basket","Jackfruit Packed","","Jackfruit Packed","3.4","0.0","Market Basket","16 oz","16 oz","f208.jpg","","20"
"6332","Beverages & Juices","Ginger Ale & Ginger Beer","Ginger Ale","Polar","Polar Premium Ginger Ale Cans","","Polar Premium Ginger Ale Cans","3.74","0.0","Market Basket","6 x 7.5 fl oz","6 x 7.5 fl oz","No Image.jpg","","11"
"13802","Breakfast & Dairy","Dairy & Eggs","Packaged Cheese","Sargento","Sargento Shredded Mozzarella Natural Cheese, Fine Cut","","Sargento Shredded Mozzarella Natural Cheese, Fine Cut","3.29","0.0","Market Basket","8 oz","8 oz","166.jpg","","1"
"32127","Breakfast & Dairy","Cereal","Cereal","Kellogg's ","Kellogg's Apple Jacks Jumbo Snax","038000233739","Kellogg's Apple Jacks Jumbo Snax","4.99","0.0","Market Basket","6 oz","6 oz","X3605.jpg","","5"
"31074","Frozen Food","Frozen Pizza","Frozen Pizza","Daiya","Daiya Meatess Pepperoni Style Pizza ","871459001982","Daiya Meatess Pepperoni Style Pizza ","8.74","0.0","Market Basket","16.70 oz","16.70 oz","X4877.jpg","","19"
"9082","Condiments & Dressings","Preserved Dips & Spreads","Spreads","Trappist","Trappist Seedless Jam Red Raspberry","","Trappist Seedless Jam Red Raspberry","3.69","0.0","Market Basket","12 oz","12 oz","1657.jpg","","3"
"30727","Cooking Needs","Canned Food","Baked Beans","Bush's","Bush's Best Since 1908 Brown Sugar Hickory Baked Beans Vegetarain Recipe","","Bush's Best Since 1908 Brown Sugar Hickory Baked Beans Vegetarain Recipe","2.88","0.0","Market Basket","16 oz","16 oz","X1822.jpg","","2"
"4676","Meat & Seafood","Canned Meat & Seafood","Canned Tuna","Pastene","Pastene Fancy Solid Light Tuna","","Pastene Fancy Solid Light Tuna","1.89","0.0","Market Basket","5 oz","5 oz","17163.jpg","","2"
"614","Laundry & Paper Goods","Paper Goods","Wipes","Charmin","Charmin Freshmates Flushable Wipes","","Charmin Freshmates Flushable Wipes","3.24","1.0","Market Basket","40 count","40 count","4631.jpg","","14"
"5209","Chips, Cookies & Snacks","Cookies & Crackers","Crackers","Olde Cape Cod","Olde Cape Cod Soup & Chowder Oyster Crackers","","Olde Cape Cod Soup & Chowder Oyster Crackers","3.13","0.0","Market Basket","8 oz","8 oz","No Image.jpg","","6"
"7327","Cooking Needs","Spices & Seasonings","Spices & Seasonings","McCormick","McCormick Mild Chili Seasoning Mix","","McCormick Mild Chili Seasoning Mix","0.99","0.0","Market Basket","1.25 oz","1.25 oz","2126.jpg","","9"
"7018","Cooking Needs","Baking & Cooking","Doughs, Gelatins & Bake Mixes","Pillsbury","Pillsbury Moist Supreme Premium Cake Mix Yellow","","Pillsbury Moist Supreme Premium Cake Mix Yellow","1.49","0.0","Market Basket","15.25 oz","15.25 oz","2038.jpg","","8"
"7040","Cooking Needs","Baking & Cooking","Doughs, Gelatins & Bake Mixes","Toll House","Toll House Chocolate Chip Cookie Dough","","Toll House Chocolate Chip Cookie Dough","3.59","0.0","Market Basket","24 count","24 count","2109.jpg","","1"
"30754","Meat & Seafood","Packaged Meat & Seafood","Turkey","Butterball","Butterball Turkey Breast Oven Roasted ","","Butterball Turkey Breast Oven Roasted ","4.36","0.0","Market Basket","9 oz","9 oz","X4527.jpg","","1"
"34662","Frozen Food","Frozen Dinners & Entrees","Frozen Meal","Stouffer's ","Stouffer's Lasagna With Meat & Sauce","013800103215","Stouffer's Lasagna With Meat & Sauce","3.36","0.0","Market Basket","10 1/2 oz","10 1/2 oz","X4276.jpg","","18"
"3508","Fresh Produce","Fresh Organic Vegetables","Mushroom","Market Basket","Organic Whole White mushrooms","","Organic Whole White mushrooms","4.39","0.0","Market Basket","8 oz","8 oz","No Image.jpg","","20"
"32959","Condiments & Dressings","Preserved Dips & Spreads","Spreads","Market Basket","Market Basket Creamy Peanut Butter Gluten Free Vegan Usa Grown","","Market Basket Creamy Peanut Butter Gluten Free Vegan Usa Grown","7.49","0.0","Market Basket","60 oz","60 oz","X537.jpg","","3"
"5683","Chips, Cookies & Snacks","Nuts, Seeds & Dried Fruit","Trail Mix & Snack Mix","Lay's","Frito Lay's Doritos Cheetos Mix Snacks","","Frito Lay's Doritos Cheetos Mix Snacks","7.39","0.0","Market Basket","18 x 1 oz","18 x 1 oz","17955.jpg","","0"
"3950","Fresh Produce","Fresh Vegetables","Potato","Farm Pak","Farm Pak Potato","","Farm Pak Potato","1.25","0.0","Market Basket","7 oz","7 oz","48.jpg","","20"
"33195","Frozen Food","Frozen Breakfast","Frozen Waffles","Market Basket ","Market Basket Belgian Waffles ","049705711583","Market Basket Belgian Waffles ","2.49","0.0","Market Basket","5.64 oz","5.64 oz","X5046.jpg","","19"
"13650","Breakfast & Dairy","Dairy & Eggs","Packaged Cheese","Cabot Creamery","Cabot Creamery Premium Naturally Aged Cheddar Cheese Vermont Sharp","","Cabot Creamery Premium Naturally Aged Cheddar Cheese Vermont Sharp","2.99","0.0","Market Basket","8 oz","8 oz","139.jpg","","1"
"32241","Condiments & Dressings","Salad Dressings & Toppings","Salad Dressing & Toppings","Ken's Steak House","Ken's Seak House Sweet Vidalia Onion Dressing","041335001713","Ken's Seak House Sweet Vidalia Onion Dressing","3.49","0.0","Market Basket","16 fl oz","16 fl oz","X409.jpg","","2"
"35298","Richardson's Farm Ice Cream","Ice Cream","Vanilla","Richarson's Farm","Richarson's Farm French Vanilla Ice Cream 16% Butterfat","","Traditional vanilla with egg yolks for a rich flavor","7.99","0.0","Richardson's Farm","1-2 Gal. Container","1-2 Gal. Container","RichardsonsFarm.jpg","",""
"7735","Cooking Needs","Canned Food","Canned Meals & Beans","Eden","Eden Navy Beans, No Salt Added","","Eden Navy Beans, No Salt Added","3.09","0.0","Market Basket","15 oz","15 oz","17139.jpg","","2"
"7918","Cooking Needs","Canned Food","Soup, Broth & Bouillon","Better Than Bouillon","Superior Touch Beef Base","","Superior Touch Beef Base","4.89","0.0","Market Basket","8 oz","8 oz","17213.jpg","","2"
"7537","Cooking Needs","Canned Food","Canned & Jarred Vegetables","Market Basket","Market Basket Whole Kernel Golden Sweet Corn","","Market Basket Whole Kernel Golden Sweet Corn","0.79","0.0","Market Basket","15.25 oz","15.25 oz","Market Basket.jpg","","9"
"30685","Meat & Seafood","Packaged Meat & Seafood","Pepperoni","Bridgford ","Bridgford Beef Summer Sausage Gluten Free","04752630","Bridgford Beef Summer Sausage Gluten Free","4.99","0.0","Market Basket","6 oz","6 oz","X1313.jpg","","4"
"14452","Breakfast & Dairy","Tea & Coffee","Coffee","Peet's Coffee","Peet's Coffee Blend Dark Roast Whole Bean Coffee","","Peet's Coffee Blend Dark Roast Whole Bean Coffee","10.99","0.0","Market Basket","12 oz","12 oz","3324.jpg","","8"
"6954","Cooking Needs","Baking & Cooking","Doughs, Gelatins & Bake Mixes","Duncan Hines","Duncan Hines Classic Yellow Cake Mix","","Duncan Hines Classic Yellow Cake Mix","1.89","0.0","Market Basket","16.5 oz","16.5 oz","2098.jpg","","8"
"33731","Condiments & Dressings","Salad Dressings & Toppings","Salad Dressing & Toppings","Organic Ville","Organic Ville Small Batch Olive Oil & Balsamic Vinaigrette Dressing","","Organic Ville Small Batch Olive Oil & Balsamic Vinaigrette Dressing","4.99","0.0","Market Basket","8 fl oz","8 fl oz","X707.jpg","","2"
"3814","Fresh Produce","Fresh Organic Vegetables","Celery","Foxy Organic","Foxy Organic Celery","","Foxy Organic Celery","4.93","0.0","Market Basket","1 bag","1 bag","14378.jpg","","20"
"14412","Breakfast & Dairy","Tea & Coffee","Coffee","Market Basket","Market Basket Hazelnut Creme","","Market Basket Hazelnut Creme","4.89","0.0","Market Basket","11 oz","11 oz","Market Basket.jpg","","8"
"33184","Frozen Food","Frozen Fruit & Juice","Frozen Juice","Market Basket ","Market Basket Orange Juice ","049705718704","Market Basket Orange Juice ","2.11","0.0","Market Basket","12 oz","12 oz","X5102.jpg","","19"
"30295","Breakfast & Dairy","Cereal","Cereal","Barbaras","Barbaras Cinnamon Puffins","070617206102","Barbaras Cinnamon Puffins","4.99","0.0","Market Basket","10 oz","10 oz","X3647.jpg","","5"
"33054","Condiments & Dressings","Honey, Syrup & Nectars","Honey","Market Basket ","Market Basket Pure Honey","049705159224","Market Basket Pure Honey","4.74","0.0","Market Basket","16 oz","16 oz","X3189.jpg","","2"
"33612","Condiments & Dressings","Salad Dressings & Toppings","Salad Dressing & Toppings","Newmen's Own","Newmen's Own Light Caesar Dressing","020662002884","Newmen's Own Light Caesar Dressing","4.11","0.0","Market Basket","16 fl oz","16 fl oz","X661.jpg","","2"
"34785","Frozen Food","Frozen Dinners & Entrees","Frozen Appetizers & Sides","TAI & PEI","TAI & PEI Sweet & Sour Chicken","070077811274","TAI & PEI Sweet & Sour Chicken","2.99","0.0","Market Basket","11 oz","11 oz","X3987.jpg","","18"
"30810","Beverages & Juices","Juices & Refrigerated Drinks","Juice & Nectars","Caprisun ","Caprisun Splash Cooler","087684000977","Caprisun Splash Cooler","3.13","0.0","Market Basket","10 x 6 fl oz","10 x 6 fl oz","X3096.jpg","","10"
"32566","Frozen Food","Frozen Dinners & Entrees","Frozen Meal","Life Cuisine ","Life Cuisine Broccoli Cake Rice Bowl","013800519757","Life Cuisine Broccoli Cake Rice Bowl","4.36","0.0","Market Basket","10 7/8 oz","10 7/8 oz","X4249.jpg","","18"
"30290","Meat & Seafood","Packaged Meat & Seafood","Hot Dogs & Franks","Bar S ","Bar S Bun Lenght Franks","","Bar S Bun Lenght Franks","4.74","0.0","Market Basket","40 oz","40 oz","X4602.jpg","","1"
"30666","Breakfast & Dairy","Dairy & Eggs","Yogurt","Brekki ","Brekki  Overnight Oats With Ancient Grains Vanilla Cinnamon ","","Brekki  Overnight Oats With Ancient Grains Vanilla Cinnamon ","2.49","0.0","Market Basket","5.3 oz","5.3 oz","X66.jpg","","1"
"32404","Breakfast & Dairy","Dairy & Eggs","Parmesan Cheese","Kraft","Kraft Grated Parmesan Cheese ","021000051229","Kraft Grated Parmesan Cheese ","4.99","0.0","Market Basket","8 oz","8 oz","X1263.jpg","","4"
"7867","Cooking Needs","Canned Food","Canned Meat & Seafood","Market Basket","Market Basket Chunk White Chicken In Water","","Market Basket Chunk White Chicken In Water","2.49","0.0","Market Basket","12.5 oz","12.5 oz","Market Basket.jpg","","2"
"30887","Cooking Needs","Baking & Cooking","Pizza Sauce","Chef Boyardee","Chef Boyardee Pizza Maker Traditional Crust Mix & Pizza Sauce","064144043422","Chef Boyardee Pizza Maker Traditional Crust Mix & Pizza Sauce","4.36","0.0","Market Basket","31.85 oz","31.85 oz","X1299.jpg","","4"
"32092","Breakfast & Dairy","Bars & Pastries","Breakfast Bars","Kellogg's ","Kellogg's Special K Pastry Crisps Brown Sugar Blueberry","038000167737","Kellogg's Special K Pastry Crisps Brown Sugar Blueberry","3.13","0.0","Market Basket","6 x 0.88 oz","6 x 0.88 oz","X3947.jpg","","5"
"14665","Personal Care","Body Wash, Soap & Hair Care","Body Lotion","Eucerin","Eucerin Original Healing Lotion","","Eucerin Original Healing Lotion","10.57","1.0","Market Basket","8.4 fl oz","8.4 fl oz","6370.jpg","","13"
"187","Kitchen & Cleaning","Cleaning Products","Other Cleaning Products","Swiffer","Swiffer Sweeper Dry + Wet Sweeping Kit","","Swiffer Sweeper Dry + Wet Sweeping Kit","29.29","1.0","Market Basket","1 count","1 count","4290.jpg","","15"
"12902","Breakfast & Dairy","Breads & Rolls","Rolls","King's Hawaiian","King's Hawaiian Sweet Rolls, Original","","King's Hawaiian Sweet Rolls, Original","3.69","0.0","Market Basket","12 x 1 oz","12 x 1 oz","17037.jpg","","22"
"31906","Breakfast & Dairy","Dairy & Eggs","Coffee Creamer","International Delight","Buddy The Eif FROSTED SUGAR COOIKE INTERNATIONAL Delight","","Buddy The Eif FROSTED SUGAR COOIKE INTERNATIONAL Delight","3.99","0.0","Market Basket","32 fl oz","32 fl oz","X374.jpg","","1"
"621","Laundry & Paper Goods","Paper Goods","Wipes","Kleenex","Kleenex ultra soft","","Kleenex ultra soft","7.49","1.0","Market Basket","4 boxes","4 boxes","No Image.jpg","","14"
"14401","Breakfast & Dairy","Tea & Coffee","Coffee","International Delight","International Delight Mocha Light Iced Coffee","","International Delight Mocha Light Iced Coffee","4.59","0.0","Market Basket","64 oz","64 oz","16283.jpg","","1"
"9182","Frozen Food","Frozen Dinners & Entrees","Frozen Appetizers & Sides","Our Best","Our Best Quattro Formaggio Four Cheese Meatballs","","Our Best Quattro Formaggio Four Cheese Meatballs","6.69","0.0","Market Basket","27 oz","27 oz","Market Basket.jpg","","18"
"14683","Personal Care","Body Wash, Soap & Hair Care","Body Wash","Axe","Axe Men's Body Wash Phoenix","","Axe Men's Body Wash Phoenix","7.0","1.0","Market Basket","16 oz","16 oz","18133.jpg","","13"
"4928","Chips, Cookies & Snacks","Chips & Fruit Snacks","Chips & Pretzels","Smartfood","Smartfood Caramel & Cheddar Mix","","Smartfood Caramel & Cheddar Mix","6.23","0.0","Market Basket","7 oz","7 oz","No Image.jpg","","0"
"32967","Cooking Needs","Canned Food","Canned Tomatoes","Market Basket","Market Basket Italian Style Stewed Tomatoes in Tomato Juice","049705096840","Market Basket Italian Style Stewed Tomatoes in Tomato Juice","1.88","0.0","Market Basket","14.5 oz","14.5 oz","X1347.jpg","","4"
"30615","Beverages & Juices","Energy & Sports Drinks","Energy & Sports Drinks","Body Armor","Body Armor Lyte Berry Punch","858176002904","Body Armor Lyte Berry Punch","1.88","0.0","Market Basket","16 fl oz","16 fl oz","X2763.jpg","","10"
"35170","Condiments & Dressings","Marinades, Ketchup & Sauces","Marinades & Meat Preparation","World Harbors ","World Harbors Authentic Flavors Asian inspired Italian Grill Sauce& Marinade ","715364400358","World Harbors Authentic Flavors Asian inspired Italian Grill Sauce& Marinade ","3.74","0.0","Market Basket","12 fl oz","12 fl oz","X2043.jpg","","2"
"6109","Beverages & Juices","Soft Drinks & Seltzers","Soft Drinks","Crush","Crush Orange Soda","","Crush Orange Soda","5.0","0.0","Market Basket","6 x 16.9 fl oz","6 x 16.9 fl oz","No Image.jpg","","17"
"14445","Breakfast & Dairy","Tea & Coffee","Coffee","New England Coffee","New England Coffee Hazelnut Creme Ground Coffee","","New England Coffee Hazelnut Creme Ground Coffee","10.99","0.0","Market Basket","22 oz","22 oz","3372.jpg","","8"
"4781","Meat & Seafood","Frozen Meat & Seafood","Frozen Shrimp","Market Basket","Market Basket 26 30 Per Pound Shell On Extra Large Shrimp","","Market Basket 26 30 Per Pound Shell On Extra Large Shrimp","24.39","0.0","Market Basket","16 oz","16 oz","Market Basket.jpg","","18"
"34509","Frozen Food","Frozen Dinners & Entrees","Frozen Meal","Smart Ones","Smart Ones Tuna Noodle Casserole","025800022564","Smart Ones Tuna Noodle Casserole","2.5","0.0","Market Basket","9 oz","9 oz","X4192.jpg","","18"
"34308","Pasta & Sauces","Pasta Sauce","Pasta Sauce","Rao's","Rao's Homemade Basil Pesto","747479000154","Rao's Homemade Basil Pesto","6.24","0.0","Market Basket","6.7 oz","6.7 oz","X1431.jpg","","4"
"8031","Cooking Needs","Canned Food","Soup, Broth & Bouillon","Lipton","Lipton Instant Soup Chicken Noodle With White Meat Soup","","Lipton Instant Soup Chicken Noodle With White Meat Soup","1.29","0.0","Market Basket","1.8 oz","1.8 oz","17224.jpg","","9"
"14843","Personal Care","Body Wash, Soap & Hair Care","Soap","Dr. Bronner's","Dr. Bronner's All-One Hemp Peppermint Pure-Castile Bar Soap","","Dr. Bronner's All-One Hemp Peppermint Pure-Castile Bar Soap","4.24","1.0","Market Basket","5 oz","5 oz","17750.jpg","","13"
"3646","Fresh Produce","Fresh Fruits","Blueberries","Sunbelle","Sunbelle Blueberries","","Sunbelle Blueberries","5.62","0.0","Market Basket","12 oz container","12 oz container","13.jpg","","20"
"15097","Personal Care","Personal Needs","Facial Care","Chapstick","Chapstick Chap Stick Skin Protectant Classic Original","","Chapstick Chap Stick Skin Protectant Classic Original","1.48","1.0","Market Basket","0.15 oz","0.15 oz","6271.jpg","","13"
"3959","Fresh Produce","Fresh Vegetables","Radish","Market Basket","Radish Bunch","","Radish Bunch","1.14","0.0","Market Basket","1 bunch","1 bunch","14323.jpg","","20"
"13645","Breakfast & Dairy","Dairy & Eggs","Packaged Cheese","Cabot Creamery","Cabot Creamery Hand Selected Premium Cheddar Cheese Seriously Sharp","","Cabot Creamery Hand Selected Premium Cheddar Cheese Seriously Sharp","3.09","0.0","Market Basket","8 oz","8 oz","138.jpg","","1"
"7921","Cooking Needs","Canned Food","Soup, Broth & Bouillon","Campbell's","Campbell's Chicken & Stars Soup","","Campbell's Chicken & Stars Soup","2.09","0.0","Market Basket","10.5 oz","10.5 oz","17211.jpg","","9"
"9322","Frozen Food","Frozen Breakfast","Frozen Breakfast","Udi's","Udi's Gluten Free Moist & Tasty Blueberry Oat Muffin Tops","","Udi's Gluten Free Moist & Tasty Blueberry Oat Muffin Tops","4.89","0.0","Market Basket","8 oz","8 oz","15799.jpg","","20"
"30067","Frozen Food","Frozen Pizza","Frozen Pizza","American Flatbread ","American Flatbread Uncured Pepperoni & Uncured Bacon ","7.31789E+11","American Flatbread Uncured Pepperoni & Uncured Bacon ","11.24","0.0","Market Basket","17.1 oz","17.1 oz","X4889.jpg","","19"
"383","Kitchen & Cleaning","Food Storage & Kitchen Supplies","Utensils & Kitchen Supplies","Store Brand","Foil Baking Cups","","Foil Baking Cups","1.59","1.0","Market Basket","50 count","50 count","Market Basket.jpg","","12"
"474","Laundry & Paper Goods","Laundry","Laundry Detergent","Seventh Generation","Seventh Generation Ultra Power Plus Laundry Detergent fresh CITRUS scent","","Seventh Generation Ultra Power Plus Laundry Detergent fresh CITRUS scent","15.61","1.0","Market Basket","95 fl oz","95 fl oz","No Image.jpg","","15"
"15158","Personal Care","Personal Needs","Oral Hygiene","Biotene","Biotene Mouthwash","","Biotene Mouthwash","14.02","1.0","Market Basket","33 oz","33 oz","17769.jpg","","13"
"30525","Breakfast & Dairy","Granola & Oats","Oats","Bob's Red Mill","Bob's Red Mill Good Source of Fiber Oat Brain Hot Cereal ","039978013781","Bob's Red Mill Good Source of Fiber Oat Brain Hot Cereal ","4.36","0.0","Market Basket","16 oz","16 oz","X5233.jpg","","3"
"34794","Chips, Cookies & Snacks","Candy & Chocolates","Candy & Chocolate","Taza ","Taza Chocolate70% Dark Coconut Organic Dark Chocolate ","","Taza Chocolate70% Dark Coconut Organic Dark Chocolate ","3.74","0.0","Market Basket","3 oz","3 oz","X821.jpg","","3"
"13667","Breakfast & Dairy","Dairy & Eggs","Packaged Cheese","BelGioioso","BelGioioso Fresh Mozzarella Log","","BelGioioso Fresh Mozzarella Log","9.79","0.0","Market Basket","1 lb","1 lb","174.jpg","","1"
"34694","Condiments & Dressings","Marinades, Ketchup & Sauces","Marinades & Meat Preparation","Stubb's","Stubb's Chicken Marinade Citrus & Onion ","734756010456","Stubb's Chicken Marinade Citrus & Onion ","3.75","0.0","Market Basket","18 oz","18 oz","X2029.jpg","","2"
"15305","Personal Care","Vitamins & Proteins","Protien Drinks","Muscle Milk","Muscle Milk Chocolate Dairy Drinks - Chilled","","Muscle Milk Chocolate Dairy Drinks - Chilled","4.24","1.0","Market Basket","14 fl oz","14 fl oz","6733.jpg","","13"
"32130","Breakfast & Dairy","Cereal","Cup Cereal","Kellogg's ","Kellogg's Special K Red Berries","038000009174","Kellogg's Special K Red Berries","1.25","0.0","Market Basket","2.5 oz","2.5 oz","X3639.jpg","","5"
"30802","Beverages & Juices","Juices & Refrigerated Drinks","Juice & Nectars","Caprisun ","Caprisun Roarin Waters Grape Geyser","087684001158","Caprisun Roarin Waters Grape Geyser","3.13","0.0","Market Basket","10 x 6 fl oz","10 x 6 fl oz","X3088.jpg","","10"
"31647","Beverages & Juices","Juices & Refrigerated Drinks","Juice & Nectars","Hawaiian Punch","Hawaiian Punch White water wave","014800005196","Hawaiian Punch White water wave","2.5","0.0","Market Basket","1 gal","1 gal","X3152.jpg","","10"
"31160","Chips, Cookies & Snacks","Candy & Chocolates","Candy & Chocolate","Denture ice","Dentune Ice Peppermint Artificially Flavored Sugar free Gum ","","Dentune Ice Peppermint Artificially Flavored Sugar free Gum ","3.13","0.0","Market Basket","3 16 oz","3 16 oz","X221.jpg","","3"
"10055","Frozen Food","Ice Cream & Ice","Ice Cream & Ice","Friendly's","Friendly's SundaeXtreme Frozen Dairy Dessert Chocolate Chip Cookie Dough","","Friendly's SundaeXtreme Frozen Dairy Dessert Chocolate Chip Cookie Dough","3.69","0.0","Market Basket","1.5 quart","1.5 quart","3043.jpg","","21"
"5860","Richardson's Farm Ice Cream","Ice Cream Toppings","Ice Cream Toppings","Mrs. Richardson's","Mrs. Richardson's Toppings Butterscotch Caramel","","Mrs. Richardson's Toppings Butterscotch Caramel","3.09","0.0","Market Basket","17 oz","17 oz","1345.jpg","","20"
"4142","Meat & Seafood","Meat & Seafood Counter","Codfish","Market Basket","Cod Fillets","","Cod Fillets","6.09","0.0","Market Basket","1 lb","1 lb","16685.jpg","","22"
"33782","Frozen Food","Frozen Dinners & Entrees","Frozen Meal","P.F.Chang's","P.F.Chang's Drunken Noodles","031000671174","P.F.Chang's Drunken Noodles","4.99","0.0","Market Basket","10.25 oz","10.25 oz","X4105.jpg","","18"
"33995","Breakfast & Dairy","Breads & Rolls","Buns","Pepperidge Farm","Pepperidge Farm Hearty White Bigger Boulder Burger Buns","014100046738","Pepperidge Farm Hearty White Bigger Boulder Burger Buns","4.99","0.0","Market Basket","20 oz","20 oz","X2511.jpg","","18"
"7749","Cooking Needs","Canned Food","Canned Meals & Beans","Goya","Goya Lentils","","Goya Lentils","0.99","0.0","Market Basket","15.5 oz","15.5 oz","5107.jpg","","7"
"5925","Beverages & Juices","Tea, Coffee, Milk & Coconut Water","Single To-Go Coffee","Forto","Forto Energy Coffee Organic Coffee Latte","","Forto Energy Coffee Organic Coffee Latte","2.5","0.0","Market Basket","11 fl oz","11 fl oz","No Image.jpg","","17"
"6419","Chips, Cookies & Snacks","Chips & Fruit Snacks","Rice Cake","Quaker","Quaker Rice Cakes Apple Cinnamon","","Quaker Rice Cakes Apple Cinnamon","1.88","0.0","Market Basket","3.52 oz","3.52 oz","1197.jpg","","6"
"8127","Cooking Needs","Canned Food","Soup, Broth & Bouillon","Rachael Ray","Rachael Ray Chicken Stock","","Rachael Ray Chicken Stock","2.49","0.0","Market Basket","32 fl oz","32 fl oz","17189.jpg","","2"
"8078","Cooking Needs","Canned Food","Soup, Broth & Bouillon","Nissin","Nissin Top Ramen Beef Flavor Ramen Noodle Soup","","Nissin Top Ramen Beef Flavor Ramen Noodle Soup","0.39","0.0","Market Basket","3 oz","3 oz","17194.jpg","","9"
"9900","Frozen Food","Frozen Produce","Frozen Produce","Sambazon","Sambazon Organic Acai Berry Smoothie Packs","","Sambazon Organic Acai Berry Smoothie Packs","7.39","0.0","Market Basket","4 x 3.5 oz","4 x 3.5 oz","15766.jpg","","19"
"33049","Breakfast & Dairy","Bars & Pastries","Pastries","Market Basket ","Market Basket Toaster Pasteries Brown Sugar Cinnamon","049705010464","Market Basket Toaster Pasteries Brown Sugar Cinnamon","1.24","0.0","Market Basket","11 oz","11 oz","X3525.jpg","","5"
"14950","Personal Care","First Aid & Healthcare","First Aid","Ace","Ace Bandage, Elastic, with Clips, 3 Inch","","Ace Bandage, Elastic, with Clips, 3 Inch","5.62","1.0","Market Basket","1 count","1 count","6539.jpg","","13"
"4179","Meat & Seafood","Packaged Meat & Seafood","Beef","York","Petite New York Sirloin","","Petite New York Sirloin","11.49","0.0","Market Basket","1 lb","1 lb","No Image.jpg","","22"
"14854","Personal Care","Body Wash, Soap & Hair Care","Soap","Market Basket","Market Basket Antibacterial Liquid Hand Soap","","Market Basket Antibacterial Liquid Hand Soap","1.71","1.0","Market Basket","7.5 fl oz","7.5 fl oz","Market Basket.jpg","","13"
"3550","Fresh Produce","Fresh Vegetables","Bok Choy","Market Basket","Baby Bok Choy","","Baby Bok Choy","3.21","0.0","Market Basket","1 lb bag","1 lb bag","14352.jpg","","20"
"5484","Chips, Cookies & Snacks","Candy & Chocolates","Candy & Chocolate","LifeSavers","LifeSavers 5 Flavors Hard Candy","","LifeSavers 5 Flavors Hard Candy","2.19","0.0","Market Basket","6.25 oz","6.25 oz","14939.jpg","","3"
"13437","Breakfast & Dairy","Dairy & Eggs","Eggs","Nature's Yoke Natural","Nature's Yoke Natural Eggs, Organic, Brown, Large","","Nature's Yoke Natural Eggs, Organic, Brown, Large","2.99","0.0","Market Basket","6 count","6 count","609.jpg","","1"
"31116","Breakfast & Dairy","Dairy & Eggs","Yogurt","Dannon","Dannon Light+Fit Greek Pumpkin pie Naturally & Artifically Flavored","","Dannon Light+Fit Greek Pumpkin pie Naturally & Artifically Flavored","1.25","0.0","Market Basket","5.3 oz","5.3 oz","X218.jpg","","1"
"34086","Breakfast & Dairy","Cereal","Cereal","Post","Post 100% Whole Grain Orignal Shredded Wheat Cereal","884912180629","Post 100% Whole Grain Orignal Shredded Wheat Cereal","3.13","0.0","Market Basket","16.4 oz","16.4 oz","X3305.jpg","","5"
"33126","Condiments & Dressings","Marinades, Ketchup & Sauces","Mustard Sauce","Market Basket ","Market Basket Traditional Yellow Mustard 100% Natural ","049705020937","Market Basket Traditional Yellow Mustard 100% Natural ","1.88","0.0","Market Basket","5 oz","5 oz","X2178.jpg","","2"
"4217","Meat & Seafood","Packaged Meat & Seafood","Chicken Breast","Springer","Springer Skinless Boneless Chicken Breast","","Springer Skinless Boneless Chicken Breast","6.09","0.0","Market Basket","1 lb","1 lb","No Image.jpg","","22"
"4123","Meat & Seafood","Meat & Seafood Counter","Chicken Breast","Market Basket","Market Basket Split Young Chicken Breast With Ribs","","Market Basket Split Young Chicken Breast With Ribs","4.16","0.0","Market Basket","Approx: 2.09 lb at $1.99/lb","Approx: 2.09 lb at $1.99/lb","Market Basket.jpg","","22"
"13796","Breakfast & Dairy","Dairy & Eggs","Packaged Cheese","Sargento","Sargento Swiss Natural Cheese Ultra Thin Slices","","Sargento Swiss Natural Cheese Ultra Thin Slices","3.29","0.0","Market Basket","6.84 oz","6.84 oz","14569.jpg","","1"
"14150","Breakfast & Dairy","Dairy & Eggs","Yogurt","Lifeway","Lifeway Blueberry Organic Kefir Natural Cultured Lowfat Milk","","Lifeway Blueberry Organic Kefir Natural Cultured Lowfat Milk","3.69","0.0","Market Basket","32 fl oz","32 fl oz","14642.jpg","","1"
"31001","Meat & Seafood","Packaged Meat & Seafood","Sausage","Colman","Colman Orgnic Andouille Chicken Sauasage","","Colman Orgnic Andouille Chicken Sauasage","5.61","0.0","Market Basket","12 oz","12 oz","X4475.jpg","","1"
"4276","Meat & Seafood","Packaged Meat & Seafood","Tenderloin","Smithfield","Smithfield Roasted Garlic & Cracked Black Pepper Marinated Tenderloin","","Smithfield Roasted Garlic & Cracked Black Pepper Marinated Tenderloin","7.99","0.0","Market Basket","18.4 oz","18.4 oz","4078.jpg","","22"
"3875","Fresh Produce","Fresh Vegetables","Lemongrass","Market Basket","Lemongrass Bunch","","Lemongrass Bunch","3.92","0.0","Market Basket","1 count","1 count","FP78.jpg","","20"
"33726","Breakfast & Dairy","Dairy & Eggs","Eggnog","Organic Valley","Organic Valley Eggnog Ultra Pasteurized Grade A ","","Organic Valley Eggnog Ultra Pasteurized Grade A ","4.99","0.0","Market Basket","120 ml","120 ml","X704.jpg","","1"
"587","Laundry & Paper Goods","Laundry","Scent Booster","Snuggle","Snuggle Scent Shakes Scent Booster Original","","Snuggle Scent Shakes Scent Booster Original","5.61","1.0","Market Basket","255 g","255 g","No Image.jpg","","15"
"33008","Pasta & Sauces","Raw Pasta","Raw Pasta","Market Basket","Market Basket Whole Wheat Pasta Angel Hair","049705309414","Market Basket Whole Wheat Pasta Angel Hair","1.25","0.0","Market Basket","13.25 oz","13.25 oz","X1612.jpg","","4"
"7191","Cooking Needs","Spices & Seasonings","Spices & Seasonings","Badia","Badia Curry Powder","","Badia Curry Powder","1.69","0.0","Market Basket","2 oz","2 oz","2215.jpg","","9"
"34350","Cooking Needs","Oils & Vinegars","Cooking Wine","Reese","Reese Vintage Cooking Wine White ","","Reese Vintage Cooking Wine White ","3.0","0.0","Market Basket","12.7 oz","12.7 oz","X1778.jpg","","2"
"10251","Frozen Food","Ice Cream & Ice","Ice Cream & Ice","Turkey Hill","Turkey Hill Original Recipe Premium Ice Cream & Sherbet Orange Cream Swirl","","Turkey Hill Original Recipe Premium Ice Cream & Sherbet Orange Cream Swirl","3.69","0.0","Market Basket","48 fl oz","48 fl oz","3128.jpg","","21"
"32620","Pasta & Sauces","Raw Pasta","Raw Pasta","Lucio","Lucio Pasta Angel Hair No. 28","085164110284","Lucio Pasta Angel Hair No. 28","1.11","0.0","Market Basket","16 oz","16 oz","X1697.jpg","","4"
"4814","Chips, Cookies & Snacks","Chips & Fruit Snacks","Chips & Pretzels","Bachman","Bachman Thin'n Right Baked Pretzels","","Bachman Thin'n Right Baked Pretzels","3.91","0.0","Market Basket","9 oz","9 oz","14903.jpg","","0"
"4962","Chips, Cookies & Snacks","Chips & Fruit Snacks","Chips & Pretzels","Sun Chips","Sun Chips 100% Whole Grain Original Sweet Potato & Brown Sugar","","Sun Chips 100% Whole Grain Original Sweet Potato & Brown Sugar","5.14","0.0","Market Basket","7 oz","7 oz","No Image.jpg","","0"
"9816","Frozen Food","Frozen Produce","Frozen Produce","Green Giant","Green Giant Lightly Sauced Frozen Vegetables","","Green Giant Lightly Sauced Frozen Vegetables","2.09","0.0","Market Basket","7 oz","7 oz","2439.jpg","","19"
"35080","Beverages & Juices","Juices & Refrigerated Drinks","Juice & Nectars","Welch's","Welch's Concord Grape","041800354504","Welch's Concord Grape","1.74","0.0","Market Basket","16 fl oz","16 fl oz","X3143.jpg","","10"
"3551","Fresh Produce","Fresh Vegetables","Bok Choy","Market Basket","Baby Bok Choy Pack","","Baby Bok Choy Pack","4.7","0.0","Market Basket","1 count","1 count","FP67.jpg","","20"
"14434","Breakfast & Dairy","Tea & Coffee","Coffee","Nescafe","Nescafe Taster's Choice French Roast Instant Coffee","","Nescafe Taster's Choice French Roast Instant Coffee","10.39","0.0","Market Basket","7 oz","7 oz","3400.jpg","","8"
"32677","Frozen Food","Frozen Pasta","Frozen Pasta","Mama Rosie's","Mama Rosie's Mini Cheese Ravioli","076239420759","Mama Rosie's Mini Cheese Ravioli","2.49","0.0","Market Basket","12 oz","12 oz","X4334.jpg","","18"
"13899","Breakfast & Dairy","Dairy & Eggs","Soy & Lactose-Free","Parmalat","Parmalat 1% Lowfat Milk Vitamin A&D","","Parmalat 1% Lowfat Milk Vitamin A&D","2.49","0.0","Market Basket","1 count","1 count","14796.jpg","","1"
"34437","Breakfast & Dairy","Bars & Pastries","Breakfast Bars","RX","RXBAR Peanut Butter Chocolate","858030008424","RXBAR Peanut Butter Chocolate","11.24","0.0","Market Basket","5 x 1.83 oz","5 x 1.83 oz","X3890.jpg","","5"
"13615","Breakfast & Dairy","Dairy & Eggs","Packaged Cheese","Apple Smoked","Apple Smoked Cheese Apple Smoked Cheddar Cheese","","Apple Smoked Cheese Apple Smoked Cheddar Cheese","4.89","0.0","Market Basket","8 oz","8 oz","14625.jpg","","1"
"12691","Breakfast & Dairy","Breads & Rolls","Bread","Freihofer's","Freihofer 100% Whole Wheat Bread","","Freihofer 100% Whole Wheat Bread","3.69","0.0","Market Basket","24 oz","24 oz","16981.jpg","","18"
"13233","Breakfast & Dairy","Cereal","Cereal","Old Wessex Ltd","Old Wessex Ltd. All Natural 5 Grain Cereal","","Old Wessex Ltd. All Natural 5 Grain Cereal","3.69","0.0","Market Basket","18.5 oz","18.5 oz","17649.jpg","","5"
"4983","Chips, Cookies & Snacks","Chips & Fruit Snacks","Chips & Pretzels","Utz","Utz Kettle Classic Maui-Bbq Flavored Potato Chips","","Utz Kettle Classic Maui-Bbq Flavored Potato Chips","4.69","0.0","Market Basket","8 oz","8 oz","No Image.jpg","","0"
"9241","Frozen Food","Frozen Breakfast","Frozen Breakfast","Cavendish Farms","Cavendish Farms Potato Patties Hash Browns Old Fashioned 10 CT","","Cavendish Farms Potato Patties Hash Browns Old Fashioned 10 CT","2.19","0.0","Market Basket","21.16 oz","21.16 oz","15770.jpg","","1"
"30099","Pasta & Sauces","Gluten Free Pasta","Raw Pasta","Ancient Harvest","Ancient Harvest Organic Pasta Shells Gluten Free","089125270000","Ancient Harvest Organic Pasta Shells Gluten Free","3.74","0.0","Market Basket","8 oz","8 oz","X1575.jpg","","4"
"15093","Personal Care","Personal Needs","Facial Care","Biore","Biore Deep Cleansing Pore Strips","","Biore Deep Cleansing Pore Strips","13.1","1.0","Market Basket","14 count","14 count","17686.jpg","","13"
"33215","Meat & Seafood","Packaged Meat & Seafood","Kielbasa","Market Basket ","Market Basket Polska Kielbasa","","Market Basket Polska Kielbasa","4.36","0.0","Market Basket","14 oz","14 oz","X4611.jpg","","1"
"14706","Personal Care","Body Wash, Soap & Hair Care","Body Wash","Softsoap","Softsoap Body Butter Moisturizing Body Wash Shea & Almond Oil","","Softsoap Body Butter Moisturizing Body Wash Shea & Almond Oil","5.62","1.0","Market Basket","15 fl oz","15 fl oz","6330.jpg","","13"
"7759","Cooking Needs","Canned Food","Canned Meals & Beans","Goya","Goya Premium Pink Beans","","Goya Premium Pink Beans","0.99","0.0","Market Basket","15.5 oz","15.5 oz","5098.jpg","","7"
"34038","Meat & Seafood","Packaged Meat & Seafood","Burger","Plant Made ","Plant Made Grilled Caulflower Steak ","","Plant Made Grilled Caulflower Steak ","6.86","0.0","Market Basket","11 oz","11 oz","X4728.jpg","","1"
"31495","Breakfast & Dairy","Cereal","Cup Cereal","General Mills","General Mills Cinnamon Toast Crunch","016000141544","General Mills Cinnamon Toast Crunch","1.25","0.0","Market Basket","2 oz","2 oz","X3640.jpg","","5"
"14603","Beverages & Juices","Tea, Coffee, Milk & Coconut Water","Tea","Snapple","Snapple All Natural Lemon Tea","076183643747","Snapple All Natural Lemon Tea","3.13","0.0","Market Basket","64 fl oz","64 fl oz","X2988.jpg","","10"
"3462","Fresh Produce","Fresh Fruits","Orange","Market Basket","Large Navel Oranges Bag","","Large Navel Oranges Bag","7.14","0.0","Market Basket","1 bag(s)","1 bag(s)","f45.jpg","","20"
"6234","Beverages & Juices","Water","Sparkling Water","Bubly","Bubly Sparkling Water Strawberry","","Bubly Sparkling Water Strawberry","4.18","0.0","Market Basket","8 x 12 fl oz","8 x 12 fl oz","No Image.jpg","","11"
"15180","Personal Care","Personal Needs","Oral Hygiene","Crest","Crest 3D White Toothpaste Radiant Mint","","Crest 3D White Toothpaste Radiant Mint","4.93","1.0","Market Basket","3.5 oz","3.5 oz","6408.jpg","","13"
"14985","Personal Care","First Aid & Healthcare","Muscles, Joints & Pain Relief","Advil","Advil Medicinal Sleep Aid","","Advil Medicinal Sleep Aid","11.26","1.0","Market Basket","40 count","40 count","6628.jpg","","13"
"31785","Breakfast & Dairy","Dairy & Eggs","Cottage Cheese","Hood","Hood Cottage Cheese Country Style SMALL CURD 4% MILKFAT MIN","","Hood Cottage Cheese Country Style SMALL CURD 4% MILKFAT MIN","4.11","0.0","Market Basket","24 oz","24 oz","X348.jpg","","1"
"6815","Cooking Needs","Baking & Cooking","Baking Ingredients","Crisco","Crisco Butter Flavor AllÃ¢â¬âVegetable Shortening","","Crisco Butter Flavor AllÃ¢â¬âVegetable Shortening","3.69","0.0","Market Basket","20 oz","20 oz","15740.jpg","","8"
"32736","Frozen Food","Frozen Dinners & Entrees","Frozen Meal","Marie Callender's","Marie Callender's Country Fried Chicken & Gravy","021131905330","Marie Callender's Country Fried Chicken & Gravy","3.13","0.0","Market Basket","13.1 oz","13.1 oz","X4041.jpg","","18"
"9864","Frozen Food","Frozen Produce","Frozen Produce","Market Basket","Market Basket Italian Green Beans","","Market Basket Italian Green Beans","1.59","0.0","Market Basket","16 oz","16 oz","Market Basket.jpg","","19"
"6637","Beverages & Juices","Juices & Refrigerated Drinks","Refrigerated Drinks","Odwalla","Odwalla Fruit Smoothie Mango Tango","","Odwalla Fruit Smoothie Mango Tango","2.99","0.0","Market Basket","12 fl oz","12 fl oz","3805.jpg","","20"
"6643","Beverages & Juices","Juices & Refrigerated Drinks","Refrigerated Drinks","Odwalla","Odwalla Strawberry Banana Juice Drink","","Odwalla Strawberry Banana Juice Drink","3.09","0.0","Market Basket","15.2 oz","15.2 oz","3796.jpg","","20"
"14883","Personal Care","Feminine Care","Menstrual Pads","Always","Always Size 4 Overnight Pads With Wings","","Always Size 4 Overnight Pads With Wings","6.31","1.0","Market Basket","26 count","26 count","6495.jpg","","13"
"34205","Breakfast & Dairy","Granola & Oats","Granola","Purely Elizabeth","Purely Elizabeth Ancient Grain Granola Orignal","855140002175","Purely Elizabeth Ancient Grain Granola Orignal","7.49","0.0","Market Basket","12 oz","12 oz","X3752.jpg","","5"
"13833","Breakfast & Dairy","Dairy & Eggs","Refrigerated Pudding & Desserts","Jell-O","Jell O Ready to Eat Sugar Free Vanilla Pudding Cups","","Jell O Ready to Eat Sugar Free Vanilla Pudding Cups","2.49","0.0","Market Basket","3.625 oz","3.625 oz","803.jpg","","8"
"178","Kitchen & Cleaning","Cleaning Products","Other Cleaning Products","Scrubbing Bubbles","Scrubbing Bubbles Mega Shower Foamer Rainshower","","Scrubbing Bubbles Mega Shower Foamer Rainshower","4.89","1.0","Market Basket","32 fl oz","32 fl oz","4293.jpg","","15"
"33441","Beverages & Juices","Juices & Refrigerated Drinks","Refrigerated Drinks","Natalie's","Natalie's ONLY 1 INGREDIENT Tangerine Juice","","Natalie's ONLY 1 INGREDIENT Tangerine Juice","4.99","0.0","Market Basket","32 fl oz","32 fl oz","X636.jpg","","1"
"5636","Chips, Cookies & Snacks","Candy & Chocolates","Mint & Gum","Altoids","Altoids Classic Peppermint Breath Mints","","Altoids Classic Peppermint Breath Mints","2.09","0.0","Market Basket","1.76 oz","1.76 oz","1517.jpg","","3"
"6945","Cooking Needs","Baking & Cooking","Doughs, Gelatins & Bake Mixes","Betty Crocker","Betty Crocker Super Moist Yellow Cake Mix","","Betty Crocker Super Moist Yellow Cake Mix","1.89","0.0","Market Basket","15.25 oz","15.25 oz","2078.jpg","","8"
"30605","Beverages & Juices","Energy & Sports Drinks","Energy & Sports Drinks","Body Armor","Body Armor Super Drink Fruit Punch 8 pack","858176002805","Body Armor Super Drink Fruit Punch 8 pack","7.49","0.0","Market Basket","8 x 12 fl oz","8 x 12 fl oz","X2690.jpg","","10"
"12952","Breakfast & Dairy","Breads & Rolls","Tortillas & Flat Bread","Cedar","Cedar Wraps Spinach","","Cedar Wraps Spinach","2.19","0.0","Market Basket","10 oz","10 oz","4817.jpg","","18"
"32396","Beverages & Juices","Juices & Refrigerated Drinks","Juice & Nectars","Kool-Aid","Kool Aid Bursts Grape","043000953709","Kool Aid Bursts Grape","1.25","0.0","Market Basket","6 x 6.75 fl oz","6 x 6.75 fl oz","X3150.jpg","","10"
"30903","Breakfast & Dairy","Dairy & Eggs","Yogurt","Chobani","Chobani Less Sugar Greek Yogurt With Gili Cherry","","Chobani Less Sugar Greek Yogurt With Gili Cherry","1.25","0.0","Market Basket","5.3 oz","5.3 oz","X110.jpg","","1"
"32671","Frozen Food","Frozen Dinners & Entrees","Frozen Appetizers & Sides","Mama Rosie's","Mama Rosie's Potato Gnocchi","076239421206","Mama Rosie's Potato Gnocchi","2.74","0.0","Market Basket","14.5 oz","14.5 oz","X4331.jpg","","18"
"33332","Meat & Seafood","Packaged Meat & Seafood","Bacon","Morning Stars Farms ","Morning Stars Farms Veggie Bacon Strips ","","Morning Stars Farms Veggie Bacon Strips ","4.99","0.0","Market Basket","5.25 oz","5.25 oz","X4735.jpg","","1"
"32490","Condiments & Dressings","Marinades, Ketchup & Sauces","Marinades & Meat Preparation","Lawry's ","Lawry's Marinade Honey Bourbon With Clove,Chipotle Pepper & Garlic ","021500013406","Lawry's Marinade Honey Bourbon With Clove,Chipotle Pepper & Garlic ","3.13","0.0","Market Basket","12 fl oz","12 fl oz","X2070.jpg","","2"
"6501","Chips, Cookies & Snacks","Nuts, Seeds & Dried Fruit","Nuts, Seeds & Dried Fruit","Blue Diamond","Blue Diamond Wasabi & Soy Sauce Flavored Almonds","","Blue Diamond Wasabi & Soy Sauce Flavored Almonds","9.99","0.0","Market Basket","16 oz","16 oz","No Image.jpg","","6"
"31993","Beverages & Juices","Juices & Refrigerated Drinks","Juice & Nectars","Juicy Juice","Juicy Juice Apple","889497852367","Juicy Juice Apple","3.13","0.0","Market Basket","8 x 6.75 fl oz","8 x 6.75 fl oz","X3079.jpg","","10"
"33842","Pasta & Sauces","Raw Pasta","Raw Pasta","Pastene","Pastene Lasagne Festonate","066086070504","Pastene Lasagne Festonate","3.74","0.0","Market Basket","16 oz","16 oz","X1594.jpg","","4"
"5749","Breakfast & Dairy","Bars & Pastries","Protien Bars","Larabar","Larabar Cherry Pie","","Larabar Cherry Pie","1.25","0.0","Market Basket","1.7 oz","1.7 oz","1313.jpg","","3"
"6563","Beverages & Juices","Juices & Refrigerated Drinks","Refrigerated Drinks","Bolthouse Farms","Bolthouse Farms 100% Fruit Juice Smoothie, Amazing Mango","","Bolthouse Farms 100% Fruit Juice Smoothie, Amazing Mango","4.59","0.0","Market Basket","32 oz","32 oz","16535.jpg","","20"
"9774","Frozen Food","Frozen Produce","Frozen Produce","Birds Eye","Birds Eye Steamfresh Chef's Favorites Lightly Sauced Broccoli, Cauliflower, Carrots with Cheese Sauce","","Birds Eye Steamfresh Chef's Favorites Lightly Sauced Broccoli, Cauliflower, Carrots with Cheese Sauce","2.09","0.0","Market Basket","12 oz","12 oz","2433.jpg","","19"
"7032","Cooking Needs","Baking & Cooking","Doughs, Gelatins & Bake Mixes","Royal","Royal Gelatin, Lime","","Royal Gelatin, Lime","0.49","0.0","Market Basket","1.4 oz","1.4 oz","2103.jpg","","8"
"7274","Cooking Needs","Spices & Seasonings","Spices & Seasonings","McCormick","McCormick Garlic Powder","","McCormick Garlic Powder","7.39","0.0","Market Basket","12.25 oz","12.25 oz","2144.jpg","","9"
"33029","Pasta & Sauces","Raw Pasta","Raw Pasta","Market Basket","Market Basket Medium Egg Noodles","049795032749","Market Basket Medium Egg Noodles","1.88","0.0","Market Basket","12 oz","12 oz","X1684.jpg","","4"
"34771","Condiments & Dressings","Marinades, Ketchup & Sauces","Marinades & Meat Preparation","Sweet Baby Ray's","Sweet Baby Ray's Gourmet Sauces Sweet 'n Spicy Barbecue Sauce ","013409351000","Sweet Baby Ray's Gourmet Sauces Sweet 'n Spicy Barbecue Sauce ","2.86","0.0","Market Basket","16 fl oz","16 fl oz","X2080.jpg","","2"
"6168","Beverages & Juices","Soft Drinks & Seltzers","Soft Drinks","Pepsi","Pepsi Diet","","Pepsi Diet","5.0","0.0","Market Basket","6 x 16.9 fl oz","6 x 16.9 fl oz","No Image.jpg","","17"
"8715","Condiments & Dressings","Preserved Dips & Spreads","Preserved Dips & Salsa","Calavo","Calavo Guacamole, Mild","","Calavo Guacamole, Mild","3.69","0.0","Market Basket","12 oz","12 oz","2005.jpg","","1"
"33058","Condiments & Dressings","Honey, Syrup & Nectars","Syrup","Market Basket ","Market Basket Syrup","049705148884","Market Basket Syrup","2.5","0.0","Market Basket","24 fl oz","24 fl oz","X3207.jpg","","2"
"14782","Personal Care","Body Wash, Soap & Hair Care","Hair Care","Scunci","Scunci No Damage Everyday Fashion Hair Bands","","Scunci No Damage Everyday Fashion Hair Bands","2.86","1.0","Market Basket","28 count","28 count","6616.jpg","","13"
"5301","Chips, Cookies & Snacks","Cookies & Crackers","Crackers","Ritz","Ritz Crisp & Thins 50% Less Fat Barbecue","","Ritz Crisp & Thins 50% Less Fat Barbecue","3.91","0.0","Market Basket","7.1 oz","7.1 oz","No Image.jpg","","6"
"5064","Chips, Cookies & Snacks","Cookies & Crackers","Cookies & Cakes","Lotus","Lotus Biscoff Cookies","","Lotus Biscoff Cookies","4.69","0.0","Market Basket","8.8 oz","8.8 oz","15014.jpg","","6"
"13734","Breakfast & Dairy","Dairy & Eggs","Packaged Cheese","Market Basket","Market Basket Fat Free American Singles White","","Market Basket Fat Free American Singles White","3.09","0.0","Market Basket","12 oz","12 oz","Market Basket.jpg","","1"
"5273","Chips, Cookies & Snacks","Chips & Fruit Snacks","Chips & Pretzels","Good Health","Good Health Sweet Potato Sweet Chipotle Kettle Style Chips","","Good Health Sweet Potato Sweet Chipotle Kettle Style Chips","4.69","0.0","Market Basket","5 oz","5 oz","No Image.jpg","","0"
"34948","Meat & Seafood","Canned Meat & Seafood","Chicken","Underwood","UnderWood Made With White Meat Chicken Spread ","","UnderWood Made With White Meat Chicken Spread ","2.11","0.0","Market Basket","4.25 oz","4.25 oz","X1875.jpg","","2"
"33900","Condiments & Dressings","Pickled Goods & Olives","Peppers","Pastene","Pastene Since 1874 Crushed Peppers ","066086100713","Pastene Since 1874 Crushed Peppers ","3.49","0.0","Market Basket","16 fl oz","16 fl oz","X2340.jpg","","2"
"14705","Personal Care","Body Wash, Soap & Hair Care","Body Wash","Old Spice","Old Spice High Endurance Body Wash Pure Sport","","Old Spice High Endurance Body Wash Pure Sport","6.31","1.0","Market Basket","18 fl oz","18 fl oz","18139.jpg","","13"
"4672","Meat & Seafood","Canned Meat & Seafood","Canned Sardines","King Oscar","King Oscar Wild Caught Sardines","","King Oscar Wild Caught Sardines","3.09","0.0","Market Basket","3.75 oz","3.75 oz","5233.jpg","","2"
"31090","Breakfast & Dairy","Dairy & Eggs","Yogurt","Dannon","Dannon Light & Fit Original Blueberry Naturally & Artifically Flavored 4 Pack ","","Dannon Light & Fit Original Blueberry Naturally & Artifically Flavored 4 Pack ","2.11","0.0","Market Basket","4 x 5.3 oz","4 x 5.3 oz","X192.jpg","","1"
"34326","Breakfast & Dairy","Dairy & Eggs","Yogurt","Ratio Kito ","Ratio Kito Friendly Strawberry ","","Ratio Kito Friendly Strawberry ","1.86","0.0","Market Basket","5.3 oz","5.3 oz","X737.jpg","","1"
"8118","Cooking Needs","Canned Food","Soup, Broth & Bouillon","Progresso","Progresso Traditional","","Progresso Traditional","2.79","0.0","Market Basket","19 oz","19 oz","5283.jpg","","9"
"34307","Chips, Cookies & Snacks","Candy & Chocolates","Candy & Chocolate","Raisinets ","Raisinets Milk Chocolate Made With Whole Fruit ","","Raisinets Milk Chocolate Made With Whole Fruit ","3.74","0.0","Market Basket","8 oz","8 oz","X736.jpg","","3"
"6816","Cooking Needs","Baking & Cooking","Baking Ingredients","Davis","Davis Baking Soda","","Davis Baking Soda","0.99","0.0","Market Basket","12 oz","12 oz","15697.jpg","","8"
"6874","Cooking Needs","Baking & Cooking","Baking Ingredients","Market Basket","Market Basket Baking Soda","","Market Basket Baking Soda","2.49","0.0","Market Basket","64 oz","64 oz","Market Basket.jpg","","8"
"8601","Condiments & Dressings","Pickled Goods & Olives","Pickled Goods & Olives","Claussen","Claussen Kosher Deli Style Pickle Halves","","Claussen Kosher Deli Style Pickle Halves","3.69","0.0","Market Basket","32 fl oz","32 fl oz","1923.jpg","","2"
"5136","Chips, Cookies & Snacks","Cookies & Crackers","Cookies & Cakes","Pepperidge Farm","Pepperidge Farm Verona Blueberry","","Pepperidge Farm Verona Blueberry","4.69","0.0","Market Basket","6.75 oz","6.75 oz","No Image.jpg","","6"
"6173","Beverages & Juices","Soft Drinks & Seltzers","Soft Drinks","Pepsi","Pepsi Zero Sugar Can","","Pepsi Zero Sugar Can","4.38","0.0","Market Basket","6 x 7.5 fl oz","6 x 7.5 fl oz","No Image.jpg","","17"
"10165","Frozen Food","Ice Cream & Ice","Ice Cream & Ice","Market Basket","Market Basket Light Ice Cream","","Market Basket Light Ice Cream","2.49","0.0","Market Basket","1.75 quart","1.75 quart","Market Basket.jpg","","21"
"49","Kitchen & Cleaning","Air Fresheners & Candles","Air Freshener","Renuzit","Renuzit Air Freshener After the Rain Gel, Bottle","","Renuzit Air Freshener After the Rain Gel, Bottle","1.29","1.0","Market Basket","7 oz","7 oz","4243.jpg","","15"
"5892","Beverages & Juices","Tea, Coffee, Milk & Coconut Water","Single To-Go Coffee","StarBucks","Starbucks Doubleshot Espresso Cans 4 Pack","","Starbucks Doubleshot Espresso Cans 4 Pack","3.11","0.0","Market Basket","4 x 6.5 fl oz","4 x 6.5 fl oz","No Image.jpg","","17"
"32195","Breakfast & Dairy","Cereal","Cereal","Kellogg's ","Kellogg's Frosted Mini Wheats little bites Orignal ","038000199554","Kellogg's Frosted Mini Wheats little bites Orignal ","3.75","0.0","Market Basket","15.9 oz","15.9 oz","X3361.jpg","","5"
"35261","Richardson's Farm Ice Cream","Ice Cream","Peppermint","Richarson's Farm","Richarson's Farm Peppermint Stick Ice Cream 16% Butterfat","","Mint ice cream with peppermint candies","32.99","0.0","Richardson's Farm","3 Gal. Tub","3 Gal. Tub","RichardsonsFarm.jpg","",""
"15013","Personal Care","Personal Needs","Deodorants","Axe","Axe Body Spray For Men Dark Temptation","","Axe Body Spray For Men Dark Temptation","7.0","1.0","Market Basket","4 oz","4 oz","18122.jpg","","13"
"33224","Breakfast & Dairy","Pancake & Waffle Mix","Pancake & Waffle Mix","Market Basket ","Market Basket Buttermilk Pancake & Waffle Mix ","049705016527","Market Basket Buttermilk Pancake & Waffle Mix ","2.11","0.0","Market Basket","32 oz","32 oz","X5306.jpg","","3"
"9425","Frozen Food","Frozen Dinners & Entrees","Frozen Meal","Birds Eye","Birds Eye Voila! Sweet & Sour Chicken","","Birds Eye Voila! Sweet & Sour Chicken","4.89","0.0","Market Basket","21 oz","21 oz","2794.jpg","","18"
"3912","Fresh Produce","Fresh Vegetables","Packaged Potato","The Little Potato Company","The Little Potato Company Terrific Trio Variety Pack Fresh Creamer Potatoes","","The Little Potato Company Terrific Trio Variety Pack Fresh Creamer Potatoes","3.55","0.0","Market Basket","24 oz","24 oz","40.jpg","","20"
"34798","Beverages & Juices","Tea, Coffee, Milk & Coconut Water","Tea","Teas Tea Organic ","Teas Tea Organic Unsweetened Rich & Subtle Black tea","835143010995","Teas Tea Organic Unsweetened Rich & Subtle Black tea","2.49","0.0","Market Basket","16.9 fl oz","16.9 fl oz","X2943.jpg","","10"
"6423","Chips, Cookies & Snacks","Chips & Fruit Snacks","Rice Cake","Quaker","Quaker Rice Cakes Salt Free","","Quaker Rice Cakes Salt Free","2.5","0.0","Market Basket","4.47 oz","4.47 oz","1199.jpg","","6"
"6839","Cooking Needs","Baking & Cooking","Baking Ingredients","Florida Crystals","Florida Crystals Raw Cane Sugar","","Florida Crystals Raw Cane Sugar","3.09","0.0","Market Basket","2 lb","2 lb","15716.jpg","","8"
"14736","Personal Care","Body Wash, Soap & Hair Care","Hair Care","Garnier","Garnier Intensely Smooth Leave-In Conditioning Cream","","Garnier Intensely Smooth Leave-In Conditioning Cream","5.62","1.0","Market Basket","10.2 fl oz","10.2 fl oz","17819.jpg","","13"
"5179","Chips, Cookies & Snacks","Cookies & Crackers","Crackers","Good Thins","Good Thins Parmesan and Garlic Rice Snacks Gluten Free","","Good Thins Parmesan and Garlic Rice Snacks Gluten Free","5.47","0.0","Market Basket","3.5 oz","3.5 oz","No Image.jpg","","6"
"14988","Personal Care","First Aid & Healthcare","Muscles, Joints & Pain Relief","Bayer","Bayer Aspirin Low Dose Safety Coated Tablets","","Bayer Aspirin Low Dose Safety Coated Tablets","9.88","1.0","Market Basket","120 count","120 count","6635.jpg","","13"
"5334","Breakfast & Dairy","Bars & Pastries","Breakfast Bars","Nature's Bakery","Nature's Bakery Oatmeal Crumble Apple","","Nature's Bakery Oatmeal Crumble Apple","4.69","0.0","Market Basket","6 x 1.41 oz","6 x 1.41 oz","No Image.jpg","","6"
"6996","Cooking Needs","Baking & Cooking","Doughs, Gelatins & Bake Mixes","Jiffy","Jiffy Muffin Mix Blueberry","","Jiffy Muffin Mix Blueberry","0.89","0.0","Market Basket","7 oz","7 oz","2113.jpg","","8"
"7304","Cooking Needs","Spices & Seasonings","Spices & Seasonings","McCormick","McCormick Grill Mates 25% Less Sodium Montreal Steak Seasoning","","McCormick Grill Mates 25% Less Sodium Montreal Steak Seasoning","2.49","0.0","Market Basket","3.18 oz","3.18 oz","2274.jpg","","9"
"4585","Meat & Seafood","Lunch Meat","Turkey","Extra","Butterball Honey Roasted Extra Thin Sliced Turkey Breast","","Butterball Honey Roasted Extra Thin Sliced Turkey Breast","4.29","0.0","Market Basket","9 oz","9 oz","5454.jpg","","1"
"5389","Chips, Cookies & Snacks","Cookies & Crackers","Crackers","Kame","Kame Rice Crackers Sesame","","Kame Rice Crackers Sesame","4.67","0.0","Market Basket","3.5 oz","3.5 oz","No Image.jpg","","6"
"74","Kitchen & Cleaning","Air Fresheners & Candles","Scented Oil Refill","Air Wick","Air Wick Essential Oils Scented Oil Refills Lavender & Chamomile","","Air Wick Essential Oils Scented Oil Refills Lavender & Chamomile","6.09","1.0","Market Basket","2 x 0.67 fl oz","2 x 0.67 fl oz","4209.jpg","","15"
"32239","Condiments & Dressings","Salad Dressings & Toppings","Salad Dressing & Toppings","Ken's Steak House","Ken's Seak House Lite Sweet Vidalia Onion ","041335001683","Ken's Seak House Lite Sweet Vidalia Onion ","3.49","0.0","Market Basket","16 fl oz","16 fl oz","X407.jpg","","2"
"33992","Breakfast & Dairy","Breads & Rolls","Buns","Pepperidge Farm","Pepperidge Farm 12 Sweet Hawain Slider Buns","014100045427","Pepperidge Farm 12 Sweet Hawain Slider Buns","4.36","0.0","Market Basket","15 oz","15 oz","X2508.jpg","","18"
"13438","Breakfast & Dairy","Dairy & Eggs","Eggs","Nature's Yoke Natural","Nature's Yoke Natural Eggs, Organic, Large","","Nature's Yoke Natural Eggs, Organic, Large","4.79","0.0","Market Basket","12 count","12 count","607.jpg","","1"
"14850","Personal Care","Body Wash, Soap & Hair Care","Soap","Ivory","Ivory Bar Soap, Aloe Scent","","Ivory Bar Soap, Aloe Scent","1.83","1.0","Market Basket","9.52 oz","9.52 oz","6362.jpg","","13"
"4029","Fresh Produce","Fresh Vegetables","Tomato","Market Basket","Red Stem Cluster Tomatoes (Approx: 4 or 5)","","Red Stem Cluster Tomatoes (Approx: 4 or 5)","2.47","0.0","Market Basket","1 count","1 count","FP130.jpg","","20"
"6432","Chips, Cookies & Snacks","Nuts, Seeds & Dried Fruit","Nuts, Seeds & Dried Fruit","Sunsweet","Sunsweet D'Noir Prunes Pitted Plums","","Sunsweet D'Noir Prunes Pitted Plums","3.49","0.0","Market Basket","8 oz","8 oz","1387.jpg","","6"
"8079","Cooking Needs","Canned Food","Soup, Broth & Bouillon","Nongshim","Nongshim Bowl Noodle Savory Soup Chicken","","Nongshim Bowl Noodle Savory Soup Chicken","1.29","0.0","Market Basket","3.03 oz","3.03 oz","17209.jpg","","2"
"5063","Chips, Cookies & Snacks","Cookies & Crackers","Cookies & Cakes","Kinnikinnick Foods","Kinnikinnick Foods Foods Gluten Free Montanas Chocolate Chip Cookies","","Kinnikinnick Foods Foods Gluten Free Montanas Chocolate Chip Cookies","6.23","0.0","Market Basket","8 oz","8 oz","15046.jpg","","6"
"34155","Personal Care","Vitamins & Proteins","Protien Powders","Premier Protien ","Premier Protien Chocolate ","643843714484","Premier Protien Chocolate ","9.99","0.0","Market Basket","44 fl oz","44 fl oz","X5184.jpg","","3"
"7899","Cooking Needs","Canned Food","Canned Meat & Seafood","Store Brand","Tilapia Loins","","Tilapia Loins","6.09","0.0","Market Basket","12 oz","12 oz","Market Basket.jpg","","2"
"9854","Frozen Food","Frozen Produce","Frozen Produce","Market Basket","Market Basket Cut Okra","","Market Basket Cut Okra","1.69","0.0","Market Basket","16 oz","16 oz","Market Basket.jpg","","19"
"32415","Pasta & Sauces","Instant Pasta","Instant Pasta","Kraft","Kraft Macaroni & Cheese the Cheesiest","021000658831","Kraft Macaroni & Cheese the Cheesiest","1.66","0.0","Market Basket","2.5 oz","2.5 oz","X1201.jpg","","4"
"14343","Breakfast & Dairy","Tea & Coffee","Coffee","Boston's Best","Boston's Best Coffee Roasters Vanilla Hazelnut Ground Coffee","","Boston's Best Coffee Roasters Vanilla Hazelnut Ground Coffee","4.89","0.0","Market Basket","12 oz","12 oz","16287.jpg","","8"
"6955","Cooking Needs","Baking & Cooking","Doughs, Gelatins & Bake Mixes","Duncan Hines","Duncan Hines Dark Chocolate Fudge Brownies Mix","","Duncan Hines Dark Chocolate Fudge Brownies Mix","2.19","0.0","Market Basket","18.2 oz","18.2 oz","2090.jpg","","8"
"3679","Fresh Produce","Fresh Fruits","Minneola","Market Basket","Minneola","","Minneola","1.48","0.0","Market Basket","1 lb","1 lb","FP28.jpg","","20"
"34102","Breakfast & Dairy","Cereal","Cereal","Post","Post Cocoa Pebbles Family Size ","884912002464","Post Cocoa Pebbles Family Size ","4.99","0.0","Market Basket","20.5 oz","20.5 oz","X3401.jpg","","5"
"13736","Breakfast & Dairy","Dairy & Eggs","Packaged Cheese","Market Basket","Market Basket Grated Parmesan Cheese","","Market Basket Grated Parmesan Cheese","3.59","0.0","Market Basket","3 oz","3 oz","Market Basket.jpg","","1"
"6019","Beverages & Juices","Energy & Sports Drinks","Energy & Sports Drinks","Red Bull","Red Bull Energy Drink","","Red Bull Energy Drink","3.13","0.0","Market Basket","12 fl oz","12 fl oz","3736.jpg","","17"
"32806","Chips, Cookies & Snacks","Candy & Chocolates","Candy & Chocolate","Market Basket","Market Basket Jumbo Gum Drops","","Market Basket Jumbo Gum Drops","1.88","0.0","Market Basket","16 oz","16 oz","X522.jpg","","3"
"31252","Beverages & Juices","Tea, Coffee, Milk & Coconut Water","Tea","Evergreen Leaves Brand","Evergreen Leaves Brand California Dieters Drink ","796814136683","Evergreen Leaves Brand California Dieters Drink ","3.11","0.0","Market Basket","1.25 oz","1.25 oz","X3211.jpg","","2"
"31729","Meat & Seafood","Packaged Meat & Seafood","Ham","Hillshire Farm ","Hillishire Farm Ultra Thin Smoked Ham ","","Hillishire Farm Ultra Thin Smoked Ham ","7.86","0.0","Market Basket","16 oz","16 oz","X4540.jpg","","1"
"35029","Frozen Food","Frozen Pizza","Frozen Pizza","Virtuoso","Virtuoso Signature Spinach","058336180026","Virtuoso Signature Spinach","3.74","0.0","Market Basket","13.8 oz","13.8 oz","X4884.jpg","","19"
"33279","Condiments & Dressings","Pickled Goods & Olives","Peppers","Mezzetta ","Mezzetta Snice 1935 Family Co Mild Banana Pepper Rings Fresh Pack Hot","073214001712","Mezzetta Snice 1935 Family Co Mild Banana Pepper Rings Fresh Pack Hot","3.74","0.0","Market Basket","16 fl oz","16 fl oz","X3243.jpg","","2"
"32799","Chips, Cookies & Snacks","Candy & Chocolates","Candy & Chocolate","Market Basket","Market Basket Premium Chocolate Milk Chocolate Raisins ","","Market Basket Premium Chocolate Milk Chocolate Raisins ","1.56","0.0","Market Basket","3.5 oz","3.5 oz","X515.jpg","","3"
"32989","Cooking Needs","Rice & Grains","Instant Rice","Market Basket","Market Basket Boil in Bag Rice Enriched, Precooked, Long grain ","049705041642","Market Basket Boil in Bag Rice Enriched, Precooked, Long grain ","1.86","0.0","Market Basket","14 oz","14 oz","X995.jpg","","4"
"591","Laundry & Paper Goods","Laundry","Fabric Softener","Final Touch","Final Touch Fabric Softener plus conditioner Lavender 36 Loads","","Final Touch Fabric Softener plus conditioner Lavender 36 Loads","2.74","1.0","Market Basket","72 fl oz","72 fl oz","No Image.jpg","","15"
"6582","Beverages & Juices","Juices & Refrigerated Drinks","Refrigerated Drinks","Dole","Dole 100% JUICE Orange Peach Mango","","Dole 100% JUICE Orange Peach Mango","3.13","0.0","Market Basket","59 fl oz","59 fl oz","X228.jpg","","1"
"30860","Meat & Seafood","Packaged Meat & Seafood","Chicken","Cavendish Farms","Caviendish Farms Croquetas de papa","","Caviendish Farms Croquetas de papa","5.86","0.0","Market Basket","21.2 oz","21.2 oz","X4779.jpg","","1"
"34702","Cooking Needs","Rice & Grains","Instant Rice","Success","Success Boil in Bag White Rice Precooked","017400100773","Success Boil in Bag White Rice Precooked","2.49","0.0","Market Basket","14 oz","14 oz","X979.jpg","","4"
"7396","Cooking Needs","Canned Food","Canned & Jarred Vegetables","Bruce's","Bruce's Yams Whole Sweet Potatoes In Syrup","","Bruce's Yams Whole Sweet Potatoes In Syrup","1.89","0.0","Market Basket","16 oz","16 oz","17108.jpg","","9"
"4321","Meat & Seafood","Meat & Seafood Counter","Pork","Market Basket","Market Basket Pork Shoulder Chunk","","Market Basket Pork Shoulder Chunk","6.13","0.0","Market Basket","Approx: 2.80 lb at $2.19/lb","Approx: 2.80 lb at $2.19/lb","Market Basket.jpg","","22"
"3779","Fresh Produce","Fresh Organic Fruits","Grapes","Market Basket","Organic Green Seedless Grapes","","Organic Green Seedless Grapes","8.5","0.0","Market Basket","1 lb","1 lb","14268.jpg","","20"
"34117","Beverages & Juices","Energy & Sports Drinks","Energy & Sports Drinks","Powerade","Powerade Sports Drink Fruit Punch","049000079388","Powerade Sports Drink Fruit Punch","1.1","0.0","Market Basket","28 fl oz","28 fl oz","X2698.jpg","","10"
"30627","Frozen Food","Frozen Dinners & Entrees","Frozen Meal","Boston Market","Boston Market Beef Pot Roast","738912022345","Boston Market Beef Pot Roast","3.36","0.0","Market Basket","15 oz","15 oz","X4134.jpg","","18"
"14978","Personal Care","First Aid & Healthcare","Muscles, Joints & Pain Relief","Advil","Advil Ibuprofen","","Advil Ibuprofen","8.5","1.0","Market Basket","40 count","40 count","6626.jpg","","13"
"14544","Breakfast & Dairy","Tea & Coffee","Tea","Brisk","Brisk Lemon Flavor Iced Tea","","Brisk Lemon Flavor Iced Tea","6.09","0.0","Market Basket","12 fl oz","12 fl oz","16314.jpg","","8"
"3823","Fresh Produce","Fresh Organic Vegetables","Garlic","Spice World","Spice World Organic Fresh Garlic Bulbs","","Spice World Organic Fresh Garlic Bulbs","2.86","0.0","Market Basket","1 bag(s)","1 bag(s)","30.jpg","","20"
"9975","Frozen Food","Ice Cream & Ice","Ice Cream & Ice","Breyer's","Breyer's Light Ice Cream Snickers","","Breyer's Light Ice Cream Snickers","4.79","0.0","Market Basket","48 oz","48 oz","18029.jpg","","21"
"33903","Condiments & Dressings","Pickled Goods & Olives","Peppers","Pastene","Pastene Imported Sliced Jalapeno Peppers ","066086101338","Pastene Imported Sliced Jalapeno Peppers ","3.13","0.0","Market Basket","16 fl oz","16 fl oz","X2343.jpg","","2"
"31549","Frozen Food","Frozen Breakfast","Frozen Breakfast","Good Food Made ","Good Food  Made Egg White Patties ","080618412044","Good Food  Made Egg White Patties ","3.74","0.0","Market Basket","10 oz","10 oz","X4988.jpg","","19"
"9865","Frozen Food","Frozen Produce","Frozen Produce","Market Basket","Market Basket Mango Chunks","","Market Basket Mango Chunks","3.29","0.0","Market Basket","16 oz","16 oz","Market Basket.jpg","","19"
"348","Kitchen & Cleaning","Food Storage & Kitchen Supplies","Storage Bags","Ziploc","Ziploc Storage Bags","","Ziploc Storage Bags","4.89","1.0","Market Basket","38 count","38 count","4386.jpg","","12"
"6219","Beverages & Juices","Soft Drinks & Seltzers","Seltzer","Adirondack","Adirondack Beverages Seltzer, Original","","Adirondack Beverages Seltzer, Original","3.13","0.0","Market Basket","6 x 16.9 fl oz","6 x 16.9 fl oz","No Image.jpg","","11"
"3537","Fresh Produce","Fresh Vegetables","Beet","Market Basket","Delicious Fresh Cut Beets","","Delicious Fresh Cut Beets","2.31","0.0","Market Basket","1 lb","1 lb","f151.jpg","","20"
"4192","Meat & Seafood","Packaged Meat & Seafood","Chicken","Perdue","Perdue Whole Chicken","","Perdue Whole Chicken","7.95","0.0","Market Basket","Approx: 5.00 lb at $1.59/lb","Approx: 5.00 lb at $1.59/lb","4105.jpg","","22"
"8902","Condiments & Dressings","Salad Dressings & Toppings","Salad Dressing & Toppings","Marie's","Marie's Dressing + Dip Lite Chunky Blue Cheese","","Marie's Dressing + Dip Lite Chunky Blue Cheese","4.99","0.0","Market Basket","12 fl oz","12 fl oz","15450.jpg","","2"
"9211","Frozen Food","Frozen Dinners & Entrees","Frozen Appetizers & Sides","Tyson","Tyson Fully Cooked Chicken Nuggets (Frozen)","","Tyson Fully Cooked Chicken Nuggets (Frozen)","6.86","0.0","Market Basket","32 oz","32 oz","2598.jpg","","22"
"5376","Chips, Cookies & Snacks","Cookies & Crackers","Crackers","Kinnikinnick","Kinnikinnick Mini Kritters","","Kinnikinnick Mini Kritters","6.23","0.0","Market Basket","8 oz","8 oz","No Image.jpg","","6"
"32400","Condiments & Dressings","Marinades, Ketchup & Sauces","Marinades & Meat Preparation","Kraft","Karft Slow Simmered Hickory Smoke Barbecue Sauce ","021000052295","Karft Slow Simmered Hickory Smoke Barbecue Sauce ","3.13","0.0","Market Basket","13 oz","13 oz","X2055.jpg","","2"
"10400","Cooking Needs","Rice & Grains","Rice","Goya","Goya Extra Long Grain Canilla Enriched White Rice","","Goya Extra Long Grain Canilla Enriched White Rice","6.48","0.0","Market Basket","5 lb","5 lb","17436.jpg","","7"
"34516","Frozen Food","Frozen Dinners & Entrees","Frozen Meal","Smart Ones","Smart Ones Creamy Rigatoni with Broccoli & Chicekn ","025800022427","Smart Ones Creamy Rigatoni with Broccoli & Chicekn ","2.5","0.0","Market Basket","9 oz","9 oz","X4199.jpg","","18"
"7860","Cooking Needs","Canned Food","Canned Meat & Seafood","King Oscar","King Oscar Sardines Olive Oil Skinless & Boneless","","King Oscar Sardines Olive Oil Skinless & Boneless","2.69","0.0","Market Basket","4.38 oz","4.38 oz","5230.jpg","","2"
"33104","Cooking Needs","Oils & Vinegars","Oils & Vinegars","Market Basket ","Market Basket Naturally Cholesterol Free Vegetable Oil ","049705022573","Market Basket Naturally Cholesterol Free Vegetable Oil ","4.61","0.0","Market Basket","96 fl oz","96 fl oz","X1934.jpg","","2"
"30183","Beverages & Juices","Tea, Coffee, Milk & Coconut Water","Tea","AriZona","AriZona Arnold Palmer Half & Half Iced Tea Lemonade","613008730895","AriZona Arnold Palmer Half & Half Iced Tea Lemonade","1.25","0.0","Market Basket","20 fl oz","20 fl oz","X3049.jpg","","10"
"30753","Meat & Seafood","Packaged Meat & Seafood","Stuffing","Butterball","Butterball Premium Stuffing Traditional Savory Herb ","","Butterball Premium Stuffing Traditional Savory Herb ","8.74","0.0","Market Basket","28 oz","28 oz","X4743.jpg","","1"
"3754","Fresh Produce","Fresh Herbs","Mint","Infinite Herbs","Infinite Herbs Mint","","Infinite Herbs Mint","2.86","0.0","Market Basket","1 oz","1 oz","FP49.jpg","","20"
"32331","Condiments & Dressings","Marinades, Ketchup & Sauces","Sauce","Kitchens Of India","Kitchens Of India Rich Creamy Tomato Cooking Sauce ","841905130528","Kitchens Of India Rich Creamy Tomato Cooking Sauce ","4.36","0.0","Market Basket","12.2 oz","12.2 oz","X5336.jpg","","3"
"31177","Frozen Food","Frozen Pizza","Frozen Pizza","Digiorno","Digiorno Pepperoni","071921957032","Digiorno Pepperoni","7.49","0.0","Market Basket","25 oz","25 oz","X4933.jpg","","19"
"34890","Beverages & Juices","Energy & Sports Drinks","Energy & Sports Drinks","Trimino","Trimino Protien Infused Water Strawberry Lemonade","811492020021","Trimino Protien Infused Water Strawberry Lemonade","2.5","0.0","Market Basket","16 fl oz","16 fl oz","X2729.jpg","","10"
"8125","Cooking Needs","Canned Food","Soup, Broth & Bouillon","Progresso","Progresso Vegetable Classics, Tomato Basil Soup, Gluten Free","","Progresso Vegetable Classics, Tomato Basil Soup, Gluten Free","2.49","0.0","Market Basket","19 oz","19 oz","5253.jpg","","9"
"8924","Condiments & Dressings","Salad Dressings & Toppings","Salad Dressing & Toppings","Marzetti","Marzetti Dressing Original Slaw","","Marzetti Dressing Original Slaw","5.19","0.0","Market Basket","15 fl oz","15 fl oz","15441.jpg","","2"
"10029","Frozen Food","Ice Cream & Ice","Ice Cream & Ice","Elan","Elan Low Fat Frozen Yogurt Vanilla","","Elan Low Fat Frozen Yogurt Vanilla","4.79","0.0","Market Basket","1 quart","1 quart","16167.jpg","","21"
"340","Kitchen & Cleaning","Food Storage & Kitchen Supplies","Storage Bags","Ziploc","Ziploc Easy Open Tabs Freezer Bags","","Ziploc Easy Open Tabs Freezer Bags","4.89","1.0","Market Basket","28 x 1 gal","28 x 1 gal","4396.jpg","","12"
"5079","Chips, Cookies & Snacks","Cookies & Crackers","Cookies & Cakes","Market Basket","Market Basket Assorted Creme Cookies","","Market Basket Assorted Creme Cookies","3.42","0.0","Market Basket","25 oz","25 oz","Market Basket.jpg","","6"
"30465","Breakfast & Dairy","Cereal","Muesli Cereal","Bob's Red Mill","Bob's Red Mill Fruit & Seed Muesli Hot or cold cereal","039978001146","Bob's Red Mill Fruit & Seed Muesli Hot or cold cereal","6.61","0.0","Market Basket","14 oz","14 oz","X3671.jpg","","5"
"33706","Meat & Seafood","Packaged Meat & Seafood","Kielbasa","Old Neighborhood ","Old Neighborhood Kielbasa ","","Old Neighborhood Kielbasa ","4.74","0.0","Market Basket","12 oz","12 oz","X4655.jpg","","1"
"9899","Frozen Food","Frozen Produce","Frozen Produce","Richie's","Richie's Super Premium Italian Ice Lemon","","Richie's Super Premium Italian Ice Lemon","1.29","0.0","Market Basket","10 fl oz","10 fl oz","15759.jpg","","19"
"30460","Breakfast & Dairy","Granola & Oats","Granola","Bob's Red Mill","Bob's Red Mill Cinnamon Raisin Granola","039978031884","Bob's Red Mill Cinnamon Raisin Granola","4.36","0.0","Market Basket","12 oz","12 oz","X3738.jpg","","5"
"14400","Breakfast & Dairy","Tea & Coffee","Coffee","International Delight","International Delight Mocha Iced Coffee","","International Delight Mocha Iced Coffee","3.69","0.0","Market Basket","64 fl oz","64 fl oz","16269.jpg","","1"
"12968","Breakfast & Dairy","Breads & Rolls","Tortillas & Flat Bread","Joseph's","Joseph's Premium Wraps Traditional 10""","","Joseph's Premium Wraps Traditional 10""","1.89","0.0","Market Basket","16 oz","16 oz","No Image.jpg","","7"
"9362","Frozen Food","Frozen Dessert","Frozen Dessert","Pepperidge Farm","Pepperidge Farm Frozen Rich Golden Layer Cake","","Pepperidge Farm Frozen Rich Golden Layer Cake","3.69","0.0","Market Basket","19.6 oz","19.6 oz","2959.jpg","","19"
"7214","Cooking Needs","Spices & Seasonings","Spices & Seasonings","Garden Pure Fresh","Garden Pure Fresh Cut Pineapple","","Garden Pure Fresh Cut Pineapple","3.49","0.0","Market Basket","10 oz","10 oz","No Image.jpg","","9"
"15346","Personal Care","Vitamins & Proteins","Vitamins & Supplements","Nature Made","Nature Made Vitamin D3 1000 IU (25 mcg) Tablets","","Nature Made Vitamin D3 1000 IU (25 mcg) Tablets","7.0","1.0","Market Basket","100 count","100 count","18192.jpg","","13"
"5080","Chips, Cookies & Snacks","Cookies & Crackers","Cookies & Cakes","Market Basket","Market Basket Molasses Soft Cookies","","Market Basket Molasses Soft Cookies","1.55","0.0","Market Basket","7.1 oz","7.1 oz","Market Basket.jpg","","6"
"7595","Cooking Needs","Canned Food","Canned & Jarred Vegetables","Ro-Tel","Mild Diced Tomatoes","","Mild Diced Tomatoes","1.59","0.0","Market Basket","10 oz","10 oz","17093.jpg","","9"
"10078","Frozen Food","Ice Cream & Ice","Ice Cream & Ice","Haagen-dazs","Haagen dazs Sweet Cream Coffee Caramel Ice Cream","","Haagen dazs Sweet Cream Coffee Caramel Ice Cream","3.69","0.0","Market Basket","14 fl oz","14 fl oz","18037.jpg","","21"
"4215","Meat & Seafood","Packaged Meat & Seafood","Chicken Breast","Springer","Springer Mountain Farms Chicken Breasts, 99% Fat Free","","Springer Mountain Farms Chicken Breasts, 99% Fat Free","8.59","0.0","Market Basket","24 each","24 each","16709.jpg","","22"
"31832","Condiments & Dressings","Marinades, Ketchup & Sauces","Marinades & Meat Preparation","HP","The Orginal HP Sauce ","792851356565","The Orginal HP Sauce ","3.13","0.0","Market Basket","18 oz","18 oz","X2098.jpg","","2"
"14642","Breakfast & Dairy","Tea & Coffee","Tea","Twinings","Twinings of London English Breakfast Tea Bags","","Twinings of London English Breakfast Tea Bags","3.69","0.0","Market Basket","20 count","20 count","3438.jpg","","8"
"14904","Personal Care","Feminine Care","Tampon","O.B.","O.B. Pro Comfort Regular Tampons","","O.B. Pro Comfort Regular Tampons","5.62","1.0","Market Basket","18 count","18 count","No Image.jpg","","13"
"7621","Cooking Needs","Canned Food","Canned Fruit & Applesauce","Del Monte","Del Monte No Sugar Added Fruit Cocktail Packed in Water","","Del Monte No Sugar Added Fruit Cocktail Packed in Water","1.69","0.0","Market Basket","14.5 oz","14.5 oz","4907.jpg","","3"
"33907","Condiments & Dressings","Pickled Goods & Olives","Peppers","Pastene","Pastene Since 1874 Finger Peppers ","066086101284","Pastene Since 1874 Finger Peppers ","4.99","0.0","Market Basket","32 fl oz","32 fl oz","X2350.jpg","","2"
"8294","Condiments & Dressings","Fresh Dips & Tapenades","Fresh Dips & Tapenades","Cedar","Cedar Stuffed Grape Leaves","","Cedar Stuffed Grape Leaves","5.39","0.0","Market Basket","8 oz","8 oz","5504.jpg","","1"
"32686","Pasta & Sauces","Raw Pasta","Raw Pasta","Manischewitz","Manischewitz Fine Egg Noodles","072700104036","Manischewitz Fine Egg Noodles","2.5","0.0","Market Basket","12 oz","12 oz","X1690.jpg","","4"
"33831","Cooking Needs","Canned Food","Canned Tomatoes","Pastene","Pastene Tomato Puree","066086080404","Pastene Tomato Puree","2.11","0.0","Market Basket","28 oz","28 oz","X1381.jpg","","4"
"35073","Breakfast & Dairy","Cereal","Cereal","Weetabix","Weetabix Whole Grain Cereal ","055712067412","Weetabix Whole Grain Cereal ","4.99","0.0","Market Basket","14 oz","14 oz","X3700.jpg","","5"
"13386","Breakfast & Dairy","Dairy & Eggs","Cream","Nestle","NestlÃÂ© Coffee Mate Hazelnut Liquid Coffee Creamer","","NestlÃÂ© Coffee Mate Hazelnut Liquid Coffee Creamer","2.69","0.0","Market Basket","16 fl oz","16 fl oz","539.jpg","","1"
"13715","Breakfast & Dairy","Dairy & Eggs","Packaged Cheese","Market Basket","Daiya Mozzarella Style Shreds, Dairy Free","","Daiya Mozzarella Style Shreds, Dairy Free","4.89","0.0","Market Basket","8 oz","8 oz","14602.jpg","","1"
"152","Kitchen & Cleaning","Cleaning Products","Other Cleaning Products","Scott's","Scott's Liquid Gold Wood Care, Fresh Almond Scent","","Scott's Liquid Gold Wood Care, Fresh Almond Scent","5.49","1.0","Market Basket","10 oz","10 oz","16814.jpg","","15"
"33632","Meat & Seafood","Packaged Meat & Seafood","Bacon","North Country ","North Country Organic Applewood Smoked Uncured Bacon ","","North Country Organic Applewood Smoked Uncured Bacon ","7.49","0.0","Market Basket","8 oz","8 oz","X4492.jpg","","1"
"117","Kitchen & Cleaning","Cleaning Products","Cleaning Wipes","Weiman","Weiman Microwave and Cook Top Wipes","","Weiman Microwave and Cook Top Wipes","4.98","1.0","Market Basket","30 count","30 count","4311.jpg","","15"
"13306","Breakfast & Dairy","Dairy & Eggs","Butter","Land O' Lakes","Land O' Lakes Spread Butter With Olive Oil & Sea Salt","","Land O' Lakes Spread Butter With Olive Oil & Sea Salt","4.29","0.0","Market Basket","13 oz","13 oz","627.jpg","","1"
"581","Laundry & Paper Goods","Laundry","Scent Booster","Downy","Downy Unstoppables inwash scent booster Fresh Frais","","Downy Unstoppables inwash scent booster Fresh Frais","8.74","1.0","Market Basket","285 g","285 g","No Image.jpg","","15"
"6309","Beverages & Juices","Water","Sparkling Water","Poland Spring","Poland Spring Sparkling Water, Pomegranate Lemonade","","Poland Spring Sparkling Water, Pomegranate Lemonade","3.74","0.0","Market Basket","8 x 16.9 fl oz","8 x 16.9 fl oz","No Image.jpg","","11"
"10398","Cooking Needs","Canned Food","Canned Food","Ducal","Ducal Refried Beans Red","","Ducal Refried Beans Red","3.49","0.0","Market Basket","14.1 oz","14.1 oz","17435.jpg","","N/A"
"12820","Breakfast & Dairy","Breads & Rolls","Muffin","La Bree's Bakery","La Bree's Bakery Maine Wild Blueberry Mini Muffins","","La Bree's Bakery Maine Wild Blueberry Mini Muffins","3.49","0.0","Market Basket","10 oz","10 oz","4882.jpg","","18"
"13674","Breakfast & Dairy","Dairy & Eggs","Packaged Cheese","Stella","Stella Fresh Feta Cheese Chunks","","Stella Fresh Feta Cheese Chunks","4.89","0.0","Market Basket","1 lb","1 lb","14596.jpg","","1"
"34294","Beverages & Juices","Juices & Refrigerated Drinks","Juice & Nectars","R.W. Knudsen","R.W. Knudsen Simply Nutritious Morning Blend 100% Juice No Added Sugar","074682107227","R.W. Knudsen Simply Nutritious Morning Blend 100% Juice No Added Sugar","4.99","0.0","Market Basket","32 fl oz","32 fl oz","X2907.jpg","","10"
"32675","Frozen Food","Frozen Pasta","Frozen Pasta","Mama Rosie's","Mama Rosie's Original Cheese Ravioli","076239420360","Mama Rosie's Original Cheese Ravioli","2.49","0.0","Market Basket","12 oz","12 oz","X4332.jpg","","18"
"32083","Breakfast & Dairy","Bars & Pastries","Breakfast Bars","Kellogg's ","Kellogg's NutriGrain Soft Baked Breakfast Bars Blueberry","038000113376","Kellogg's NutriGrain Soft Baked Breakfast Bars Blueberry","4.99","0.0","Market Basket","16 x 1.3 oz","16 x 1.3 oz","X3938.jpg","","5"
"31166","Frozen Food","Frozen Dinners & Entrees","Frozen Meal","Devour","Devour Buffalo Style Chicken Mac & Cheese","025155057044","Devour Buffalo Style Chicken Mac & Cheese","3.74","0.0","Market Basket","12 oz","12 oz","X4125.jpg","","18"
"34254","Breakfast & Dairy","Granola & Oats","Oats","Quaker","Quaker Raisin, Date & Walnut Instant Oatmeal","030000012406","Quaker Raisin, Date & Walnut Instant Oatmeal","3.13","0.0","Market Basket","10 x 1.3 oz","10 x 1.3 oz","X3593.jpg","","5"
"30119","Condiments & Dressings","Marinades, Ketchup & Sauces","Mustard Sauce","Annie's ","Annie's Organic Dijon Mustard Made With Goodness ","04595663","Annie's Organic Dijon Mustard Made With Goodness ","4.38","0.0","Market Basket","7.5 oz","7.5 oz","X2155.jpg","","2"
"3519","Fresh Produce","Fresh Organic Vegetables","Spinach","Market Basket","Organic Bunch Spinach","","Organic Bunch Spinach","2.74","0.0","Market Basket","1 bunch","1 bunch","f139.jpg","","20"
"33667","Beverages & Juices","Juices & Refrigerated Drinks","Juice & Nectars","Ocean Spray","Ocean Spray Cranberry Pineapple 100% Juice No sugar Added","031200034632","Ocean Spray Cranberry Pineapple 100% Juice No sugar Added","3.99","0.0","Market Basket","64 fl oz","64 fl oz","X2833.jpg","","10"
"30645","Cooking Needs","Oils & Vinegars","Oils & Vinegars","Bragg","Bragg Organic  Unrefined 100% Sourced From Greece Extra Virgin Olive Oil First Cold Pressed ","074305020322","Bragg Organic  Unrefined 100% Sourced From Greece Extra Virgin Olive Oil First Cold Pressed ","8.74","0.0","Market Basket","101 fl oz","101 fl oz","X2001.jpg","","2"
"5265","Chips, Cookies & Snacks","Chips & Fruit Snacks","Chips & Pretzels","Good Health","Good Health Veggie Straws Zesty Ranch","","Good Health Veggie Straws Zesty Ranch","4.69","0.0","Market Basket","6.25 oz","6.25 oz","No Image.jpg","","0"
"33404","Condiments & Dressings","Pickled Goods & Olives","Pickles","Mt. Olive","Mt.Olive Kosher Dills Snice 1926","009300001809","Mt.Olive Kosher Dills Snice 1926","4.99","0.0","Market Basket","80 fl oz","80 fl oz","X3302.jpg","","2"
"32081","Breakfast & Dairy","Bars & Pastries","Breakfast Bars","Kellogg's ","Kellogg's NutriGrain Soft Baked Breakfast Bars Mixed Berry","038000355004","Kellogg's NutriGrain Soft Baked Breakfast Bars Mixed Berry","3.75","0.0","Market Basket","8 x 1.3 oz","8 x 1.3 oz","X3936.jpg","","5"
"5678","Chips, Cookies & Snacks","Candy & Chocolates","Mint & Gum","Trident","Trident Watermelon Twist Sugar Free Gum with Xylitol","","Trident Watermelon Twist Sugar Free Gum with Xylitol","2.49","0.0","Market Basket","3 x 18 ct","3 x 18 ct","1484.jpg","","3"
"7034","Cooking Needs","Baking & Cooking","Doughs, Gelatins & Bake Mixes","Royal","Royal Gelatin, Reduced Calorie, Sugar Free, Raspberry","","Royal Gelatin, Reduced Calorie, Sugar Free, Raspberry","0.49","0.0","Market Basket","0.32 oz","0.32 oz","2100.jpg","","8"
"3888","Fresh Produce","Fresh Vegetables","Mushroom","Market Basket","Oyster Mushroom","","Oyster Mushroom","3.55","0.0","Market Basket","1 each","1 each","14356.jpg","","20"
"7428","Cooking Needs","Canned Food","Canned & Jarred Vegetables","Del Monte","Del Monte Fresh Cut Golden Sweet No Salt Added Whole Kernel Corn","","Del Monte Fresh Cut Golden Sweet No Salt Added Whole Kernel Corn","0.99","0.0","Market Basket","8.75 oz","8.75 oz","5033.jpg","","9"
"13697","Breakfast & Dairy","Dairy & Eggs","Packaged Cheese","Kraft","Kraft Deli Deluxe 2% Milk Reduced Fat American Cheese Slices","","Kraft Deli Deluxe 2% Milk Reduced Fat American Cheese Slices","4.09","0.0","Market Basket","24 x 16 oz","24 x 16 oz","133.jpg","","1"
"32035","Breakfast & Dairy","Cereal","Cereal","Kashi","Kashi Go Wander Toasted Berry Crisp","018627703488","Kashi Go Wander Toasted Berry Crisp","3.75","0.0","Market Basket","14 oz","14 oz","X3709.jpg","","5"
"278","Kitchen & Cleaning","Dish Detergents","Dishwasher Detergent","Planet","Planet Dishwasher Detergent, Free & Clear, Automatic","","Planet Dishwasher Detergent, Free & Clear, Automatic","6.09","1.0","Market Basket","75 oz","75 oz","16850.jpg","","15"
"14844","Personal Care","Body Wash, Soap & Hair Care","Soap","Dr. Bronner's","Dr. Bronner's Magic Soaps All-One Hemp Lavender Pure-Castile Bar Soap","","Dr. Bronner's Magic Soaps All-One Hemp Lavender Pure-Castile Bar Soap","4.24","1.0","Market Basket","5 oz","5 oz","17715.jpg","","13"
"30393","Chips, Cookies & Snacks","Chips & Fruit Snacks","Fruit & Vegetable Snacks","Betty Crocker","Betty Crocker Marvel Avangers Fruit Flavored Snacks ","016000164451","Betty Crocker Marvel Avangers Fruit Flavored Snacks ","2.5","0.0","Market Basket","8 oz","8 oz","X5170.jpg","","19"
"13338","Breakfast & Dairy","Dairy & Eggs","Cream","Coffee-mate","Coffee mate The Original Liquid Coffee Creamer","","Coffee mate The Original Liquid Coffee Creamer","6.99","0.0","Market Basket","64 fl oz","64 fl oz","556.jpg","","1"
"34582","Beverages & Juices","Tea, Coffee, Milk & Coconut Water","Tea","Snapple","Snapple All Natural Green Tea","076183260807","Snapple All Natural Green Tea","7.49","0.0","Market Basket","6 x 16 fl oz","6 x 16 fl oz","X3000.jpg","","10"
"8149","Cooking Needs","Canned Food","Soup, Broth & Bouillon","Wolfgang Puck","Wolfgang Puck Tomato Basil Bisque Organic Soup","","Wolfgang Puck Tomato Basil Bisque Organic Soup","3.49","0.0","Market Basket","14.5 oz","14.5 oz","17255.jpg","","2"
"5296","Chips, Cookies & Snacks","Cookies & Crackers","Crackers","Ritz","Ritz Crisp & Thins 50% Less Fat Original With Creamy Onion & Sea Salt","","Ritz Crisp & Thins 50% Less Fat Original With Creamy Onion & Sea Salt","3.91","0.0","Market Basket","7.1 oz","7.1 oz","No Image.jpg","","6"
"13309","Breakfast & Dairy","Dairy & Eggs","Butter","Market Basket","Santa Barbara Mango Peach Medium Salsa","","Santa Barbara Mango Peach Medium Salsa","3.09","0.0","Market Basket","24 oz","24 oz","14777.jpg","","1"
"4209","Meat & Seafood","Packaged Meat & Seafood","Chicken Breast","Perdue","Perdue Carved Chicken BreastSouthwestern Style","","Perdue Carved Chicken BreastSouthwestern Style","3.69","0.0","Market Basket","0.56 lb","0.56 lb","4107.jpg","","22"
"6543","Chips, Cookies & Snacks","Nuts, Seeds & Dried Fruit","Nuts, Seeds & Dried Fruit","StoneRidge Orchards","StoneRidge Organic Blueberries","","StoneRidge Organic Blueberries","3.13","0.0","Market Basket","4 oz","4 oz","No Image.jpg","","6"
"13659","Breakfast & Dairy","Dairy & Eggs","Packaged Cheese","Cracker Barrel","Cracker Barrel Cracker Cuts Sharp White Cheddar Cheese","","Cracker Barrel Cracker Cuts Sharp White Cheddar Cheese","3.69","0.0","Market Basket","24 x 7 oz","24 x 7 oz","183.jpg","","1"
"13785","Breakfast & Dairy","Dairy & Eggs","Packaged Cheese","Olympus","Olympus Greek Feta Cheese In Brine","","Olympus Greek Feta Cheese In Brine","7.39","0.0","Market Basket","14.1 oz","14.1 oz","14600.jpg","","1"
"32785","Beverages & Juices","Juices & Refrigerated Drinks","Refrigerated Drinks","Market Basket","Market Basket 70% Vitamin C 100% Juice PINEAPPLE ORANGE A BLEND OF 3 JUICES from Concentrate PASTEURIZED","","Market Basket 70% Vitamin C 100% Juice PINEAPPLE ORANGE A BLEND OF 3 JUICES from Concentrate PASTEURIZED","2.49","0.0","Market Basket","59 fl oz","59 fl oz","X590.jpg","","1"
"33808","Breakfast & Dairy","Breads & Rolls","Bread","Panera Bread","Panera Bread Honey Wheat Bread","835841006900","Panera Bread Honey Wheat Bread","4.36","0.0","Market Basket","20 oz","20 oz","X2566.jpg","","18"
"9997","Frozen Food","Ice Cream & Ice","Ice Cream & Ice","Brigham's Ice Cream","Brigham's Ice Cream Vanilla","","Brigham's Ice Cream Vanilla","4.79","0.0","Market Basket","1 quart","1 quart","16127.jpg","","21"
"8653","Condiments & Dressings","Pickled Goods & Olives","Pickled Goods & Olives","Mrs. Renfro's","Mrs. Renfro's Jalapeno Peppers Nacho Sliced","","Mrs. Renfro's Jalapeno Peppers Nacho Sliced","3.69","0.0","Market Basket","16 oz","16 oz","15531.jpg","","2"
"30041","Meat & Seafood","Hot Dogs, Bacon & Sausage","Sausage","Alfresco","Alfresco all natural SWEET ITALIAN STYLE With red and green peppers  CHICKEN SAUSAGE","","Alfresco all natural SWEET ITALIAN STYLE With red and green peppers  CHICKEN SAUSAGE","4.99","0.0","Market Basket","13 oz","13 oz","X19.jpg","","1"
"33428","Beverages & Juices","Juices & Refrigerated Drinks","Juice & Nectars","Nantucket Nectars","Nantucket Nectars Big Cranberry","726284000122","Nantucket Nectars Big Cranberry","1.86","0.0","Market Basket","16 fl oz","16 fl oz","X3013.jpg","","10"
"12703","Breakfast & Dairy","Breads & Rolls","Bread","Market Basket","Ciabatta","","Ciabatta","4.39","0.0","Market Basket","15 oz","15 oz","Market Basket.jpg","","18"
"13950","Breakfast & Dairy","Dairy & Eggs","Specialty Cheeses","Market Basket","Market Basket Brie Cheese","","Market Basket Brie Cheese","7.39","0.0","Market Basket","1 lb","1 lb","Market Basket.jpg","","1"
"34438","Breakfast & Dairy","Bars & Pastries","Breakfast Bars","RX","RXBAR Blueberry","858030008431","RXBAR Blueberry","11.24","0.0","Market Basket","5 x 1.83 oz","5 x 1.83 oz","X3891.jpg","","5"
"4155","Meat & Seafood","Meat & Seafood Counter","Ham","Market Basket","Market Basket Smoked Virginia Ham","","Market Basket Smoked Virginia Ham","4.99","0.0","Market Basket","1 lb","1 lb","Market Basket.jpg","","22"
"7429","Cooking Needs","Canned Food","Canned & Jarred Vegetables","Del Monte","Del Monte Fresh Cut Sliced Carrots","","Del Monte Fresh Cut Sliced Carrots","0.99","0.0","Market Basket","8.25 oz","8.25 oz","5026.jpg","","9"
"7633","Cooking Needs","Canned Food","Canned Fruit & Applesauce","Dole","Dole Pineapple Slices in 100% Pineapple Juice","","Dole Pineapple Slices in 100% Pineapple Juice","0.99","0.0","Market Basket","8 oz","8 oz","4934.jpg","","3"
"6997","Cooking Needs","Baking & Cooking","Doughs, Gelatins & Bake Mixes","Krusteaz","Krusteaz Gluten Free Double Chocolate Brownie Mix","","Krusteaz Gluten Free Double Chocolate Brownie Mix","3.69","0.0","Market Basket","1.25 lb","1.25 lb","2117.jpg","","8"
"9247","Frozen Food","Frozen Breakfast","Frozen Breakfast","Glutino","Glutino Gluten Free Original English Muffins","","Glutino Gluten Free Original English Muffins","6.09","0.0","Market Basket","16.9 oz","16.9 oz","15800.jpg","","20"
"12836","Breakfast & Dairy","Breads & Rolls","Croissant","Market Basket","Market Basket Mini Croissants","","Market Basket Mini Croissants","4.39","0.0","Market Basket","13.23 oz","13.23 oz","Market Basket.jpg","","0"
"7005","Cooking Needs","Baking & Cooking","Doughs, Gelatins & Bake Mixes","McCormick","McCormick Gluten Free Turkey Gravy Mix","","McCormick Gluten Free Turkey Gravy Mix","0.99","0.0","Market Basket","0.88 oz","0.88 oz","15613.jpg","","9"
"30735","Cooking Needs","Canned Food","Baked Beans","Bush's","Bush's Best Since 1908 Honey Sweet  Brown Sugar Hickory Baked Beans","","Bush's Best Since 1908 Honey Sweet  Brown Sugar Hickory Baked Beans","3.0","0.0","Market Basket","16 oz","16 oz","X1830.jpg","","2"
"10095","Frozen Food","Ice Cream & Ice","Ice Cream & Ice","Hood","Hood Ice Cream Cookies 'n Cream","","Hood Ice Cream Cookies 'n Cream","3.69","0.0","Market Basket","1.5 quart","1.5 quart","3092.jpg","","21"
"10236","Frozen Food","Ice Cream & Ice","Ice Cream & Ice","Talenti","Talenti Gelato Sea Salt Caramel","","Talenti Gelato Sea Salt Caramel","4.89","0.0","Market Basket","16 fl oz","16 fl oz","3175.jpg","","21"
"35309","Richardson's Farm Ice Cream","Ice Cream","Maple Walnut","Richarson's Farm","Richarson's Farm Maple Walnut Ice Cream 16% Butterfat","","Pure maple ice cream with walnuts","7.99","0.0","Richardson's Farm","1-2 Gal. Container","1-2 Gal. Container","RichardsonsFarm.jpg","",""
"32769","Beverages & Juices","Juices & Refrigerated Drinks","Juice & Nectars","Market Basket","Market Basket Light Cranberry Juice Cocktail from Concentrate","049705057803","Market Basket Light Cranberry Juice Cocktail from Concentrate","2.5","0.0","Market Basket","64 fl oz","64 fl oz","X2807.jpg","","10"
"32632","Cooking Needs","Rice & Grains","Grains, Rice & Dried Goods","Lundberg Family Farms","LundBerg Traditional Italian Risotto Creamy Permesan Gluten Free Sustainable","073416020016","LundBerg Traditional Italian Risotto Creamy Permesan Gluten Free Sustainable","3.75","0.0","Market Basket","5.5 oz","5.5 oz","X1069.jpg","","4"
"13758","Breakfast & Dairy","Dairy & Eggs","Packaged Cheese","Market Basket","Market Basket Shredded Cheddar Jack Cheese","","Market Basket Shredded Cheddar Jack Cheese","2.49","0.0","Market Basket","8 oz","8 oz","Market Basket.jpg","","1"
"5017","Chips, Cookies & Snacks","Chips & Fruit Snacks","Chips & Pretzels","Utz","Utz Pork Rinds Chicharrones Original","","Utz Pork Rinds Chicharrones Original","3.11","0.0","Market Basket","5 oz","5 oz","No Image.jpg","","0"
"32700","Breakfast & Dairy","Pancake & Waffle Mix","Pancake & Waffle Mix","Maple Grove Farms","Maple Grove Farms Blueberry Pancake and Waffle Mix","074683000077","Maple Grove Farms Blueberry Pancake and Waffle Mix","4.99","0.0","Market Basket","24 oz","24 oz","X3169.jpg","","2"
"7029","Cooking Needs","Baking & Cooking","Doughs, Gelatins & Bake Mixes","Royal","Royal Gelatin","","Royal Gelatin","0.89","0.0","Market Basket","1.4 oz","1.4 oz","2101.jpg","","8"
"30937","Breakfast & Dairy","Dairy & Eggs","Yogurt","Chobani","Chobani PB&J Strawberry Greek Yogurt With Peanut Butter ","","Chobani PB&J Strawberry Greek Yogurt With Peanut Butter ","4.36","0.0","Market Basket","5.3 oz","5.3 oz","X144.jpg","","1"
"30167","Meat & Seafood","Hot Dogs, Bacon & Sausage","Bacon","Applegate ","Applegate Hickory Smoked Uncured Turkey Bacon ","","Applegate Hickory Smoked Uncured Turkey Bacon ","8.49","0.0","Market Basket","8 oz","8 oz","X4462.jpg","","1"
"33650","Beverages & Juices","Juices & Refrigerated Drinks","Juice & Nectars","Ocean Spray","Ocean Spray Diet 5 Cranberry with Lime","031200200426","Ocean Spray Diet 5 Cranberry with Lime","3.74","0.0","Market Basket","64 fl oz","64 fl oz","X2816.jpg","","10"
"13616","Breakfast & Dairy","Dairy & Eggs","Packaged Cheese","Apple Smoked","Apple Smoked Cheese Apple Smoked Gruyere Cheese","","Apple Smoked Cheese Apple Smoked Gruyere Cheese","4.89","0.0","Market Basket","8 oz","8 oz","14584.jpg","","1"
"15068","Personal Care","Personal Needs","Eye & Ear Care","Bausch & Lomb","Bausch & Lomb Multi Purpose Solution","","Bausch & Lomb Multi Purpose Solution","15.51","1.0","Market Basket","10 fl oz","10 fl oz","6479.jpg","","13"
"6613","Beverages & Juices","Juices & Refrigerated Drinks","Refrigerated Drinks","Monster","Odwalla Strawberry C Monster Strawberry Juice","","Odwalla Strawberry C Monster Strawberry Juice","3.59","0.0","Market Basket","15.2 oz","15.2 oz","3797.jpg","","20"
"397","Laundry & Paper Goods","Laundry","Laundry Detergent","Tide","Tide Original Scent Liquid Plus Bleach Alternative Original Scent Liquid Laundry Detergent Plus Bleach Alternative","","Tide Original Scent Liquid Plus Bleach Alternative Original Scent Liquid Laundry Detergent Plus Bleach Alternative","22.49","1.0","Market Basket","138 oz","138 oz","4527.jpg","","15"
"5227","Chips, Cookies & Snacks","Cookies & Crackers","Crackers","Nabisco","Nabisco Wheat Thins Crackers, Reduced Fat","","Nabisco Wheat Thins Crackers, Reduced Fat","4.69","0.0","Market Basket","14.5 oz","14.5 oz","1211.jpg","","6"
"85","Kitchen & Cleaning","Air Fresheners & Candles","Scented Oil Refill","Glade","Glade PlugIns Scented Oil Refills Lavender & Vanilla","","Glade PlugIns Scented Oil Refills Lavender & Vanilla","6.09","1.0","Market Basket","2 x 1.34 fl oz","2 x 1.34 fl oz","4222.jpg","","15"
"32540","Frozen Food","Frozen Breakfast","Frozen Breakfast","Lender's ","Lender's Egg ","076800000120","Lender's Egg ","1.74","0.0","Market Basket","1 count","1 count","X5091.jpg","","19"
"13792","Breakfast & Dairy","Dairy & Eggs","Packaged Cheese","President","President Feta Crumbles","","President Feta Crumbles","4.89","0.0","Market Basket","12 oz","12 oz","14594.jpg","","1"
"8726","Condiments & Dressings","Preserved Dips & Spreads","Preserved Dips & Salsa","Easy Cheese","Easy Cheese Cheddar Cheese Snack","","Easy Cheese Cheddar Cheese Snack","4.39","0.0","Market Basket","8 oz","8 oz","15608.jpg","","1"
"30697","Meat & Seafood","Packaged Meat & Seafood","Chicken","Buddig","Buddig Smoked, Chopped,Pressed Chicken ","","Buddig Smoked, Chopped,Pressed Chicken ","0.8","0.0","Market Basket","2 oz","2 oz","X4510.jpg","","1"
"445","Kitchen & Cleaning","Trash Bags & Liners","Tall Trash Bags","Hefty","Hefty Tall Kitchen Drawstring Bags Mega Pack Kitchen Bags","","Hefty Tall Kitchen Drawstring Bags Mega Pack Kitchen Bags","14.09","1.0","Market Basket","90 x 1 gal","90 x 1 gal","4685.jpg","","12"
"32471","Beverages & Juices","Juices & Refrigerated Drinks","Juice & Nectars","Langers","Langers Cucumber Lime with Mint Juice Cocktail from Concentrate","041755002208","Langers Cucumber Lime with Mint Juice Cocktail from Concentrate","3.13","0.0","Market Basket","64 fl oz","64 fl oz","X2802.jpg","","10"
"9995","Frozen Food","Ice Cream & Ice","Ice Cream & Ice","Brigham's Ice Cream","Brigham's Ice Cream Strawberry","","Brigham's Ice Cream Strawberry","3.69","0.0","Market Basket","1 quart","1 quart","16192.jpg","","21"
"3438","Fresh Produce","Fresh Fruits","Apple","Market Basket","Red Delicious Apples","","Red Delicious Apples","1.64","0.0","Market Basket","1 lb","1 lb","f15.jpg","","20"
"31496","Breakfast & Dairy","Cereal","Cup Cereal","General Mills","General Mills Honey Nut Cheerios","016000141551","General Mills Honey Nut Cheerios","1.25","0.0","Market Basket","1.8 oz","1.8 oz","X3642.jpg","","5"
"30930","Breakfast & Dairy","Dairy & Eggs","Yogurt","Chobani","Chobani Greek Yogurt Strawberry Banana On The Bottom 4 Value Pack ","","Chobani Greek Yogurt Strawberry Banana On The Bottom 4 Value Pack ","4.36","0.0","Market Basket","4 x 5.3 oz","4 x 5.3 oz","X137.jpg","","1"
"412","Laundry & Paper Goods","Paper Goods","Bathroom Tissues / Toilet Paper","Scott","Scott Unscented Bathroom Tissue","","Scott Unscented Bathroom Tissue","7.49","1.0","Market Basket","12 count","12 count","No Image.jpg","","14"
"3702","Fresh Produce","Fresh Fruits","Pear","Market Basket","Bartlett Pear","","Bartlett Pear","0.98","0.0","Market Basket","1 count","1 count","14211.jpg","","20"
"4867","Chips, Cookies & Snacks","Chips & Fruit Snacks","Chips & Pretzels","Lay's","Lay'S Kettle Cooked Reduced Fat Original Potato Chips","","Lay'S Kettle Cooked Reduced Fat Original Potato Chips","5.45","0.0","Market Basket","8 oz","8 oz","891.jpg","","0"
"31663","Frozen Food","Frozen Dinners & Entrees","Frozen Meal","Healthy Choice","Healthy Choice Beef & Red Chili Sauce","072655820029","Healthy Choice Beef & Red Chili Sauce","3.74","0.0","Market Basket","9 oz","9 oz","X4077.jpg","","18"
"30512","Breakfast & Dairy","Granola & Oats","Oats","Bob's Red Mill","Bob's Red Mill Scottish Oatmeal Stone Ground Whole Grain ","039978013729","Bob's Red Mill Scottish Oatmeal Stone Ground Whole Grain ","6.24","0.0","Market Basket","20 oz","20 oz","X5220.jpg","","3"
"13292","Breakfast & Dairy","Dairy & Eggs","Butter","I Can't Believe It's Not Butter","I Can't Believe It's Not Butter Buttery Spread Original","","I Can't Believe It's Not Butter Buttery Spread Original","7.39","0.0","Market Basket","45 oz","45 oz","635.jpg","","1"
"14443","Breakfast & Dairy","Tea & Coffee","Coffee","New England Coffee","New England Coffee Decaffeinated Breakfast Blend Ground Coffee","","New England Coffee Decaffeinated Breakfast Blend Ground Coffee","7.39","0.0","Market Basket","10 oz","10 oz","3367.jpg","","8"
"30703","Meat & Seafood","Packaged Meat & Seafood","Turkey","Buddig","Buddig Honey Turkey Breast ","","Buddig Honey Turkey Breast ","4.99","0.0","Market Basket","16 oz","16 oz","X4526.jpg","","1"
"3861","Fresh Produce","Fresh Vegetables","Hot Pepper","Market Basket","Jalapeno Hot Peppers","","Jalapeno Hot Peppers","3.29","0.0","Market Basket","1 lb","1 lb","f201.jpg","","20"
"31938","Frozen Food","Frozen Breakfast","Frozen Breakfast","JimmyDean","JimmyDean Bacon","077900471315","JimmyDean Bacon","3.49","0.0","Market Basket","7 oz","7 oz","X4980.jpg","","19"
"32114","Breakfast & Dairy","Cereal","Cereal","Kellogg's ","Kellogg's Special K Chocolate Delight Family Size","038000143632","Kellogg's Special K Chocolate Delight Family Size","4.99","0.0","Market Basket","18.5 oz","18.5 oz","X3356.jpg","","5"
"5357","Chips, Cookies & Snacks","Cookies & Crackers","Crackers","Nabisco","Nabisco Barnum's Animals Crackers 12 Packs","","Nabisco Barnum's Animals Crackers 12 Packs","6.23","0.0","Market Basket","12 x 1 oz","12 x 1 oz","No Image.jpg","","6"
"34541","Richardson's Farm Ice Cream","Ice Cream Toppings","Ice Cream Toppings","Smucker's","Smucker's Butterscotch Flavored Topping ","051500000205","Smucker's Butterscotch Flavored Topping ","2.5","0.0","Market Basket","12.25 oz","12.25 oz","X5132.jpg","","20"
"5966","Beverages & Juices","Cocoa & Drink Mixes","Cocoa & Drink Mixes","Lipton","Lipton Iced Tea Lemon","","Lipton Iced Tea Lemon","4.99","0.0","Market Basket","23.6 oz","23.6 oz","No Image.jpg","","17"
"5398","Chips, Cookies & Snacks","Cookies & Crackers","Crackers","Back to Nature","Back to Nature Classic Creme Cookies","","Back to Nature Classic Creme Cookies","6.23","0.0","Market Basket","12 oz","12 oz","No Image.jpg","","6"
"14463","Breakfast & Dairy","Tea & Coffee","Coffee","Peet's Coffee","Peet's Coffee House Blend Dark Roast Ground Coffee","","Peet's Coffee House Blend Dark Roast Ground Coffee","10.99","0.0","Market Basket","12 oz","12 oz","3325.jpg","","8"
"34170","Pasta & Sauces","Raw Pasta","Raw Pasta","Prince","Prince Pasta Ziti Rigati","041129010211","Prince Pasta Ziti Rigati","1.56","0.0","Market Basket","16 oz","16 oz","X1660.jpg","","4"
"30026","Pasta & Sauces","Raw Pasta","Raw Pasta","Alessi","Alessi Organic Italian Pasta Linguine","071072001219","Alessi Organic Italian Pasta Linguine","3.74","0.0","Market Basket","16 oz","16 oz","X1562.jpg","","4"
"30206","Breakfast & Dairy","Breads & Rolls","Sandwich Thins","Arnold","Arnold Sandwich Thins 100% Whole Wheat Flax and Fiber","073410955819","Arnold Sandwich Thins 100% Whole Wheat Flax and Fiber","5.36","0.0","Market Basket","12 oz","12 oz","X2490.jpg","","18"
"14701","Personal Care","Body Wash, Soap & Hair Care","Body Wash","Market Basket","Market Basket Deep Moisturizing Body Wash","","Market Basket Deep Moisturizing Body Wash","5.28","1.0","Market Basket","24 oz","24 oz","Market Basket.jpg","","13"
"7603","Cooking Needs","Canned Food","Canned & Jarred Vegetables","Sun","Sun Luck Stir Fry Baby Corn","","Sun Luck Stir Fry Baby Corn","3.49","0.0","Market Basket","15 oz","15 oz","17113.jpg","","3"
"7236","Cooking Needs","Spices & Seasonings","Spices & Seasonings","Litehouse","Litehouse Freeze Dried Dill","","Litehouse Freeze Dried Dill","4.09","0.0","Market Basket","0.35 oz","0.35 oz","2282.jpg","","9"
"5765","Breakfast & Dairy","Bars & Pastries","Protien Bars","Luna","Luna Whole Nutrition Bar Lemonzest","","Luna Whole Nutrition Bar Lemonzest","1.25","0.0","Market Basket","1.7 oz","1.7 oz","1290.jpg","","3"
"10062","Frozen Food","Ice Cream & Ice","Ice Cream & Ice","Haagen-dazs","Haagen dazs Chocolate Chip Cookie Dough Ice Cream","","Haagen dazs Chocolate Chip Cookie Dough Ice Cream","4.29","0.0","Market Basket","1 pint","1 pint","3086.jpg","","21"
"30940","Breakfast & Dairy","Dairy & Eggs","Yogurt","Chobani","Chobani Greek Yogurt Vanilla Blended ","","Chobani Greek Yogurt Vanilla Blended ","6.24","0.0","Market Basket","32 oz","32 oz","X147.jpg","","1"
"3914","Fresh Produce","Fresh Vegetables","Pearl Onion","Auerpak","Auerpak White Pearl Onions","","Auerpak White Pearl Onions","3.21","0.0","Market Basket","1 bag","1 bag","33.jpg","","20"
"32164","Frozen Food","Frozen Breakfast","Frozen Waffles","Kellogg's ","Kellogg's Mermaid Waffles Blue Raspberry ","038000239380","Kellogg's Mermaid Waffles Blue Raspberry ","3.74","0.0","Market Basket","11.60 oz","11.60 oz","X5031.jpg","","19"
"8748","Condiments & Dressings","Preserved Dips & Spreads","Preserved Dips & Salsa","Market Basket","All Natural Salsa Con Queso","","All Natural Salsa Con Queso","3.79","0.0","Market Basket","16 oz","16 oz","15585.jpg","","1"
"7035","Cooking Needs","Baking & Cooking","Doughs, Gelatins & Bake Mixes","Royal","Royal Gelatin, Strawberry","","Royal Gelatin, Strawberry","0.49","0.0","Market Basket","1.4 oz","1.4 oz","2105.jpg","","8"
"30004","Condiments & Dressings","Marinades, Ketchup & Sauces","Sauces","A1","A1 est 1862 Original Sauce Shake Well See Nutrition Information","054400000054","A1 est 1862 Original Sauce Shake Well See Nutrition Information","4.99","0.0","Market Basket","10 oz","10 oz","X2102.jpg","","2"
"33245","Cooking Needs","Oils & Vinegars","Oils & Vinegars","Mazola","Mazola Canola Oil Cholosterol Free 100% Pure ","761720987506","Mazola Canola Oil Cholosterol Free 100% Pure ","5.24","0.0","Market Basket","40 fl oz","40 fl oz","X1922.jpg","","2"
"34631","Breakfast & Dairy","Dairy & Eggs","Yogurt","Stonyfield","Stonyfield Organic Probiotic Yogurt Banilla Whole milk ","","Stonyfield Organic Probiotic Yogurt Banilla Whole milk ","4.99","0.0","Market Basket","32 oz","32 oz","X804.jpg","","1"
"213","Kitchen & Cleaning","Cleaning Products","Toilet Bowl Cleaner","Clorox","Clorox Bleach & Blue Automatic Toilet Bowl Cleaner Rain Clean - 2 CT","","Clorox Bleach & Blue Automatic Toilet Bowl Cleaner Rain Clean - 2 CT","6.69","1.0","Market Basket","1 count","1 count","4263.jpg","","15"
"3966","Fresh Produce","Fresh Vegetables","Root Vege/ Turnip","Market Basket","Purple top Turnip","","Purple top Turnip","1.09","0.0","Market Basket","1 lb","1 lb","f273.jpg","","20"
"34404","Condiments & Dressings","Pickled Goods & Olives","Peppers","Rao's","Roa's Homemade Roasted Peppers With Raisins & Pine Nuts ","747479000024","Roa's Homemade Roasted Peppers With Raisins & Pine Nuts ","7.49","0.0","Market Basket","10 oz","10 oz","X3250.jpg","","2"
"34786","Frozen Food","Frozen Dinners & Entrees","Frozen Meal","TAI & PEI","TAI & PEI Chicken Chow Mein Noodles","070077811243","TAI & PEI Chicken Chow Mein Noodles","2.99","0.0","Market Basket","10 oz","10 oz","X3979.jpg","","18"
"4326","Meat & Seafood","Meat & Seafood Counter","Pork","Market Basket","Market Basket Whole Center Cut Boneless Pork Loin","","Market Basket Whole Center Cut Boneless Pork Loin","4.76","0.0","Market Basket","Approx: 1.77 lb at $2.69/lb","Approx: 1.77 lb at $2.69/lb","Market Basket.jpg","","22"
"10048","Frozen Food","Ice Cream & Ice","Ice Cream & Ice","Friendly's","Friendly's Premium Ice Cream Rich & Creamy Strawberry","","Friendly's Premium Ice Cream Rich & Creamy Strawberry","3.69","0.0","Market Basket","1.5 quart","1.5 quart","3050.jpg","","21"
"31726","Meat & Seafood","Packaged Meat & Seafood","Beef","Hillshire Farm ","Hillshire Farm Ultra Thin Roast Beef ","","Hillshire Farm Ultra Thin Roast Beef ","4.99","0.0","Market Basket","7 oz","7 oz","X4536.jpg","","1"
"30242","Beverages & Juices","Energy & Sports Drinks","Energy & Sports Drinks","Bai","Bai Antioxidant Cocofusion Puna Coconut Pineapple","813694023466","Bai Antioxidant Cocofusion Puna Coconut Pineapple","2.5","0.0","Market Basket","18 fl oz","18 fl oz","X2740.jpg","","10"
"32593","Beverages & Juices","Tea, Coffee, Milk & Coconut Water","Tea","Lipton","Lipton Iced Tea Peach","012000112249","Lipton Iced Tea Peach","6.24","0.0","Market Basket","12 x 16.9 fl oz","12 x 16.9 fl oz","X3028.jpg","","10"
"10422","Cooking Needs","Canned Food","Canned Food","Goya","Goya Red Kidney Beans","","Goya Red Kidney Beans","0.99","0.0","Market Basket","15.5 oz","15.5 oz","5804.jpg","","7"
"14357","Breakfast & Dairy","Tea & Coffee","Coffee","Dunkin' Donuts","Dunkin' Donuts K Cup Pods Medium Roast Coffee Original Blend","","Dunkin' Donuts K Cup Pods Medium Roast Coffee Original Blend","7.39","0.0","Market Basket","10 x 0.37 oz","10 x 0.37 oz","3375.jpg","","8"
"33994","Breakfast & Dairy","Breads & Rolls","Buns","Pepperidge Farm","Pepperidge Farm 12 Golden Potato Slider Buns","014100043379","Pepperidge Farm 12 Golden Potato Slider Buns","4.36","0.0","Market Basket","15 oz","15 oz","X2510.jpg","","18"
"133","Kitchen & Cleaning","Cleaning Products","Mop","Libman","Libman Tornado Mop","","Libman Tornado Mop","18.29","1.0","Market Basket","1 count","1 count","4320.jpg","","15"
"3938","Fresh Produce","Fresh Vegetables","Pepper","Mighty Minis","Mighty Minis Mini Peppers, Sweet","","Mighty Minis Mini Peppers, Sweet","6.99","0.0","Market Basket","1 lb","1 lb","14340.jpg","","20"
"33912","Cooking Needs","Oils & Vinegars","Oils & Vinegars","Pastene","Pastene Unfiltered Apple Cider Vinegar Organic With The Mother","","Pastene Unfiltered Apple Cider Vinegar Organic With The Mother","4.99","0.0","Market Basket","16.9 fl oz","16.9 fl oz","X1794.jpg","","2"
"6111","Beverages & Juices","Soft Drinks & Seltzers","Soft Drinks","Crush","Crush Orange Soda Can","","Crush Orange Soda Can","4.38","0.0","Market Basket","6 x 7.5 fl oz","6 x 7.5 fl oz","No Image.jpg","","17"
"34713","Condiments & Dressings","Preserved Dips & Spreads","Spreads","Sun Butter ","Sun Butter Nutural Crunch Sunflower ","","Sun Butter Nutural Crunch Sunflower ","7.49","0.0","Market Basket","16 oz","16 oz","X817.jpg","","3"
"34013","Meat & Seafood","Packaged Meat & Seafood","Sausage","Perdue","Perdue Hardwood Smoked Chicken Sausage Italian ","","Perdue Hardwood Smoked Chicken Sausage Italian ","4.99","0.0","Market Basket","12 oz","12 oz","X4639.jpg","","1"
"14622","Breakfast & Dairy","Tea & Coffee","Tea","Traditional Medicinals","Traditional Medicinals Laxative Teas Organic Smooth Move Chamomile Tea Bags","","Traditional Medicinals Laxative Teas Organic Smooth Move Chamomile Tea Bags","4.89","0.0","Market Basket","16 count","16 count","3501.jpg","","8"
"34053","Chips, Cookies & Snacks","Chips & Fruit Snacks","Popcorn","Pop Secret ","Pop Secret Home Style Butter ","023896246901","Pop Secret Home Style Butter ","4.74","0.0","Market Basket","19.2 oz","19.2 oz","X4957.jpg","","19"
"631","Laundry & Paper Goods","Paper Goods","Wipes","Market Basket","Market Basket Fragrance Free Cleansing Wipes 36 wipes","","Market Basket Fragrance Free Cleansing Wipes 36 wipes","1.49","1.0","Market Basket","1 unit","1 unit","Market Basket.jpg","","14"
"30770","Cooking Needs","Oils & Vinegars","Oils & Vinegars","California Olive Ranch","California 100% Olive Ranch Extra Virgin Olive Oil Cold Pressed","850687110505","California 100% Olive Ranch Extra Virgin Olive Oil Cold Pressed","13.74","0.0","Market Basket","16.9 fl oz","16.9 fl oz","X2014.jpg","","2"
"34366","Richardson's Farm Ice Cream","Ice Cream Toppings","Ice Cream Toppings","Reese's","Reese's Peanut Butter Topping ","03408706","Reese's Peanut Butter Topping ","2.99","0.0","Market Basket","7 oz","7 oz","X5121.jpg","","20"
"32751","Frozen Food","Frozen Dinners & Entrees","Frozen Meal","Marie Callender's","Marie Callender's Kansas City Style Pulled Pork Mac & Cheese Bowl","021131000219","Marie Callender's Kansas City Style Pulled Pork Mac & Cheese Bowl","3.13","0.0","Market Basket","11 oz","11 oz","X4058.jpg","","18"
"32443","Frozen Food","Frozen Fruit & Juice","Frozen Fruit","La Fe","La Fe Guanabana","023545002575","La Fe Guanabana","1.99","0.0","Market Basket","14 oz","14 oz","X4406.jpg","","18"
"31561","Beverages & Juices","Juices & Refrigerated Drinks","Refrigerated Drinks","Goodbelly","GOODBELLY PROBIOTIC DAIRY-FREE SHOTS Mango FLAVOR Juice Drink","","GOODBELLY PROBIOTIC DAIRY-FREE SHOTS Mango FLAVOR Juice Drink","4.99","0.0","Market Basket","10.8 fl oz","10.8 fl oz","X306.jpg","","1"
"30712","Frozen Food","Frozen Pasta","Frozen Pasta","Buitoni ","Buitoni Four Cheese Ravioli Frozen Pasta","","Buitoni Four Cheese Ravioli Frozen Pasta","7.48","0.0","Market Basket","20 oz","20 oz","X4677.jpg","","1"
"35101","Chips, Cookies & Snacks","Chips & Fruit Snacks","Fruit & Vegetable Snacks","Welch's","Welch's Island Fruits Fruit Snacks ","034856028819","Welch's Island Fruits Fruit Snacks ","2.5","0.0","Market Basket","9 oz","9 oz","X5156.jpg","","19"
"4813","Chips, Cookies & Snacks","Chips & Fruit Snacks","Chips & Pretzels","Bachman","Bachman Rolled Rods Flame Baked Pretzels","","Bachman Rolled Rods Flame Baked Pretzels","3.91","0.0","Market Basket","10 oz","10 oz","14905.jpg","","0"
"5244","Chips, Cookies & Snacks","Chips & Fruit Snacks","Chips & Pretzels","LATE JULY","LATE JULY Sea Salt Multigrain Tortilla Chips Organic","","LATE JULY Sea Salt Multigrain Tortilla Chips Organic","4.67","0.0","Market Basket","6 oz","6 oz","No Image.jpg","","0"
"7873","Cooking Needs","Canned Food","Canned Meat & Seafood","Pastene","Pastene Sardines Boneless, Skinless In Olive Oil","","Pastene Sardines Boneless, Skinless In Olive Oil","3.09","0.0","Market Basket","4.38 oz","4.38 oz","17166.jpg","","2"
"8053","Cooking Needs","Canned Food","Soup, Broth & Bouillon","Market Basket","Market Basket Noodle Soup With Real Chicken Broth","","Market Basket Noodle Soup With Real Chicken Broth","0.89","0.0","Market Basket","4 oz","4 oz","Market Basket.jpg","","2"
"6858","Cooking Needs","Baking & Cooking","Baking Ingredients","Hershey's","Hershey's Chocolate Syrup","","Hershey's Chocolate Syrup","2.09","0.0","Market Basket","16 oz","16 oz","15675.jpg","","8"
"6861","Cooking Needs","Baking & Cooking","Baking Ingredients","Hershey's","Hershey's Semi Sweet Chocolate Chips","","Hershey's Semi Sweet Chocolate Chips","3.49","0.0","Market Basket","12 oz","12 oz","2374.jpg","","8"
"3570","Fresh Produce","Fresh Vegetables","Carrot","Market Basket","Carrot","","Carrot","1.52","0.0","Market Basket","1 count","1 count","14329.jpg","","20"
"30631","Frozen Food","Frozen Dinners & Entrees","Frozen Meal","Boston Market","Boston Market Chicken Fettuccine Alfredo","738912025292","Boston Market Chicken Fettuccine Alfredo","3.36","0.0","Market Basket","13 oz","13 oz","X4138.jpg","","18"
"33292","Frozen Food","Frozen Dinners & Entrees","Frozen Appetizers & Sides","Michelina's","Michelina's Lean Gourmet Buffalo-Style Chicken Snackers","717854106559","Michelina's Lean Gourmet Buffalo-Style Chicken Snackers","1.25","0.0","Market Basket","4.5 oz","4.5 oz","X4116.jpg","","18"
"7270","Cooking Needs","Spices & Seasonings","Spices & Seasonings","McCormick","McCormick Fajitas Seasoning Mix","","McCormick Fajitas Seasoning Mix","0.99","0.0","Market Basket","1.12 oz","1.12 oz","2137.jpg","","9"
"7754","Cooking Needs","Canned Food","Canned Meals & Beans","Goya","Goya Pinto Beans","","Goya Pinto Beans","1.09","0.0","Market Basket","15.5 oz","15.5 oz","5117.jpg","","7"
"8366","Condiments & Dressings","Honey, Syrup & Nectars","Syrup","Hershey's","Hershey's Special Dark Mildly Sweet Chocolate Syrup","","Hershey's Special Dark Mildly Sweet Chocolate Syrup","2.79","0.0","Market Basket","22 oz","22 oz","1594.jpg","","3"
"34683","Beverages & Juices","Tea, Coffee, Milk & Coconut Water","Tea","Straight Up Tea","Straight Up Tea Sorta Sweet","076183002483","Straight Up Tea Sorta Sweet","7.49","0.0","Market Basket","6 x 18.5 fl oz","6 x 18.5 fl oz","X2965.jpg","","10"
"31092","Breakfast & Dairy","Dairy & Eggs","Yogurt","Dannon","Dannon Light & Fit Original Peach Naturally & Artifically Flavored 4 Pack ","","Dannon Light & Fit Original Peach Naturally & Artifically Flavored 4 Pack ","2.11","0.0","Market Basket","4 x 5.3 oz","4 x 5.3 oz","X194.jpg","","1"
"32828","Breakfast & Dairy","Breads & Rolls","Bagels","Market Basket","Market Basket Bagels Cranberry Ginger","049705546277","Market Basket Bagels Cranberry Ginger","2.5","0.0","Market Basket","22 oz","22 oz","X2409.jpg","","18"
"15043","Personal Care","Personal Needs","Deodorants","Right Guard","Right Guard Sport Deodorant Aerosol Original","","Right Guard Sport Deodorant Aerosol Original","7.46","1.0","Market Basket","10 oz","10 oz","6327.jpg","","13"
"4709","Meat & Seafood","Frozen Meat & Seafood","Chicken Products","Birds Eye","Birds Eye Voila! Three Cheese Chicken","","Birds Eye Voila! Three Cheese Chicken","4.89","0.0","Market Basket","21 oz","21 oz","16035.jpg","","19"
"33740","Meat & Seafood","Packaged Meat & Seafood","Bacon","Oscar Mayer","Oscar Mayer Natural Uncured Terkey Bacon","","Oscar Mayer Natural Uncured Terkey Bacon","6.86","0.0","Market Basket","11 oz","11 oz","X4458.jpg","","1"
"14714","Personal Care","Body Wash, Soap & Hair Care","Cream","Eucerin","Eucerin Skin Calming Cream","","Eucerin Skin Calming Cream","10.57","1.0","Market Basket","8 fl oz","8 fl oz","6369.jpg","","13"
"4319","Meat & Seafood","Meat & Seafood Counter","Pork","Market Basket","Market Basket Pork Butt Boneless Southern Style Ribs","","Market Basket Pork Butt Boneless Southern Style Ribs","3.09","0.0","Market Basket","1 lb","1 lb","Market Basket.jpg","","22"
"4350","Meat & Seafood","Meat & Seafood Counter","Shrimp","Market Basket","Market Basket Previously Frozen 26/30 Count Cooked Shrimp","","Market Basket Previously Frozen 26/30 Count Cooked Shrimp","24.38","0.0","Market Basket","Approx: 2.01 lb at $12.1/lb","Approx: 2.01 lb at $12.1/lb","Market Basket.jpg","","22"
"5606","Chips, Cookies & Snacks","Candy & Chocolates","Candy & Chocolate","York","York Happy Holidays Dark Chocolate Covered Peppermint Patties","","York Happy Holidays Dark Chocolate Covered Peppermint Patties","3.69","0.0","Market Basket","11 oz","11 oz","1053.jpg","","3"
"31141","Frozen Food","Frozen Breakfast","Frozen Pancakes","De Wafelbakkers ","De Wafelbakkers Pancakes","679844104658","De Wafelbakkers Pancakes","3.36","0.0","Market Basket","8.8 oz","8.8 oz","X5065.jpg","","19"
"7628","Cooking Needs","Canned Food","Canned Fruit & Applesauce","Dole","Dole Fruit Bowls, Diced Pears in 100% Fruit Juice","","Dole Fruit Bowls, Diced Pears in 100% Fruit Juice","3.09","0.0","Market Basket","4 oz","4 oz","4930.jpg","","3"
"34393","Cooking Needs","Rice & Grains","Grains, Rice & Dried Goods","Rice Select","Rice Select TriColor Organic Pearl Couscous Toasted Israeli style Pasta ","074401739234","Rice Select TriColor Organic Pearl Couscous Toasted Israeli style Pasta ","8.74","0.0","Market Basket","24.5 oz","24.5 oz","X1127.jpg","","4"
"33260","Breakfast & Dairy","Granola & Oats","Oats","McCann's ","McCann's Irish Oatmeal Apple & Cinnamon","072463000255","McCann's Irish Oatmeal Apple & Cinnamon","4.99","0.0","Market Basket","12.3 oz","12.3 oz","X3575.jpg","","5"
"32622","Pasta & Sauces","Raw Pasta","Raw Pasta","Lucio","Lucio Pasta Shells No. 84","085164110840","Lucio Pasta Shells No. 84","1.11","0.0","Market Basket","16 oz","16 oz","X1699.jpg","","4"
"34909","Frozen Food","Frozen Dessert","Frozen Dessert","Truwhip ","Truwhip Vegan Plant Based Whipped Topping ","811271001647","Truwhip Vegan Plant Based Whipped Topping ","1.88","0.0","Market Basket","10 oz","10 oz","X4973.jpg","","19"
"10125","Frozen Food","Ice Cream & Ice","Ice Cream & Ice","Klondike","Klondike Ice Cream Bars Neapolitan","","Klondike Ice Cream Bars Neapolitan","4.09","0.0","Market Basket","6 x 4.5 fl oz","6 x 4.5 fl oz","16195.jpg","","21"
"4608","Meat & Seafood","Lunch Meat","Turkey","Plainville Farms","Plainville Farms Organic Turkey Breast","","Plainville Farms Organic Turkey Breast","6.09","0.0","Market Basket","6 oz","6 oz","17295.jpg","","22"
"13746","Breakfast & Dairy","Dairy & Eggs","Packaged Cheese","Market Basket","Market Basket Mozzarella String Cheese","","Market Basket Mozzarella String Cheese","4.59","0.0","Market Basket","16 oz","16 oz","Market Basket.jpg","","1"
"33455","Breakfast & Dairy","Granola & Oats","Granola","Nature Valley","Nature Valley Granola Protein Oats & Honey","016000437791","Nature Valley Granola Protein Oats & Honey","4.99","0.0","Market Basket","11 oz","11 oz","X3782.jpg","","5"
"4662","Meat & Seafood","Canned Meat & Seafood","Other Seafood","Goya","Goya Mussels, in Pickled Sauce","","Goya Mussels, in Pickled Sauce","3.89","0.0","Market Basket","4 oz","4 oz","5226.jpg","","2"
"6528","Chips, Cookies & Snacks","Nuts, Seeds & Dried Fruit","Nuts, Seeds & Dried Fruit","Sunmaid","Sunmaid Dark Chocolate Yogurt Flavored Raisins","","Sunmaid Dark Chocolate Yogurt Flavored Raisins","3.74","0.0","Market Basket","7 oz","7 oz","No Image.jpg","","6"
"5413","Breakfast & Dairy","Bars & Pastries","Breakfast Bars","Nature's Bakery","Nature's Bakery Fig Bar Raspberry","","Nature's Bakery Fig Bar Raspberry","9.36","0.0","Market Basket","12 packs","12 packs","No Image.jpg","","6"
"523","Laundry & Paper Goods","Laundry","Laundry Detergent","Arm & Hammer","Arm & Hammer Plus the Power of OxiClean Stain Fighters Fresh Scent Laundry Detergent","","Arm & Hammer Plus the Power of OxiClean Stain Fighters Fresh Scent Laundry Detergent","9.99","1.0","Market Basket","122.5 fl oz","122.5 fl oz","No Image.jpg","","15"
"5446","Chips, Cookies & Snacks","Candy & Chocolates","Candy & Chocolate","Good & Plenty","Good & Plenty Licorice Candy","","Good & Plenty Licorice Candy","1.29","0.0","Market Basket","6 oz","6 oz","14947.jpg","","3"
"4262","Meat & Seafood","Packaged Meat & Seafood","Pork","Plumrose","Plumrose Fully Cooked Pork Baby Back Ribs","","Plumrose Fully Cooked Pork Baby Back Ribs","8.59","0.0","Market Basket","16 oz","16 oz","4094.jpg","","22"
"34492","Breakfast & Dairy","Dairy & Eggs","Soy Nog","Silk","Silk Nog ORIGINAL DAIRY-FREE SOY NOG","","Silk Nog ORIGINAL DAIRY-FREE SOY NOG","3.11","0.0","Market Basket","32 fl oz","32 fl oz","X666.jpg","","1"
"34115","Beverages & Juices","Energy & Sports Drinks","Energy & Sports Drinks","Powerade","Powerade Sports Drink Mountain Berry Blast","049000079357","Powerade Sports Drink Mountain Berry Blast","1.1","0.0","Market Basket","28 fl oz","28 fl oz","X2696.jpg","","10"
"15146","Personal Care","Personal Needs","Oral Hygiene","Anbesol","Anbesol Oral Pain Relief Medication","","Anbesol Oral Pain Relief Medication","9.53","1.0","Market Basket","0.33 oz","0.33 oz","17771.jpg","","13"
"31267","Breakfast & Dairy","Dairy & Eggs","Yogurt","Fage","Fage Total 0% Milkfat With Blueberry ","","Fage Total 0% Milkfat With Blueberry ","1.25","0.0","Market Basket","5.3 oz","5.3 oz","X250.jpg","","1"
"34758","Condiments & Dressings","Marinades, Ketchup & Sauces","Marinades & Meat Preparation","Sweet Baby Ray's","Sweet Baby Ray Gourmet Sauce Honey Barbecue Sauce ","04150093099","Sweet Baby Ray Gourmet Sauce Honey Barbecue Sauce ","4.36","0.0","Market Basket","18 oz","18 oz","X2038.jpg","","2"
"31371","Condiments & Dressings","Marinades, Ketchup & Sauces","Mustard Sauce","French's ","French's Since 1904 Classic Yellow Mustard No Artifical Flavors A,merican Flavor in a Bottle ","041500007007","French's Since 1904 Classic Yellow Mustard No Artifical Flavors A,merican Flavor in a Bottle ","3.75","0.0","Market Basket","4.25 oz","4.25 oz","X2177.jpg","","2"
"14513","Breakfast & Dairy","Tea & Coffee","Tea","Bigelow ","Bigelow ""Constant Comment"" Black Tea","","Bigelow ""Constant Comment"" Black Tea","3.09","0.0","Market Basket","20 count","20 count","3411.jpg","","8"
"14602","Beverages & Juices","Tea, Coffee, Milk & Coconut Water","Tea","Snapple","Snapple Diet Lemon Tea","","Snapple Diet Lemon Tea","7.49","0.0","Market Basket","12 x 16 fl oz","12 x 16 fl oz","X2996.jpg","","10"
"31402","Meat & Seafood","Packaged Meat & Seafood","Burger","Gardein","Gardein Beefless Ground ","","Gardein Beefless Ground ","5.61","0.0","Market Basket","13.7 oz","13.7 oz","X4765.jpg","","1"
"5071","Chips, Cookies & Snacks","Cookies & Crackers","Cookies & Cakes","Market Basket","Market Basket Chewy Chocolate Chip Premium Cookies","","Market Basket Chewy Chocolate Chip Premium Cookies","3.13","0.0","Market Basket","13 oz","13 oz","Market Basket.jpg","","6"
"7619","Cooking Needs","Canned Food","Canned Fruit & Applesauce","Del Monte","Del Monte Mandarin Oranges in Light Syrup","","Del Monte Mandarin Oranges in Light Syrup","3.09","0.0","Market Basket","4 oz","4 oz","4923.jpg","","3"
"9371","Frozen Food","Frozen Fruit & Juice","Frozen Juice","Dole","Dole Chilled Juice","","Dole Chilled Juice","1.99","0.0","Market Basket","12 oz","12 oz","2950.jpg","","21"
"34036","Meat & Seafood","Packaged Meat & Seafood","Burger","Plant Made ","Plant Made Salmon-Less Burgers ","","Plant Made Salmon-Less Burgers ","6.86","0.0","Market Basket","6 oz","6 oz","X4726.jpg","","1"
"409","Laundry & Paper Goods","Paper Goods","Bathroom Tissues / Toilet Paper","Quilted Northern","Quilted Northern Bathroom Tissue Paper, Ultra Soft & Strong Double Rolls","","Quilted Northern Bathroom Tissue Paper, Ultra Soft & Strong Double Rolls","9.99","1.0","Market Basket","12 count","12 count","16935.jpg","","14"
"33584","Pasta & Sauces","Gluten Free Pasta","Pasta Sauce","Newman's Own","Newman's Own Pasta Sauce Sockarooni Peppers, Spices and the whole Shebang Gluten Free No Sugar Added","020662006189","Newman's Own Pasta Sauce Sockarooni Peppers, Spices and the whole Shebang Gluten Free No Sugar Added","3.13","0.0","Market Basket","24 oz","24 oz","X1472.jpg","","4"
"33799","Cooking Needs","Oils & Vinegars","Oils & Vinegars","Pam","Pam Butter Flavor Rich Butter Taste No Artificial Preservatives Cooking Spray","064144033164","Pam Butter Flavor Rich Butter Taste No Artificial Preservatives Cooking Spray","4.36","0.0","Market Basket","5 oz","5 oz","X1942.jpg","","2"
"32725","Condiments & Dressings","Preserved Dips & Spreads","Spreads","Maranatha","Maranatha Raw Maple Almond Butter","","Maranatha Raw Maple Almond Butter","8.74","0.0","Market Basket","16 oz","16 oz","X503.jpg","","3"
"12969","Breakfast & Dairy","Breads & Rolls","Tortillas & Flat Bread","Joseph's","Joseph's Tomato & Basil Flatbread","","Joseph's Tomato & Basil Flatbread","3.09","0.0","Market Basket","10 oz","10 oz","4802.jpg","","18"
"8332","Condiments & Dressings","Fresh Dips & Tapenades","Fresh Dips & Tapenades","Marzetti","Marzetti Ranch Veggie Dip","","Marzetti Ranch Veggie Dip","3.69","0.0","Market Basket","14 oz","14 oz","5535.jpg","","20"
"33503","Breakfast & Dairy","Bars & Pastries","Granola Bars","Nature's Path","Nature's Path Orignal Sunrise Breakfast Dark Chocolate & Coconut Biscuits Organic Granola Bars","058449160120","Nature's Path Orignal Sunrise Breakfast Dark Chocolate & Coconut Biscuits Organic Granola Bars","4.99","0.0","Market Basket","7 oz","7 oz","X3900.jpg","","5"
"32111","Breakfast & Dairy","Cereal","Cereal","Kellogg's ","Kellogg's Special K Vanilla & Almond Family Size","038000143694","Kellogg's Special K Vanilla & Almond Family Size","4.99","0.0","Market Basket","18.8 oz","18.8 oz","X3353.jpg","","5"
"30264","Frozen Food","Frozen Dinners & Entrees","Frozen Meal","Banquet","Banquet Salisbury Steak Meal","031000007300","Banquet Salisbury Steak Meal","1.56","0.0","Market Basket","11.88 oz","11.88 oz","X4027.jpg","","18"
"32895","Breakfast & Dairy","Granola & Oats","Oats","Market Basket","Market Basket Old Fashioned Oats ","049705008966","Market Basket Old Fashioned Oats ","3.13","0.0","Market Basket","42 oz","42 oz","X3571.jpg","","5"
"31783","Breakfast & Dairy","Dairy & Eggs","Cottage Cheese","Hood","Hood 4% Cottage Cheese With Pineapple added SMALL CURD","","Hood 4% Cottage Cheese With Pineapple added SMALL CURD","4.11","0.0","Market Basket","24 oz","24 oz","X346.jpg","","1"
"14654","Breakfast & Dairy","Tea & Coffee","Tea","Yogi","Yogi Green Tea Super Antioxidant Bags, Box","","Yogi Green Tea Super Antioxidant Bags, Box","4.89","0.0","Market Basket","16 count","16 count","3510.jpg","","8"
"33024","Pasta & Sauces","Raw Pasta","Raw Pasta","Market Basket","Market Basket Pasta Rigatoni","049795032695","Market Basket Pasta Rigatoni","1.25","0.0","Market Basket","16 oz","16 oz","X1679.jpg","","4"
"7193","Cooking Needs","Spices & Seasonings","Spices & Seasonings","Badia","Badia Garlic Powder","","Badia Garlic Powder","1.69","0.0","Market Basket","3 oz","3 oz","2218.jpg","","9"
"31355","Pasta & Sauces","Gluten Free Pasta","Pasta Sauce","Francesco Rinaldi","Francesco Rinaldi Pasta Sauce Marinara Gluten Free","077644304320","Francesco Rinaldi Pasta Sauce Marinara Gluten Free","2.11","0.0","Market Basket","24 oz","24 oz","X1476.jpg","","4"
"10033","Frozen Food","Ice Cream & Ice","Ice Cream & Ice","Friendly's","Friendly's Ice Cream Homemade Vanilla","","Friendly's Ice Cream Homemade Vanilla","3.09","0.0","Market Basket","1.5 quart","1.5 quart","3063.jpg","","21"
"35140","Condiments & Dressings","Salad Dressings & Toppings","Salad Dressing & Toppings","Wish Bone","Wish Bone Russian Dressing ","041321006357","Wish Bone Russian Dressing ","2.5","0.0","Market Basket","15 fl oz","15 fl oz","X911.jpg","","2"
"30845","Cooking Needs","Oils & Vinegars","Oils & Vinegars","Carrington Frams ","Carrington Farms Organic Coconut Oil Virgin Unrefined","742392701546","Carrington Farms Organic Coconut Oil Virgin Unrefined","24.99","0.0","Market Basket","14 fl oz","14 fl oz","X1973.jpg","","2"
"31853","Cooking Needs","Canned Food","Tomato Sauce","Hunts","Hunts No Salt added Tomato Sauce","027000388075","Hunts No Salt added Tomato Sauce","1.11","0.0","Market Basket","6 oz","6 oz","X1289.jpg","","4"
"5485","Chips, Cookies & Snacks","Candy & Chocolates","Candy & Chocolate","LifeSavers","LifeSavers 5 Flavors Sugarfree Hard Candy Bag","","LifeSavers 5 Flavors Sugarfree Hard Candy Bag","1.89","0.0","Market Basket","2.75 oz","2.75 oz","14928.jpg","","3"
"33615","Frozen Food","Frozen Dinners & Entrees","Frozen Appetizers & Sides","NewYork Bakery","NewYork Bakery 3 Cheese Sticks","070459009237","NewYork Bakery 3 Cheese Sticks","3.61","0.0","Market Basket","12.9 oz","12.9 oz","X4355.jpg","","18"
"32812","Chips, Cookies & Snacks","Candy & Chocolates","Candy & Chocolate","Market Basket","Market Basket Fruit Filled Candy ","","Market Basket Fruit Filled Candy ","1.88","0.0","Market Basket","13 oz","13 oz","X528.jpg","","3"
"30994","Frozen Food","Frozen Dinners & Entrees","Frozen Appetizers & Sides","Cole's","Cole's Asiago Cheese Sticks ","071052000621","Cole's Asiago Cheese Sticks ","3.13","0.0","Market Basket","11.5 oz","11.5 oz","X4358.jpg","","18"
"7002","Cooking Needs","Baking & Cooking","Doughs, Gelatins & Bake Mixes","Market Basket","Market Basket Pizza Dough","","Market Basket Pizza Dough","1.59","0.0","Market Basket","18.5 oz","18.5 oz","Market Basket.jpg","","8"
"3528","Fresh Produce","Fresh Vegetables","Asparagus","Market Basket","SB Asparagus","","SB Asparagus","3.55","0.0","Market Basket","1 count","1 count","14332.jpg","","20"
"238","Kitchen & Cleaning","Dish Detergents","Dish Liquid","Dawn","Dawn Ultra Dishwashing Liquid Original Scent","","Dawn Ultra Dishwashing Liquid Original Scent","5.49","1.0","Market Basket","38 fl oz","38 fl oz","4362.jpg","","15"
"189","Kitchen & Cleaning","Cleaning Products","Other Cleaning Products","Weiman","Weiman Cook Top Scrubbing Pads","","Weiman Cook Top Scrubbing Pads","2.49","1.0","Market Basket","3 count","3 count","4310.jpg","","15"
"6107","Beverages & Juices","Soft Drinks & Seltzers","Soft Drinks","Crush","Crush Grape Soda","","Crush Grape Soda","2.5","0.0","Market Basket","2 L","2 L","16602.jpg","","17"
"33539","Breakfast & Dairy","Granola & Oats","Granola","Nature's Path","Nature's Path Orignal Love Crunch Dark Chocolate & Red Berries Granola","058449771807","Nature's Path Orignal Love Crunch Dark Chocolate & Red Berries Granola","6.24","0.0","Market Basket","11.5 oz","11.5 oz","X3747.jpg","","5"
"7805","Cooking Needs","Canned Food","Canned Meals & Beans","Pastene","Pastene Red Kidney Beans","","Pastene Red Kidney Beans","1.29","0.0","Market Basket","14 oz","14 oz","17144.jpg","","2"
"33761","Breakfast & Dairy","Dairy & Eggs","Yogurt","Yoplait","Oui By Yoplait Blueberry French Style Yogurt","","Oui By Yoplait Blueberry French Style Yogurt","1.74","0.0","Market Basket","5 oz","5 oz","X710.jpg","","1"
"32197","Breakfast & Dairy","Cereal","Cereal","Kellogg's ","Kellogg's Frosted Mini Wheats Little Bites Strawberry","038000199462","Kellogg's Frosted Mini Wheats Little Bites Strawberry","3.75","0.0","Market Basket","14.3 oz","14.3 oz","X3363.jpg","","5"
"30702","Meat & Seafood","Packaged Meat & Seafood","Turkey","Buddig","Buddig Oven Roasted Turkey Breast ","","Buddig Oven Roasted Turkey Breast ","4.99","0.0","Market Basket","16 oz","16 oz","X4525.jpg","","1"
"6671","Beverages & Juices","Juices & Refrigerated Drinks","Refrigerated Drinks","Tropicana ","Tropicana PURE PRIMIUM ORIGINAL NO PULP 100% ORANGE JUICE PASTEURIZED","","Tropicana PURE PRIMIUM ORIGINAL NO PULP 100% ORANGE JUICE PASTEURIZED","4.99","0.0","Market Basket","48 fl oz","48 fl oz","X845.jpg","","1"
"4060","Meat & Seafood","Meat & Seafood Counter","Beef","Market Basket","Beef Oxtail","","Beef Oxtail","13.41","0.0","Market Basket","Approx: 1.37 lb at $9.79/lb","Approx: 1.37 lb at $9.79/lb","Market Basket.jpg","","22"
"14140","Breakfast & Dairy","Dairy & Eggs","Yogurt","Hood","Hood Frozen Yogurt Fat Free Vanilla Bean","","Hood Frozen Yogurt Fat Free Vanilla Bean","3.69","0.0","Market Basket","1.5 count","1.5 count","14704.jpg","","1"
"33176","Frozen Food","Frozen Breakfast","Frozen Breakfast","Market Basket ","Maret Basket Sausage, Egg & Cheese Muffin","049705701119","Maret Basket Sausage, Egg & Cheese Muffin","4.99","0.0","Market Basket","18.4 oz","18.4 oz","X5003.jpg","","19"
"10263","Frozen Food","Ice Cream & Ice","Ice Cream & Ice","Turkey Hill","Turkey Hill Vanilla Bean Premium Ice Cream","","Turkey Hill Vanilla Bean Premium Ice Cream","3.69","0.0","Market Basket","48 fl oz","48 fl oz","3133.jpg","","21"
"13631","Breakfast & Dairy","Dairy & Eggs","Packaged Cheese","Cabot","Cabot Cheese Bars, 50% Reduced Fat, Sharp Cheddar","","Cabot Cheese Bars, 50% Reduced Fat, Sharp Cheddar","3.09","0.0","Market Basket","8 count","8 count","177.jpg","","1"
"32664","Breakfast & Dairy","Cereal","Cereal","Malt O Meal","Malt O Meal S'mores ","042400268871","Malt O Meal S'mores ","3.75","0.0","Market Basket","20 oz","20 oz","X3478.jpg","","5"
"5346","Chips, Cookies & Snacks","Cookies & Crackers","Cookies & Cakes","belVita","belVita Cranberry Orange Breakfast Biscuits","","belVita Cranberry Orange Breakfast Biscuits","4.69","0.0","Market Basket","8.8 oz","8.8 oz","No Image.jpg","","6"
"569","Laundry & Paper Goods","Laundry","Laundry Detergent","Downy","Ultra Downy april fresh 60 Loads Laundry Detergent","","Ultra Downy april fresh 60 Loads Laundry Detergent","6.86","1.0","Market Basket","1.53 L","1.53 L","No Image.jpg","","15"
"8291","Condiments & Dressings","Fresh Dips & Tapenades","Hommus","Cedar","Cedar Roasted Red Pepper Hommus","","Cedar Roasted Red Pepper Hommus","2.49","0.0","Market Basket","8 oz","8 oz","5502.jpg","","1"
"6165","Beverages & Juices","Soft Drinks & Seltzers","Soft Drinks","Pepsi","Pepsi Wild Cherry","","Pepsi Wild Cherry","2.5","0.0","Market Basket","2 L","2 L","No Image.jpg","","17"
"4292","Meat & Seafood","Packaged Meat & Seafood","Whitefish","Acme","Acme Smoked Fish Smoked Whitefish Salad","","Acme Smoked Fish Smoked Whitefish Salad","4.89","0.0","Market Basket","7 oz","7 oz","4133.jpg","","22"
"32901","Breakfast & Dairy","Dairy & Eggs","Cottage Cheese","Market Basket","Market Basket Grade A Lowfat  Cottage Cheese","","Market Basket Grade A Lowfat  Cottage Cheese","2.74","0.0","Market Basket","24 oz","24 oz","X580.jpg","","1"
"12704","Breakfast & Dairy","Breads & Rolls","Bread","Market Basket","French Baguette","","French Baguette","2.49","0.0","Market Basket","11 oz","11 oz","16993.jpg","","18"
"5135","Chips, Cookies & Snacks","Cookies & Crackers","Cookies & Cakes","Pepperidge Farm","Pepperidge Farm Verona Apricot Raspberry","","Pepperidge Farm Verona Apricot Raspberry","4.69","0.0","Market Basket","6.75 oz","6.75 oz","No Image.jpg","","6"
"8064","Cooking Needs","Canned Food","Soup, Broth & Bouillon","Maruchan","Maruchan Instant Lunch with Shrimp Ramen Noodle Soup","","Maruchan Instant Lunch with Shrimp Ramen Noodle Soup","0.49","0.0","Market Basket","2.25 oz","2.25 oz","5327.jpg","","2"
"10183","Frozen Food","Ice Cream & Ice","Ice Cream & Ice","Outshine","Outshine Creamy Coconut Fruit and Dairy Bars","","Outshine Creamy Coconut Fruit and Dairy Bars","4.29","0.0","Market Basket","6 count","6 count","3160.jpg","","21"
"4242","Meat & Seafood","Packaged Meat & Seafood","Ham","Smithfield","Smithfield Ham Slice","","Smithfield Ham Slice","4.89","0.0","Market Basket","12 oz","12 oz","4079.jpg","","1"
"15165","Personal Care","Personal Needs","Oral Hygiene","Colgate","Colgate Optic White Anticavity Fluoride Toothpaste Sparkling White","","Colgate Optic White Anticavity Fluoride Toothpaste Sparkling White","5.62","1.0","Market Basket","3.5 oz","3.5 oz","6391.jpg","","13"
"3990","Fresh Produce","Fresh Vegetables","Speciality Produce","Market Basket","Yuca Root","","Yuca Root","1.83","0.0","Market Basket","1 lb","1 lb","FP149.jpg","","20"
"336","Kitchen & Cleaning","Food Storage & Kitchen Supplies","Storage Bags","Market Basket","Market Basket Tall Drawstring Kitchen Bags","","Market Basket Tall Drawstring Kitchen Bags","6.69","1.0","Market Basket","45 count","45 count","Market Basket.jpg","","12"
"3970","Fresh Produce","Fresh Vegetables","Shallot","Market Basket","Large Shallots (Pack of 4/5)","","Large Shallots (Pack of 4/5)","4.13","0.0","Market Basket","1 pack","1 pack","FP77.jpg","","20"
"14903","Personal Care","Feminine Care","Pantiliner","U by Kotex","Kotex Regular Unscented Lightdays Liners","","Kotex Regular Unscented Lightdays Liners","4.47","1.0","Market Basket","64 count","64 count","6523.jpg","","13"
"34925","Frozen Food","Frozen Pizza","Frozen Pizza","Udi's","Udis Four Cheese Pizza ","698997810322","Udis Four Cheese Pizza ","9.99","0.0","Market Basket","17.53 oz","17.53 oz","X4866.jpg","","19"
"31282","Breakfast & Dairy","Breads & Rolls","Bread","Fantini","Fantini Scali Bread with Sesame Seeds","072427000321","Fantini Scali Bread with Sesame Seeds","3.13","0.0","Market Basket","16 oz","16 oz","X2592.jpg","","18"
"4090","Meat & Seafood","Meat & Seafood Counter","Beef","Market Basket","Market Basket Beef Round Extra Lean For Stew","","Market Basket Beef Round Extra Lean For Stew","7.06","0.0","Market Basket","Approx: 1.16 lb at $6.09/lb","Approx: 1.16 lb at $6.09/lb","4041.jpg","","22"
"10173","Frozen Food","Ice Cream & Ice","Ice Cream & Ice","Market Basket","Market Basket Strawberry Ice Cream","","Market Basket Strawberry Ice Cream","2.49","0.0","Market Basket","1.75 quart","1.75 quart","Market Basket.jpg","","21"
"3586","Fresh Produce","Fresh Vegetables","Celery","Market Basket","Queen Victoria Celery","","Queen Victoria Celery","3.55","0.0","Market Basket","1 bunch","1 bunch","14366.jpg","","20"
"33533","Breakfast & Dairy","Granola & Oats","Granola","Nature's Path","Nature's Path Orignal Keto & Paleo Friendly Grain Free Granola Caremel Pecan","058449192022","Nature's Path Orignal Keto & Paleo Friendly Grain Free Granola Caremel Pecan","7.49","0.0","Market Basket","8 oz","8 oz","X3741.jpg","","5"
"34147","Pasta & Sauces","Pasta Sauce","Pasta Sauce","Prego","Prego Italian Sauce Roasted Garlic Parmesan","051000105462","Prego Italian Sauce Roasted Garlic Parmesan","2.5","0.0","Market Basket","24 oz","24 oz","X1441.jpg","","4"
"3967","Fresh Produce","Fresh Vegetables","Russet Potato","Market Basket","Bag of Russet Potatoes","","Bag of Russet Potatoes","4.01","0.0","Market Basket","5 lb","5 lb","14360.jpg","","20"
"8741","Condiments & Dressings","Preserved Dips & Spreads","Preserved Dips & Salsa","Herdez","Herdez Mild Salsa Verde","","Herdez Mild Salsa Verde","2.49","0.0","Market Basket","16 oz","16 oz","15583.jpg","","1"
"7318","Cooking Needs","Spices & Seasonings","Spices & Seasonings","McCormick","McCormick Ground Mustard","","McCormick Ground Mustard","3.69","0.0","Market Basket","0.85 oz","0.85 oz","2171.jpg","","9"
"8755","Condiments & Dressings","Preserved Dips & Spreads","Preserved Dips & Salsa","Market Basket","Market Basket Salsa Mild","","Market Basket Salsa Mild","2.49","0.0","Market Basket","24 oz","24 oz","Market Basket.jpg","","1"
"32165","Frozen Food","Frozen Breakfast","Frozen Waffles","Kellogg's ","Kellogg's Eggo VarietyPacket 12 Waffles ","038000228582","Kellogg's Eggo VarietyPacket 12 Waffles ","3.36","0.0","Market Basket","14.8 oz","14.8 oz","X5032.jpg","","19"
"4039","Fresh Produce","Fresh Vegetables","Yellow Onion","Market Basket","Yellow Jumbo Onions","","Yellow Jumbo Onions","1.48","0.0","Market Basket","1 lb","1 lb","FP148.jpg","","20"
"14372","Breakfast & Dairy","Tea & Coffee","Coffee","Folgers ","Folgers Coffee, Classic Decaf, Ground, Tub","","Folgers Coffee, Classic Decaf, Ground, Tub","10.99","0.0","Market Basket","22.6 oz","22.6 oz","3347.jpg","","8"
"30371","Frozen Food","Frozen Dinners & Entrees","Frozen Meal","Benihana ","Benihana Rocky's Choice","021000070732","Benihana Rocky's Choice","4.99","0.0","Market Basket","10 oz","10 oz","X4096.jpg","","18"
"4241","Meat & Seafood","Packaged Meat & Seafood","Ham","Smithfield","Smithfield Ham","","Smithfield Ham","2.89","0.0","Market Basket","8 oz","8 oz","4076.jpg","","22"
"31624","Breakfast & Dairy","Dairy & Eggs","Yogurt","Green Valley ","Green Valley Lactose Free creamery Organic Wild Blueberry Lowfat Yogurt ","","Green Valley Lactose Free creamery Organic Wild Blueberry Lowfat Yogurt ","2.11","0.0","Market Basket","6 oz","6 oz","X312.jpg","","1"
"6988","Cooking Needs","Baking & Cooking","Doughs, Gelatins & Bake Mixes","Jell-O","Jell O Sugar Free Lemon Low Calorie Gelatin Mix","","Jell O Sugar Free Lemon Low Calorie Gelatin Mix","1.09","0.0","Market Basket","0.3 oz","0.3 oz","2063.jpg","","8"
"6043","Beverages & Juices","Juices & Refrigerated Drinks","Juice & Nectars","Hawaiian Punch","Hawaiian Punch Fruit Juicy Red","014800646542","Hawaiian Punch Fruit Juicy Red","2.5","0.0","Market Basket","1 gal","1 gal","X3156.jpg","","10"
"5950","Beverages & Juices","Cocoa & Drink Mixes","Cocoa & Drink Mixes","Mr & Mrs T","Mr & Mrs T Strawberry Daiquiri-Margarita Mix","","Mr & Mrs T Strawberry Daiquiri-Margarita Mix","4.99","0.0","Market Basket","1 L","1 L","No Image.jpg","","17"
"34793","Chips, Cookies & Snacks","Candy & Chocolates","Candy & Chocolate","Taza ","Taza Chocolate Dark Chocolate Covered Almonds","","Taza Chocolate Dark Chocolate Covered Almonds","6.24","0.0","Market Basket","4.2 oz","4.2 oz","X820.jpg","","3"
"34299","Pasta & Sauces","Pasta Sauce","Pasta Sauce","Ragu","Ragu Garden Combination Chunky Sauce","036200004449","Ragu Garden Combination Chunky Sauce","2.5","0.0","Market Basket","24 oz","24 oz","X1450.jpg","","4"
"32786","Beverages & Juices","Juices & Refrigerated Drinks","Refrigerated Drinks","Market Basket","Market Basket MADE WITH Real Fruit Juice PASSION FRUIT FLAVORED BLENDED OF 3 JUICES Fruit Juice cocktail from Concentrate l","","Market Basket MADE WITH Real Fruit Juice PASSION FRUIT FLAVORED BLENDED OF 3 JUICES Fruit Juice cocktail from Concentrate l","2.36","0.0","Market Basket","59 fl oz","59 fl oz","X591.jpg","","1"
"13876","Breakfast & Dairy","Dairy & Eggs","Soy & Lactose-Free","Blue Diamond Almond Breeze Almondmilk","Blue Diamond Almond Breeze Almondmilk Unsweetened Original Almondmilk Non Dairy Milk Alternative","","Blue Diamond Almond Breeze Almondmilk Unsweetened Original Almondmilk Non Dairy Milk Alternative","3.69","0.0","Market Basket","64 fl oz","64 fl oz","744.jpg","","1"
"9966","Frozen Food","Ice Cream & Ice","Ice Cream & Ice","Blue Bunny","Blue Bunny Blu's Birthday Party Ice Cream","","Blue Bunny Blu's Birthday Party Ice Cream","1.29","0.0","Market Basket","5.5 fl oz","5.5 fl oz","16164.jpg","","21"
"32191","Breakfast & Dairy","Cereal","Cereal","Kellogg's ","Kellogg's Special K Chocolate Delight","038000200366","Kellogg's Special K Chocolate Delight","3.75","0.0","Market Basket","13.2 oz","13.2 oz","X3346.jpg","","5"
"5847","Richardson's Farm Ice Cream","Ice Cream Toppings","Ice Cream Toppings","Hershey's","Hershey's Shell Topping Chocolate Flavor","","Hershey's Shell Topping Chocolate Flavor","2.99","0.0","Market Basket","7.25 oz","7.25 oz","1341.jpg","","8"
"13034","Breakfast & Dairy","Cereal","Cereal","Honey Bunches","Honey Bunches Of Oats Honey Bunches of Oats Cinnamon Bunches Cereal","","Honey Bunches Of Oats Honey Bunches of Oats Cinnamon Bunches Cereal","3.69","0.0","Market Basket","14.5 oz","14.5 oz","17557.jpg","","5"
"30430","Chips, Cookies & Snacks","Candy & Chocolates","Candy & Chocolate","Black Forest ","Black Forest So Juicy So Good Organic Gummy Bears Usda Organic   ","","Black Forest So Juicy So Good Organic Gummy Bears Usda Organic   ","1.61","0.0","Market Basket","4 oz","4 oz","X48.jpg","","3"
"8802","Condiments & Dressings","Salad Dressings & Toppings","Salad Dressing & Toppings","Chatham Village","Chatham Village Cheese & Garlic Flavored Large Cut Baked Croutons","","Chatham Village Cheese & Garlic Flavored Large Cut Baked Croutons","1.29","0.0","Market Basket","5 oz","5 oz","15462.jpg","","2"
"3983","Fresh Produce","Fresh Vegetables","Speciality Produce","Market Basket","Rutabaga","","Rutabaga","2.28","0.0","Market Basket","1 count","1 count","14365.jpg","","20"
"9783","Frozen Food","Frozen Produce","Frozen Produce","Birds Eye","Birds Eye Steamfresh Super Sweet Corn","","Birds Eye Steamfresh Super Sweet Corn","1.29","0.0","Market Basket","10.8 oz","10.8 oz","2460.jpg","","19"
"30655","Cooking Needs","Oils & Vinegars","Oils & Vinegars","Bragg ","Bragg Organic Raw ~ Unfiltered Apple Cider Vinegar With The Mother ","","Bragg Organic Raw ~ Unfiltered Apple Cider Vinegar With The Mother ","7.24","0.0","Market Basket","32 fl oz","32 fl oz","X1800.jpg","","2"
"31900","Breakfast & Dairy","Dairy & Eggs","Coffee Creamer","International Delight","Southern Butter Pecan INTERNATIONAL Delight","","Southern Butter Pecan INTERNATIONAL Delight","3.99","0.0","Market Basket","32 fl oz","32 fl oz","X368.jpg","","1"
"5150","Chips, Cookies & Snacks","Cookies & Crackers","Crackers","Back to Nature","Back to Nature Gluten Free White Cheddar Rice Thin Crackers","","Back to Nature Gluten Free White Cheddar Rice Thin Crackers","5.45","0.0","Market Basket","4 oz","4 oz","15164.jpg","","6"
"7842","Cooking Needs","Canned Food","Canned Meat & Seafood","Genova","Genova Tonno Solid Light Tuna in Olive Oil","","Genova Tonno Solid Light Tuna in Olive Oil","2.49","0.0","Market Basket","5 oz","5 oz","5242.jpg","","2"
"30506","Breakfast & Dairy","Cereal","Meal Supplements","Bob's Red Mill","Bob's Red Mill Golden Flax Seed Meal ","039978032324","Bob's Red Mill Golden Flax Seed Meal ","3.75","0.0","Market Basket","16 oz","16 oz","X5214.jpg","","3"
"3650","Fresh Produce","Fresh Fruits","Clementine","Market Basket","Bagged Clementines","","Bagged Clementines","5.62","0.0","Market Basket","2 lb","2 lb","14235.jpg","","20"
"31114","Breakfast & Dairy","Dairy & Eggs","Yogurt","Dannon","Dannon Light+Fit Greek Key Lime Naturally & Artifically Flavored ","","Dannon Light+Fit Greek Key Lime Naturally & Artifically Flavored ","1.25","0.0","Market Basket","5.3 oz","5.3 oz","X216.jpg","","1"
"34810","Frozen Food","Frozen Dinners & Entrees","Frozen Appetizers & Sides","TGI Fridays","TGI Fridays Boneless Chicken Bites Honey BBQ","046704065167","TGI Fridays Boneless Chicken Bites Honey BBQ","3.99","0.0","Market Basket","10 oz","10 oz","X4840.jpg","","19"
"15296","Personal Care","Vitamins & Proteins","Protien Drinks","Glucerna","Glucerna Diabetes Nutritional Shake","","Glucerna Diabetes Nutritional Shake","14.02","1.0","Market Basket","6 x 8 fl oz","6 x 8 fl oz","6744.jpg","","13"
"35055","Condiments & Dressings","Pickled Goods & Olives","Pickles","Vlasic ","Vlasic Fresh Packed Bread & Butter Chips Big Crunch ","054100004208","Vlasic Fresh Packed Bread & Butter Chips Big Crunch ","2.5","0.0","Market Basket","16 fl oz","16 fl oz","X3262.jpg","","2"
"32981","Cooking Needs","Rice & Grains","Instant Food","Market Basket","Market Basket Hamburger Skillet Stroganoff Pasta and Sauce Mix Dinner","049705038741","Market Basket Hamburger Skillet Stroganoff Pasta and Sauce Mix Dinner","1.25","0.0","Market Basket","5.6 oz","5.6 oz","X1148.jpg","","4"
"31221","Frozen Food","Frozen Dinners & Entrees","Frozen Appetizers & Sides","El Monterey","El Monterey Cheese Enchiladas","071007318108","El Monterey Cheese Enchiladas","3.74","0.0","Market Basket","10 oz","10 oz","X4143.jpg","","18"
"10086","Frozen Food","Ice Cream & Ice","Ice Cream & Ice","Halo Top","Halo Top Dairy Free Frozen Dessert Sea Salt Caramel","","Halo Top Dairy Free Frozen Dessert Sea Salt Caramel","4.89","0.0","Market Basket","1 pint","1 pint","16141.jpg","","21"
"34495","Beverages & Juices","Juices & Refrigerated Drinks","Refrigerated Drinks","Simply","Simply Fruit Punch All Natural Fruit Punch Juice Drink","","Simply Fruit Punch All Natural Fruit Punch Juice Drink","3.13","0.0","Market Basket","52 fl oz","52 fl oz","X763.jpg","","1"
"390","Laundry & Paper Goods","Laundry","Laundry Detergent","Arm & Hammer","Arm & Hammer Laundry Detergent Liquid Clean Burst","","Arm & Hammer Laundry Detergent Liquid Clean Burst","6.24","1.0","Market Basket","75 fl oz","75 fl oz","4551.jpg","","15"
"13672","Breakfast & Dairy","Dairy & Eggs","Packaged Cheese","Chevrine","Chevrine Fresh Goat Cheese Natural","","Chevrine Fresh Goat Cheese Natural","6.09","0.0","Market Basket","11 oz","11 oz","Market Basket.jpg","","1"
"12856","Breakfast & Dairy","Breads & Rolls","Bagels","Ruby Bay","Ruby Bay Quality Nova Bagel Cuts","","Ruby Bay Quality Nova Bagel Cuts","12.19","0.0","Market Basket","12 oz","12 oz","No Image.jpg","","18"
"31489","Breakfast & Dairy","Cereal","Cereal","General Mills","General Mills Cheerios Large Size","016000487727","General Mills Cheerios Large Size","4.38","0.0","Market Basket","12 oz","12 oz","X3466.jpg","","5"
"35197","Breakfast & Dairy","Dairy & Eggs","Yogurt","Yoplait","Yoplait Go Gurt Fizzy Low Fat Yogurt Strawberry S.H.I.E.L.D & Super Punch ","","Yoplait Go Gurt Fizzy Low Fat Yogurt Strawberry S.H.I.E.L.D & Super Punch ","2.99","0.0","Market Basket","8 x 2 oz","8 x 2 oz","X299.jpg","","1"
"31048","Cooking Needs","Oils & Vinegars","Oils & Vinegars","Crisco","Crisco Shortening Stricks  Butter Flavor ","051500251959","Crisco Shortening Stricks  Butter Flavor ","6.99","0.0","Market Basket","20 oz","20 oz","X1936.jpg","","2"
"10098","Frozen Food","Ice Cream & Ice","Ice Cream & Ice","Hood","Hood Ice Cream Maple Walnut Flavored","","Hood Ice Cream Maple Walnut Flavored","3.69","0.0","Market Basket","1.5 quart","1.5 quart","3108.jpg","","21"
"131","Kitchen & Cleaning","Cleaning Products","Mop","Libman","Libman Roller Mop, Nitty Gritty","","Libman Roller Mop, Nitty Gritty","18.29","1.0","Market Basket","1 count","1 count","4322.jpg","","15"
"6175","Beverages & Juices","Soft Drinks & Seltzers","Soft Drinks","Pepsi","Pepsi Diet Caffeinee Free","","Pepsi Diet Caffeinee Free","5.0","0.0","Market Basket","6 x 16.9 fl oz","6 x 16.9 fl oz","3916.jpg","","17"
"34360","Cooking Needs","Rice & Grains","Grains, Rice & Dried Goods","Reese","Reese Minnesto Wild Rice Paddy grown Subtle nutty flavor Non GMO","070670010227","Reese Minnesto Wild Rice Paddy grown Subtle nutty flavor Non GMO","3.74","0.0","Market Basket","4 oz","4 oz","X1098.jpg","","4"
"5132","Chips, Cookies & Snacks","Cookies & Crackers","Cookies & Cakes","Pepperidge Farm","Pepperidge Farm Pumpkin Spiced Cookies","","Pepperidge Farm Pumpkin Spiced Cookies","4.69","0.0","Market Basket","7 oz","7 oz","No Image.jpg","","6"
"31457","Breakfast & Dairy","Cereal","Cereal","General Mills","General Mills Rice Chex","016000487949","General Mills Rice Chex","3.13","0.0","Market Basket","12 oz","12 oz","X3434.jpg","","5"
"4312","Meat & Seafood","Meat & Seafood Counter","Pork","Market Basket","Market Basket Center Cut Pork Chops","","Market Basket Center Cut Pork Chops","4.19","0.0","Market Basket","Approx: 1.50 lb at $2.79/lb","Approx: 1.50 lb at $2.79/lb","4038.jpg","","22"
"9971","Frozen Food","Ice Cream & Ice","Ice Cream & Ice","Breyer's","Breyer's Gelato Indulgences Raspberry Cheesecake","","Breyer's Gelato Indulgences Raspberry Cheesecake","5.39","0.0","Market Basket","28.5 oz","28.5 oz","18034.jpg","","21"
"13035","Breakfast & Dairy","Cereal","Cereal","Honey Bunches","Honey Bunches Of Oats Honey Bunches of Oats with Real Strawberries Cereal","","Honey Bunches Of Oats Honey Bunches of Oats with Real Strawberries Cereal","3.69","0.0","Market Basket","13 oz","13 oz","17556.jpg","","5"
"32965","Frozen Food","Frozen Pasta","Frozen Pasta","Market Basket","Market Basket Rainbow Tortellini Cheese Tortellini","049705710005","Market Basket Rainbow Tortellini Cheese Tortellini","2.11","0.0","Market Basket","13 oz","13 oz","X4349.jpg","","18"
"33732","Condiments & Dressings","Salad Dressings & Toppings","Salad Dressing & Toppings","Organic Ville","Organic Ville Small Batch Non Dairy Ranch Dressing","","Organic Ville Small Batch Non Dairy Ranch Dressing","4.99","0.0","Market Basket","8 fl oz","8 fl oz","X708.jpg","","2"
"15028","Personal Care","Personal Needs","Deodorants","Dove","Dove Antiperspirant Deodorant Fresh","","Dove Antiperspirant Deodorant Fresh","4.24","1.0","Market Basket","2.6 fl oz","2.6 fl oz","6301.jpg","","13"
"9801","Frozen Food","Frozen Produce","Frozen Produce","Dole","Dole Sliced Peaches","","Dole Sliced Peaches","3.69","0.0","Market Basket","16 oz","16 oz","2477.jpg","","19"
"7012","Cooking Needs","Baking & Cooking","Doughs, Gelatins & Bake Mixes","Pillsbury","Pillsbury Crescents, Original","","Pillsbury Crescents, Original","2.69","0.0","Market Basket","8 oz","8 oz","2021.jpg","","1"
"32904","Breakfast & Dairy","Dairy & Eggs","Parmesan Cheese","Market Basket","Market Basket Parmesan Grated Cheese ","049705034460","Market Basket Parmesan Grated Cheese ","3.13","0.0","Market Basket","8 oz","8 oz","X1262.jpg","","4"
"15208","Personal Care","Personal Needs","Oral Hygiene","Gum","GUM Professional Clean Flossers Fresh Mint","","GUM Professional Clean Flossers Fresh Mint","3.55","1.0","Market Basket","90 count","90 count","6442.jpg","","13"
"34720","Condiments & Dressings","Marinades, Ketchup & Sauces","Sauce","Sun Luck","Sun Luck La Yu Chili Oil ","076132090103","Sun Luck La Yu Chili Oil ","4.99","0.0","Market Basket","5 fl oz","5 fl oz","X5376.jpg","","3"
"4144","Meat & Seafood","Meat & Seafood Counter","Codfish","Market Basket","Market Basket Fresh Large Cod Fillets","","Market Basket Fresh Large Cod Fillets","11.43","0.0","Market Basket","Approx: 1.05 lb at $10.9/lb","Approx: 1.05 lb at $10.9/lb","4067.jpg","","22"
"33990","Breakfast & Dairy","Breads & Rolls","Buns","Pepperidge Farm","Pepperidge Farm 8 Top Sliced Sweet Hawain Hot Dog Buns","014100045403","Pepperidge Farm 8 Top Sliced Sweet Hawain Hot Dog Buns","4.36","0.0","Market Basket","14 oz","14 oz","X2506.jpg","","18"
"30197","Breakfast & Dairy","Breads & Rolls","Bread","Arnold","Arnold Healthy Multi Grain Bread","073410013854","Arnold Healthy Multi Grain Bread","5.86","0.0","Market Basket","24 oz","24 oz","X2492.jpg","","18"
"5426","Chips, Cookies & Snacks","Candy & Chocolates","Candy & Chocolate","Bobs","Bobs Candy Canes, Peppermint","","Bobs Candy Canes, Peppermint","1.29","0.0","Market Basket","6 oz","6 oz","14980.jpg","","3"
"6263","Beverages & Juices","Water","Water","Fiji","Fiji Natural Artesian Water","","Fiji Natural Artesian Water","24.99","0.0","Market Basket","24 x 500 ml","24 x 500 ml","No Image.jpg","","11"
"30919","Breakfast & Dairy","Dairy & Eggs","Yogurt","Chobani","Chobani Complete Advance Nutrition Yogurt Vanilla ","","Chobani Complete Advance Nutrition Yogurt Vanilla ","1.49","0.0","Market Basket","5.3 oz","5.3 oz","X126.jpg","","1"
"31572","Frozen Food","Frozen Dinners & Entrees","Frozen Appetizers & Sides","Gorton's","Gorton's Popcorn Shrimp Crispy & Delicious","044400164009","Gorton's Popcorn Shrimp Crispy & Delicious","6.24","0.0","Market Basket","14 oz","14 oz","X4381.jpg","","18"
"33633","Meat & Seafood","Packaged Meat & Seafood","Bacon","North Country ","North Country Humanely Raised Fruitwood Smoked Uncured Bacon","","North Country Humanely Raised Fruitwood Smoked Uncured Bacon","7.49","0.0","Market Basket","12 oz","12 oz","X4493.jpg","","1"
"3903","Fresh Produce","Fresh Vegetables","Onion","Market Basket","White Onions","","White Onions","1.09","0.0","Market Basket","1 lb","1 lb","f239.jpg","","20"
"34876","Chips, Cookies & Snacks","Candy & Chocolates","Candy & Chocolate","Toffifay","Toffifay Whole Hazeinut Caramel Hazeinut Cream Chocolate","","Toffifay Whole Hazeinut Caramel Hazeinut Cream Chocolate","3.11","0.0","Market Basket","3.5 oz","3.5 oz","X828.jpg","","3"
"3435","Fresh Produce","Fresh Fruits","Apple","Market Basket","Gala Apples","","Gala Apples","1.64","0.0","Market Basket","1 lb","1 lb","f8.jpg","","20"
"33962","Breakfast & Dairy","Breads & Rolls","Bread","Pepperidge Farm","Pepperidge Farm Farmhouse Hearty White Bread","014100070832","Pepperidge Farm Farmhouse Hearty White Bread","4.99","0.0","Market Basket","24 oz","24 oz","X2529.jpg","","18"
"34760","Condiments & Dressings","Marinades, Ketchup & Sauces","Marinades & Meat Preparation","Sweet Baby Ray's","Sweet Baby Ray's Gourmet Sauces Sweet'n Barbeacue Sauce ","013409912379","Sweet Baby Ray's Gourmet Sauces Sweet'n Barbeacue Sauce ","4.36","0.0","Market Basket","17.5 oz","17.5 oz","X2059.jpg","","2"
"7295","Cooking Needs","Spices & Seasonings","Spices & Seasonings","McCormick","McCormick GourmetÃ¢âÂ¢ Organic Marjoram Leaves","","McCormick GourmetÃ¢âÂ¢ Organic Marjoram Leaves","4.89","0.0","Market Basket","0.37 oz","0.37 oz","2206.jpg","","9"
"30473","Breakfast & Dairy","Granola & Oats","Oats","Bob's Red Mill","Bob's Red Mill Steel Cut Oats The Golden Spurtle","039978041401","Bob's Red Mill Steel Cut Oats The Golden Spurtle","3.74","0.0","Market Basket","24 oz","24 oz","X3665.jpg","","5"
"5662","Chips, Cookies & Snacks","Candy & Chocolates","Mint & Gum","Orbit","Orbit Spearmint Sugarfree Gum multi total","","Orbit Spearmint Sugarfree Gum multi total","3.09","0.0","Market Basket","42 ct","42 ct","1489.jpg","","3"
"4923","Chips, Cookies & Snacks","Chips & Fruit Snacks","Ready Popcorn","Smartfood","Smartfood White Cheddar Reduced Fat Popcorn","","Smartfood White Cheddar Reduced Fat Popcorn","6.23","0.0","Market Basket","5.25 oz","5.25 oz","14883.jpg","","0"
"9811","Frozen Food","Frozen Produce","Frozen Produce","Green Giant","Green Giant Broccoli & Cheese Sauce","","Green Giant Broccoli & Cheese Sauce","2.09","0.0","Market Basket","10 oz","10 oz","2441.jpg","","19"
"7250","Cooking Needs","Spices & Seasonings","Spices & Seasonings","McCormick","McCormick Au Jus Gravy Mix","","McCormick Au Jus Gravy Mix","1.09","0.0","Market Basket","1 oz","1 oz","2145.jpg","","9"
"33685","Breakfast & Dairy","Dairy & Eggs","Yogurt","Oikos","Oikos Triple Zero Blended Greek Yogurt Mixed Berry ","","Oikos Triple Zero Blended Greek Yogurt Mixed Berry ","3.75","0.0","Market Basket","5.3 oz","5.3 oz","X683.jpg","","1"
"30852","Breakfast & Dairy","Granola & Oats","Granola","Cascadian Farm ","Cascadian Farm Organic Oats & Honey Granola","021908743318","Cascadian Farm Organic Oats & Honey Granola","4.36","0.0","Market Basket","16 oz","16 oz","X3725.jpg","","5"
"32159","Frozen Food","Frozen Breakfast","Frozen Waffles","Kellogg's ","Kellogg's Eggo Frozen Homestyle ","038000217623","Kellogg's Eggo Frozen Homestyle ","2.99","0.0","Market Basket","12.3 oz","12.3 oz","X5026.jpg","","19"
"34645","Frozen Food","Frozen Dinners & Entrees","Frozen Meal","Stouffer's ","Stouffer's Baked Chicken","013800101709","Stouffer's Baked Chicken","3.36","0.0","Market Basket","8 7/8 oz","8 7/8 oz","X4258.jpg","","18"
"10021","Frozen Food","Ice Cream & Ice","Ice Cream & Ice","Edy's/dreyer's","Edy's/dreyer's Spumoni Ice Cream","","Edy's/dreyer's Spumoni Ice Cream","3.69","0.0","Market Basket","1.5 quart","1.5 quart","3020.jpg","","21"
"30022","Cooking Needs","Baking & Cooking","Stuffing Mix","ALEIAs ","Aleias Best Taste Ever Plain Stuffing Gluten Free and Dairy Free","","Aleias Best Taste Ever Plain Stuffing Gluten Free and Dairy Free","4.99","0.0","Market Basket","10 oz","10 oz","X16.jpg","","1"
"5503","Chips, Cookies & Snacks","Candy & Chocolates","Candy & Chocolate","M&M","M&M Milk Chocolate Candies With Peanut","","M&M Milk Chocolate Candies With Peanut","3.69","0.0","Market Basket","14 oz","14 oz","No Image.jpg","","3"
"8703","Condiments & Dressings","Pickled Goods & Olives","Pickled Goods & Olives","Trappey's","Trappey's Hot Jalapeno Peppers","","Trappey's Hot Jalapeno Peppers","2.99","0.0","Market Basket","12 oz","12 oz","15536.jpg","","2"
"31084","Breakfast & Dairy","Dairy & Eggs","Yogurt","Dannon","Dannon Whole Milk Yogurt Vitamin D Vanilla ","","Dannon Whole Milk Yogurt Vitamin D Vanilla ","3.49","0.0","Market Basket","32 oz","32 oz","X186.jpg","","1"
"13679","Breakfast & Dairy","Dairy & Eggs","Packaged Cheese","Frigo","Frigo String Cheese, Original, 12 Pack","","Frigo String Cheese, Original, 12 Pack","4.29","0.0","Market Basket","12 oz","12 oz","14573.jpg","","1"
"7608","Cooking Needs","Canned Food","Canned & Jarred Vegetables","Wei Chuan","Wei Chuan Sliced Bamboo Shoots","","Wei Chuan Sliced Bamboo Shoots","1.39","0.0","Market Basket","19 oz","19 oz","17117.jpg","","9"
"31899","Breakfast & Dairy","Dairy & Eggs","Coffee Creamer","International Delight","French Vanilla INTERNATIONAL Delight NO CREAMER ? NO COFFEE","","French Vanilla INTERNATIONAL Delight NO CREAMER ? NO COFFEE","3.99","0.0","Market Basket","32 fl oz","32 fl oz","X367.jpg","","1"
"32360","Cooking Needs","Rice & Grains","Rice/Pasta Sides","Knorr","Knorr Pasta Sides Alfredo","041000022531","Knorr Pasta Sides Alfredo","1.25","0.0","Market Basket","4.4 oz","4.4 oz","X1168.jpg","","4"
"34420","Frozen Food","Frozen Pasta","Frozen Pasta","Rosetto","Rosetto Beef Ravioli","041549003701","Rosetto Beef Ravioli","4.36","0.0","Market Basket","25 oz","25 oz","X4313.jpg","","18"
"4824","Chips, Cookies & Snacks","Chips & Fruit Snacks","Chips & Pretzels","Cape Cod","Cape Cod Potato Chips, Reduced Fat Original Kettle Cooked Chips","","Cape Cod Potato Chips, Reduced Fat Original Kettle Cooked Chips","6.23","0.0","Market Basket","14 oz","14 oz","914.jpg","","0"
"5233","Chips, Cookies & Snacks","Chips & Fruit Snacks","Chips & Pretzels","Bachman","Bachman Butter Twists Pretzels","","Bachman Butter Twists Pretzels","3.91","0.0","Market Basket","10 oz","10 oz","No Image.jpg","","0"
"34107","Breakfast & Dairy","Cereal","Cereal","Post ","Post Oats of Honey Bunches Cereal Honey Roasted","884912014245","Post Oats of Honey Bunches Cereal Honey Roasted","3.75","0.0","Market Basket","14.5 oz","14.5 oz","X3317.jpg","","5"
"101","Kitchen & Cleaning","Cleaning Products","Bathroom Cleaner","Oxi Clean","Scrub Free Plus Foaming Oxi Clean Lemon Scent Total Bathroom Cleaner","","Scrub Free Plus Foaming Oxi Clean Lemon Scent Total Bathroom Cleaner","2.49","1.0","Market Basket","32 fl oz","32 fl oz","16807.jpg","","15"
"32436","Condiments & Dressings","Marinades, Ketchup & Sauces","Sauce","La Choy ","La Choy Sweet & Sour Stir-Fry Sauce Marinade ","044300120822","La Choy Sweet & Sour Stir-Fry Sauce Marinade ","3.24","0.0","Market Basket","14.8 oz","14.8 oz","X5374.jpg","","3"
"14770","Personal Care","Body Wash, Soap & Hair Care","Hair Care","Pantene","Pantene Classic Clean Pantene Pro-V Classic Clean Conditioner 20 fl oz Female Hair Care","","Pantene Classic Clean Pantene Pro-V Classic Clean Conditioner 20 fl oz Female Hair Care","8.04","1.0","Market Basket","21.1 fl oz","21.1 fl oz","6573.jpg","","13"
"5077","Chips, Cookies & Snacks","Cookies & Crackers","Cookies & Cakes","Market Basket","Market Basket Honey Graham Crackers","","Market Basket Honey Graham Crackers","3.13","0.0","Market Basket","14.4 oz","14.4 oz","Market Basket.jpg","","6"
"30135","Pasta & Sauces","Instant Pasta","Instant Pasta","Annie's ","Annies Homegrown Apirals wirh Butter & Parmesan Macaroni & Cheese","013562300143","Annies Homegrown Apirals wirh Butter & Parmesan Macaroni & Cheese","1.88","0.0","Market Basket","5.25 oz","5.25 oz","X1224.jpg","","4"
"30357","Breakfast & Dairy","Granola & Oats","Granola","Bear Naked ","Bear Naked Granola Orignal Cinnamon","884623100787","Bear Naked Granola Orignal Cinnamon","4.74","0.0","Market Basket","11.2 oz","11.2 oz","X3781.jpg","","5"
"30601","Beverages & Juices","Energy & Sports Drinks","Energy & Sports Drinks","Body Armor","Body Armor Super Drink Blackout Berry","858176002331","Body Armor Super Drink Blackout Berry","2.08","0.0","Market Basket","28 fl oz","28 fl oz","X2685.jpg","","10"
"5042","Chips, Cookies & Snacks","Cookies & Crackers","Cookies & Cakes","Dare","Dare Maple Creme Cookies","","Dare Maple Creme Cookies","3.91","0.0","Market Basket","10.6 oz","10.6 oz","No Image.jpg","","6"
"34605","Cooking Needs","Oils & Vinegars","Oils & Vinegars","Spectrum","Spectrum Culinary Partens In Cooking Walnut Oil Expeller Refind Midium High Heat ","022506135109","Spectrum Culinary Partens In Cooking Walnut Oil Expeller Refind Midium High Heat ","8.74","0.0","Market Basket","16 oz","16 oz","X1955.jpg","","2"
"9980","Frozen Food","Ice Cream & Ice","Ice Cream & Ice","Breyer's","Breyers Frozen Dairy Dessert Vanilla","","Breyers Frozen Dairy Dessert Vanilla","3.09","0.0","Market Basket","48 oz","48 oz","18017.jpg","","21"
"14618","Breakfast & Dairy","Tea & Coffee","Tea","Tetley","Tetley Decaffeinated Classic Black Tea","","Tetley Decaffeinated Classic Black Tea","3.69","0.0","Market Basket","72 count","72 count","16316.jpg","","8"
"15145","Personal Care","Personal Needs","Oral Hygiene","Aim","Aim Ultra Mint Gel Anticavity Fluoride Gel Toothpaste","","Aim Ultra Mint Gel Anticavity Fluoride Gel Toothpaste","1.48","1.0","Market Basket","6 oz","6 oz","17794.jpg","","13"
"32113","Breakfast & Dairy","Cereal","Cereal","Kellogg's ","Kellogg's Special K Fruit & Yougurt Family Size","038000143656","Kellogg's Special K Fruit & Yougurt Family Size","4.99","0.0","Market Basket","19.1 oz","19.1 oz","X3355.jpg","","5"
"30963","Pasta & Sauces","Pasta Sauce","Pasta Sauce","Classico","Classico Pasta Sauce Italian Sausage with Peppers and Onions","041129077023","Classico Pasta Sauce Italian Sausage with Peppers and Onions","2.5","0.0","Market Basket","24 oz","24 oz","X1492.jpg","","4"
"31560","Beverages & Juices","Juices & Refrigerated Drinks","Refrigerated Drinks","Goodbelly","Goodbelly USDA ORGANIC Digestive Health Made Simple GoodBelly PROBIOTICS","","Goodbelly USDA ORGANIC Digestive Health Made Simple GoodBelly PROBIOTICS","4.99","0.0","Market Basket","10.8 fl oz","10.8 fl oz","X305.jpg","","1"
"6406","Beverages & Juices","Water","Sparkling Water","Sparkling ICE","Sparkling ICE 4 Pack","","Sparkling ICE 4 Pack","12.49","0.0","Market Basket","12 x 17 fl oz","12 x 17 fl oz","No Image.jpg","","11"
"32843","Breakfast & Dairy","Breads & Rolls","Bread","Market Basket","Market Basket Rediced Calorie Oatmeal Bread","049705100196","Market Basket Rediced Calorie Oatmeal Bread","1.88","0.0","Market Basket","16 oz","16 oz","X2368.jpg","","18"
"33017","Pasta & Sauces","Raw Pasta","Raw Pasta","Market Basket","Market Basket Pasta Ditalini","049795032909","Market Basket Pasta Ditalini","1.25","0.0","Market Basket","16 oz","16 oz","X1672.jpg","","4"
"33714","Condiments & Dressings","Salad Dressings & Toppings","Salad Dressing & Toppings","Olive Garden ","Olive Garden Italian Kitchen Red Wine Balsamic Dressing ","","Olive Garden Italian Kitchen Red Wine Balsamic Dressing ","3.99","0.0","Market Basket","16 fl oz","16 fl oz","X696.jpg","","2"
"13409","Breakfast & Dairy","Dairy & Eggs","Eggs","Feel Good Foods","Feel Good Foods Egg White Patties","","Feel Good Foods Egg White Patties","4.29","0.0","Market Basket","5 count","5 count","14758.jpg","","20"
"14629","Breakfast & Dairy","Tea & Coffee","Tea","Traditional Medicinals","Traditional Medicinals Seasonal Teas Organic Echinacea Plus, Caffeine Free Herbal Tea","","Traditional Medicinals Seasonal Teas Organic Echinacea Plus, Caffeine Free Herbal Tea","4.89","0.0","Market Basket","16 count","16 count","3496.jpg","","8"
"33920","Condiments & Dressings","Pickled Goods & Olives","Olives","Pearls ","Pearls Musco Family Olive Co Specialties Pitted Medley Greek Olives Superior Quality Guaranteed","072999197030","Pearls Musco Family Olive Co Specialties Pitted Medley Greek Olives Superior Quality Guaranteed","5.61","0.0","Market Basket","7.5 oz","7.5 oz","X2243.jpg","","2"
"13797","Breakfast & Dairy","Dairy & Eggs","Packaged Cheese","Sargento","Sargento Balanced Breaks with Natural Sharp Cheddar Cheese with Cashews and Cherry Juice Infused Dried Cranberries","","Sargento Balanced Breaks with Natural Sharp Cheddar Cheese with Cashews and Cherry Juice Infused Dried Cranberries","3.69","0.0","Market Basket","3 x 1.5 oz","3 x 1.5 oz","160.jpg","","1"
"3503","Fresh Produce","Fresh Organic Vegetables","Lemon","Market Basket","Organic Lemons","","Organic Lemons","4.94","0.0","Market Basket","3 count","3 count","f116.jpg","","20"
"32841","Breakfast & Dairy","Breads & Rolls","Bagels","Market Basket","Market Basket Deli Slims 100% Whole Wheat","049705545577","Market Basket Deli Slims 100% Whole Wheat","2.5","0.0","Market Basket","12 oz","12 oz","X2422.jpg","","18"
"32662","Breakfast & Dairy","Cereal","Cereal","Malt O Meal","Malt O Meal Marshmallows Mateys","042400069386","Malt O Meal Marshmallows Mateys","3.75","0.0","Market Basket","18 oz","18 oz","X3476.jpg","","5"
"10205","Frozen Food","Ice Cream & Ice","Ice Cream & Ice","Popsicle","Popsicle Ice Pops Orange Cherry Grape","","Popsicle Ice Pops Orange Cherry Grape","4.39","0.0","Market Basket","20 count","20 count","3147.jpg","","21"
"15058","Personal Care","Personal Needs","Deodorants","Suave","Suave Aerosol Antiperspirant Deodorant Powder","","Suave Aerosol Antiperspirant Deodorant Powder","4.24","1.0","Market Basket","6 oz","6 oz","6315.jpg","","13"
"34908","Frozen Food","Frozen Dessert","Frozen Dessert","Truwhip ","Truwhip Original Whipped Topping ","811271001616","Truwhip Original Whipped Topping ","1.88","0.0","Market Basket","9 oz","9 oz","X4971.jpg","","19"
"15052","Personal Care","Personal Needs","Deodorants","Speed Stick","Speed Stick Antiperspirant/Deodorant Power Fresh","","Speed Stick Antiperspirant/Deodorant Power Fresh","3.55","1.0","Market Basket","3 oz","3 oz","6310.jpg","","13"
"35307","Richardson's Farm Ice Cream","Ice Cream","Peanut Butter","Richarson's Farm","Richarson's Farm Peanut Butter Oreo Ice Cream 16% Butterfat","","Peanut butter ice cream base with Oreo cookies pieces","7.99","0.0","Richardson's Farm","1-2 Gal. Container","1-2 Gal. Container","RichardsonsFarm.jpg","",""
"4498","Meat & Seafood","Lunch Meat","Ham","Fresh","Oscar Mayer Deli Fresh Honey Ham","","Oscar Mayer Deli Fresh Honey Ham","4.09","0.0","Market Basket","9 oz","9 oz","5403.jpg","","1"
"5310","Chips, Cookies & Snacks","Cookies & Crackers","Cookies & Cakes","Newman's Own","Newman's Own Hint O Mint Cookies","","Newman's Own Hint O Mint Cookies","3.91","0.0","Market Basket","8 oz","8 oz","No Image.jpg","","6"
"34765","Condiments & Dressings","Marinades, Ketchup & Sauces","Marinades & Meat Preparation","Sweet Baby Ray's","Sweet Baby Ray's Gourmet Sauces Honey Teriyaki Sauce & Marinade For Poultry,Meat,Seafood,Veggies ","013409128428","Sweet Baby Ray's Gourmet Sauces Honey Teriyaki Sauce & Marinade For Poultry,Meat,Seafood,Veggies ","2.86","0.0","Market Basket","12 fl oz","12 fl oz","X2074.jpg","","2"
"34912","Breakfast & Dairy","Dairy & Eggs","Yogurt","Two Good","Two Good 2G Sugar Strawberry Flavored greek Yogurt ","","Two Good 2G Sugar Strawberry Flavored greek Yogurt ","1.25","0.0","Market Basket","5.3 oz","5.3 oz","X865.jpg","","1"
"34186","Beverages & Juices","Tea, Coffee, Milk & Coconut Water","Tea","Pure Leaf","Pure Leaf Raspberry Real Brewed Tea","012000286223","Pure Leaf Raspberry Real Brewed Tea","1.24","0.0","Market Basket","18.5 fl oz","18.5 fl oz","X2954.jpg","","10"
"4015","Fresh Produce","Fresh Vegetables","Sweet Potato","Market Basket","Sweet Potato (Yam)","","Sweet Potato (Yam)","3.21","0.0","Market Basket","3 lb bag","3 lb bag","14327.jpg","","20"
"14397","Breakfast & Dairy","Tea & Coffee","Coffee","Green Mountain","Green Mountain Coffee K Cup Pods Hazelnut","","Green Mountain Coffee K Cup Pods Hazelnut","8.59","0.0","Market Basket","12 count","12 count","3353.jpg","","8"
"7536","Cooking Needs","Canned Food","Canned & Jarred Vegetables","Market Basket","Market Basket Whole Kernel Golden Corn","","Market Basket Whole Kernel Golden Corn","0.99","0.0","Market Basket","11 oz","11 oz","Market Basket.jpg","","9"
"35296","Richardson's Farm Ice Cream","Ice Cream","Smores","Richarson's Farm","Richarson's Farm Campfire Smores Ice Cream 16% Butterfat","","Smores Ice Cream","32.99","0.0","Richardson's Farm","3 Gal. Tub","3 Gal. Tub","RichardsonsFarm.jpg","",""
"34268","Breakfast & Dairy","Granola & Oats","Oats","Quaker ","Quaker Organic Maple & Brown Sugar Instant Oatmeal","030000015544","Quaker Organic Maple & Brown Sugar Instant Oatmeal","3.75","0.0","Market Basket","8 x 1.44 oz","8 x 1.44 oz","X3594.jpg","","5"
"6689","Beverages & Juices","Juices & Refrigerated Drinks","Refrigerated Drinks","Welch's","Welch's Fruit Juice Cocktail Blend Passion Fruit","","Welch's Fruit Juice Cocktail Blend Passion Fruit","2.99","0.0","Market Basket","59 fl oz","59 fl oz","3860.jpg","","1"
"34386","Cooking Needs","Rice & Grains","Grains, Rice & Dried Goods","Rice Select","Rice Select White Jasmati Signature Variety American Style Basmati Rice Gluten Free","074401610410","Rice Select White Jasmati Signature Variety American Style Basmati Rice Gluten Free","7.49","0.0","Market Basket","32 oz","32 oz","X1120.jpg","","4"
"9056","Condiments & Dressings","Preserved Dips & Spreads","Spreads","Smucker's","Smucker's Sugar Free Apricot Preserves Sweetened with Splenda","","Smucker's Sugar Free Apricot Preserves Sweetened with Splenda","2.99","0.0","Market Basket","12.75 oz","12.75 oz","1621.jpg","","3"
"234","Kitchen & Cleaning","Dish Detergents","Dish Liquid","Cascade","Cascade Dawn 10X Power Dishwashing Detergent","","Cascade Dawn 10X Power Dishwashing Detergent","4.89","1.0","Market Basket","20 count","20 count","4329.jpg","","15"
"34867","Frozen Food","Frozen Breakfast","Frozen Burrito","Tina's","Tina's Big Burrito Beef and Been","079606010201","Tina's Big Burrito Beef and Been","1.24","0.0","Market Basket","10 oz","10 oz","X4828.jpg","","19"
"4299","Meat & Seafood","Meat & Seafood Counter","Other Meat","Market Basket","Market Basket Select Thin Boneless Strip","","Market Basket Select Thin Boneless Strip","10.19","0.0","Market Basket","Approx: 1.01 lb at $10.1/lb","Approx: 1.01 lb at $10.1/lb","Market Basket.jpg","","22"
"4099","Meat & Seafood","Meat & Seafood Counter","Beef","Market Basket","Market Basket Choice Beef Tenderloin Steak","","Market Basket Choice Beef Tenderloin Steak","21.99","0.0","Market Basket","1 lb","1 lb","Market Basket.jpg","","22"
"8718","Condiments & Dressings","Preserved Dips & Spreads","Preserved Dips & Salsa","Cedar","Cedar All Natural Hommus, Chipotle","","Cedar All Natural Hommus, Chipotle","2.49","0.0","Market Basket","16 oz","16 oz","No Image.jpg","","1"
"3853","Fresh Produce","Fresh Vegetables","Gold Potato","Market Basket","Yukon Gold Potatoes bag","","Yukon Gold Potatoes bag","4.24","0.0","Market Basket","5 lb bag","5 lb bag","25.jpg","","20"
"34721","Cooking Needs","Oils & Vinegars","Oils & Vinegars","Sun Luck ","Sun Luck Pure Sesame Oil All Natural ","076132090073","Sun Luck Pure Sesame Oil All Natural ","4.99","0.0","Market Basket","14 fl oz","14 fl oz","X1967.jpg","","2"
"4085","Meat & Seafood","Meat & Seafood Counter","Beef","Market Basket","Market Basket Beef Loin Strip Boneless Sirloin Steak","","Market Basket Beef Loin Strip Boneless Sirloin Steak","14.63","0.0","Market Basket","Approx: 1.21 lb at $12.1/lb","Approx: 1.21 lb at $12.1/lb","4040.jpg","","22"
"5874","Beverages & Juices","Cocoa & Drink Mixes","Cocoa & Drink Mixes","4C","4C Half & Half Iced Tea Lemonade","","4C Half & Half Iced Tea Lemonade","6.24","0.0","Market Basket","47.2 oz","47.2 oz","No Image.jpg","","17"
"14672","Personal Care","Body Wash, Soap & Hair Care","Body Lotion","Olay","Olay Quench Ultra Moisture Shea Butter Body Lotion","","Olay Quench Ultra Moisture Shea Butter Body Lotion","7.0","1.0","Market Basket","8.4 fl oz","8.4 fl oz","6376.jpg","","13"
"5622","Chips, Cookies & Snacks","Chips & Fruit Snacks","Fruit & Vegetable Snacks","Harvest Snaps","Harvest Snaps Black Pepper Snapea Crisps","","Harvest Snaps Black Pepper Snapea Crisps","1.89","0.0","Market Basket","3.3 oz","3.3 oz","14882.jpg","","20"
"619","Laundry & Paper Goods","Paper Goods","Wipes","Kleenex","Kleenex Ultra Soft","","Kleenex Ultra Soft","2.5","1.0","Market Basket","110 count","110 count","No Image.jpg","","14"
"30370","Frozen Food","Frozen Dinners & Entrees","Frozen Meal","Benihana ","Benihana Hibachi Chicken Rice","021000070701","Benihana Hibachi Chicken Rice","4.99","0.0","Market Basket","10 oz","10 oz","X4095.jpg","","18"
"33447","Condiments & Dressings","Honey, Syrup & Nectars","Honey","Nature Nates","Nature Nates Raw & Unfiltered Honey","038778830161","Nature Nates Raw & Unfiltered Honey","7.49","0.0","Market Basket","16 oz","16 oz","X3181.jpg","","2"
"32473","Beverages & Juices","Juices & Refrigerated Drinks","Juice & Nectars","Langers","Langers Cranberry Pomegranate Juice Cocktail from Concentrate","041755008507","Langers Cranberry Pomegranate Juice Cocktail from Concentrate","3.13","0.0","Market Basket","64 fl oz","64 fl oz","X2804.jpg","","10"
"33705","Meat & Seafood","Packaged Meat & Seafood","Hot Dogs & Franks","Old Neighborhood ","Old Neighborhood Hot Dogs","","Old Neighborhood Hot Dogs","8.74","0.0","Market Basket","32 oz","32 oz","X4563.jpg","","1"
"4143","Meat & Seafood","Meat & Seafood Counter","Codfish","Market Basket","Market Basket Cod Loins","","Market Basket Cod Loins","16.01","0.0","Market Basket","Approx: 1.10 lb at $14.6/lb","Approx: 1.10 lb at $14.6/lb","Market Basket.jpg","","22"
"14553","Breakfast & Dairy","Tea & Coffee","Tea","Celestial Seasonings","Celestial Seasonings Peppermint Herbal Tea, Caffeine Free","","Celestial Seasonings Peppermint Herbal Tea, Caffeine Free","3.09","0.0","Market Basket","20 count","20 count","3480.jpg","","8"
"10047","Frozen Food","Ice Cream & Ice","Ice Cream & Ice","Friendly's","Friendly's Premium Ice Cream Rich & Creamy Party Cake","","Friendly's Premium Ice Cream Rich & Creamy Party Cake","4.89","0.0","Market Basket","1.5 quart","1.5 quart","3059.jpg","","21"
"30923","Breakfast & Dairy","Dairy & Eggs","Yogurt","Chobani","Chobani Flip Cookies & Cream ","","Chobani Flip Cookies & Cream ","1.25","0.0","Market Basket","5.3 oz","5.3 oz","X130.jpg","","1"
"33333","Meat & Seafood","Packaged Meat & Seafood","Burger","Morning Stars Farms ","Morning Stars Farms Garden Veggie ","","Morning Stars Farms Garden Veggie ","4.61","0.0","Market Basket","9.5 oz","9.5 oz","X4771.jpg","","1"
"32759","Frozen Food","Frozen Pasta","Frozen Pasta","Marie Callender's","Marie Callender's Garden Tomato Four Cheese Ravioli Bowl","021131000530","Marie Callender's Garden Tomato Four Cheese Ravioli Bowl","3.13","0.0","Market Basket","11 oz","11 oz","X4052.jpg","","18"
"15163","Personal Care","Personal Needs","Oral Hygiene","Colgate","Colgate Fluoride Toothpaste Baking Soda & Peroxide Whitening Frosty Mint Stripe","","Colgate Fluoride Toothpaste Baking Soda & Peroxide Whitening Frosty Mint Stripe","2.86","1.0","Market Basket","6.4 oz","6.4 oz","6393.jpg","","13"
"32425","Condiments & Dressings","Pickled Goods & Olives","Olives","Krinos ","Krinos Imported Pitted Kalamata Olives Marinated In Brine","075013244000","Krinos Imported Pitted Kalamata Olives Marinated In Brine","6.24","0.0","Market Basket","1 lb","1 lb","X2297.jpg","","2"
"32833","Breakfast & Dairy","Breads & Rolls","Bagels","Market Basket","Market Basket Bagels Blueberry","049705108949","Market Basket Bagels Blueberry","2.5","0.0","Market Basket","22 oz","22 oz","X2414.jpg","","18"
"14851","Personal Care","Body Wash, Soap & Hair Care","Soap","Ivory","Ivory Clean Original Bath Bar 4.0oz, 10 count","","Ivory Clean Original Bath Bar 4.0oz, 10 count","7.0","1.0","Market Basket","38.8 oz","38.8 oz","6363.jpg","","13"
"4837","Chips, Cookies & Snacks","Chips & Fruit Snacks","Chips & Pretzels","Doritos","Doritos Cool Ranch Tortilla Chips","","Doritos Cool Ranch Tortilla Chips","4.99","0.0","Market Basket","9.75 oz","9.75 oz","953.jpg","","0"
"32462","Breakfast & Dairy","Dairy & Eggs","Eggnog","Lactaid","Lactaid ENJOY EGGOG AGAIN EGGNOG Grade A Ultra Pasteurized 100% Lactose Free Real Eggnog","","Lactaid ENJOY EGGOG AGAIN EGGNOG Grade A Ultra Pasteurized 100% Lactose Free Real Eggnog","3.74","0.0","Market Basket","964 ml","964 ml","X471.jpg","","1"
"32657","Breakfast & Dairy","Cereal","Cereal","Malt O Meal","Malt O Meal Coco Roos","042400069379","Malt O Meal Coco Roos","3.75","0.0","Market Basket","17.7 oz","17.7 oz","X3471.jpg","","5"
"7880","Cooking Needs","Canned Food","Canned Meat & Seafood","Snow's","Snow's All Natural Clam Juice","","Snow's All Natural Clam Juice","2.99","0.0","Market Basket","8 fl oz","8 fl oz","17167.jpg","","2"
"227","Kitchen & Cleaning","Cleaning Products","Toilet Cleaner","X-14","X-14 Toilet Bowl Cleaner","","X-14 Toilet Bowl Cleaner","1.69","1.0","Market Basket","1.7 oz","1.7 oz","16785.jpg","","15"
"5116","Chips, Cookies & Snacks","Cookies & Crackers","Cookies & Cakes","Pepperidge Farm","Pepperridge Farm Sanibel Snickerdoodle","","Pepperridge Farm Sanibel Snickerdoodle","4.69","0.0","Market Basket","8.6 oz","8.6 oz","No Image.jpg","","6"
"32153","Frozen Food","Frozen Breakfast","Frozen Waffles","Kellogg's ","Kellogg's Eggo Thick & Fluffy Blueberry ","038000131929","Kellogg's Eggo Thick & Fluffy Blueberry ","3.36","0.0","Market Basket","11.6 oz","11.6 oz","X5020.jpg","","19"
"33668","Beverages & Juices","Juices & Refrigerated Drinks","Juice & Nectars","Ocean Spray","Ocean Spray Cranberry 100% Juice No sugar Added","031200034694","Ocean Spray Cranberry 100% Juice No sugar Added","3.99","0.0","Market Basket","64 fl oz","64 fl oz","X2834.jpg","","10"
"34151","Pasta & Sauces","Pasta Sauce","Pasta Sauce","Prego","Prego Farmers Market Classic Marinara sauce made with Vine Ripened Tomatoes, Olive Oil and Oregano","051000227447","Prego Farmers Market Classic Marinara sauce made with Vine Ripened Tomatoes, Olive Oil and Oregano","3.75","0.0","Market Basket","23.5 oz","23.5 oz","X1445.jpg","","4"
"3829","Fresh Produce","Fresh Organic Vegetables","Mushroom","Hokto","Hokto Kinoko Company Organic Bunapi Mushroom","","Hokto Kinoko Company Organic Bunapi Mushroom","3.55","0.0","Market Basket","1 lb","1 lb","14412.jpg","","20"
"31475","Breakfast & Dairy","Cereal","Cereal","General Mills","General Mills Peanut Butter Chex","016000152335","General Mills Peanut Butter Chex","3.13","0.0","Market Basket","12.2 oz","12.2 oz","X3452.jpg","","5"
"5876","Beverages & Juices","Cocoa & Drink Mixes","Cocoa & Drink Mixes","4C","4C Light Green Tea with Honey","","4C Light Green Tea with Honey","4.99","0.0","Market Basket","13.9 oz","13.9 oz","No Image.jpg","","17"
"14120","Breakfast & Dairy","Dairy & Eggs","Yogurt","Danone","Danone Original Greek Strawberry Nonfat Yogurt","","Danone Original Greek Strawberry Nonfat Yogurt","1.29","0.0","Market Basket","5.3 oz","5.3 oz","14677.jpg","","1"
"14853","Personal Care","Body Wash, Soap & Hair Care","Soap","Kirk's","Kirk's Original Fresh Scent Gentle Castile Soap","","Kirk's Original Fresh Scent Gentle Castile Soap","3.78","1.0","Market Basket","4 oz","4 oz","17757.jpg","","13"
"5165","Chips, Cookies & Snacks","Cookies & Crackers","Crackers","Carr's","Carr's Entertainment Cracker Collection","","Carr's Entertainment Cracker Collection","4.69","0.0","Market Basket","7.5 oz","7.5 oz","No Image.jpg","","6"
"141","Kitchen & Cleaning","Cleaning Products","Other Cleaning Products","Butler Gum","Butler Gum Crumb Catcher","","Butler Gum Crumb Catcher","2.99","1.0","Market Basket","1 count","1 count","4271.jpg","","15"
"13484","Beverages & Juices","Tea, Coffee, Milk & Coconut Water","Milk","Horizon","Horizon Lowfat Chocolate Milk","","Horizon Lowfat Chocolate Milk","14.69","0.0","Market Basket","8 fl oz","8 fl oz","514.jpg","","10"
"7451","Cooking Needs","Canned Food","Canned & Jarred Vegetables","Goya","Goya Salad Cut Hearts of Palm","","Goya Salad Cut Hearts of Palm","2.69","0.0","Market Basket","14.1 oz","14.1 oz","5041.jpg","","9"
"33122","Condiments & Dressings","Marinades, Ketchup & Sauces","Mayonnaise","Market Basket ","Market Basket Light Reduced Colorie Mayonnaise ","049705021460","Market Basket Light Reduced Colorie Mayonnaise ","1.99","0.0","Market Basket","15 fl oz","15 fl oz","X1707.jpg","","2"
"35329","Richardson's Farm Ice Cream","Frozen Yogurt","Vanilla","Richarson's Farm","Richarson's Farm French Vanilla Frozen Yogurt 95% Fat Free","","Vanilla yogurt with real eggs for a richer flavor","29.99","0.0","Richardson's Farm","3 Gal. Tub","3 Gal. Tub","RichardsonsFarm.jpg","",""
"9814","Frozen Food","Frozen Produce","Frozen Produce","Green Giant","Green Giant Chopped Spinach Steamers","","Green Giant Chopped Spinach Steamers","2.09","0.0","Market Basket","9 oz","9 oz","2452.jpg","","19"
"4122","Meat & Seafood","Meat & Seafood Counter","Chicken Breast","Market Basket","Market Basket Boneless Skinless Chicken Breasts with Rib Meat","","Market Basket Boneless Skinless Chicken Breasts with Rib Meat","6.24","0.0","Market Basket","Approx: 1.50 lb","Approx: 1.50 lb","4054.jpg","","22"
"34409","Condiments & Dressings","Marinades, Ketchup & Sauces","Sauce","Roland","Roland Hot Sesame Oil ","041224872004","Roland Hot Sesame Oil ","5.24","0.0","Market Basket","6.28 fl oz","6.28 fl oz","X5377.jpg","","3"
"30553","Cooking Needs","Baking & Cooking","Flour","Bob's Red Mill","Bob's Red Mill Super Fine Almond Four ","039978053817","Bob's Red Mill Super Fine Almond Four ","9.99","0.0","Market Basket","16 oz","16 oz","X5261.jpg","","3"
"32600","Beverages & Juices","Tea, Coffee, Milk & Coconut Water","Tea","Lipton","Lipton Green Tea Citrus","012000024535","Lipton Green Tea Citrus","4.11","0.0","Market Basket","128 fl oz","128 fl oz","X3038.jpg","","10"
"6848","Cooking Needs","Baking & Cooking","Baking Ingredients","Gold Medal","Gold Medal Unbleached All Purpose Flour","","Gold Medal Unbleached All Purpose Flour","3.09","0.0","Market Basket","5 lb","5 lb","2363.jpg","","8"
"10056","Frozen Food","Ice Cream & Ice","Ice Cream & Ice","Frosty Paws","Frosty Paws Original Flavor Dog Treats","","Frosty Paws Original Flavor Dog Treats","4.29","0.0","Market Basket","4 count","4 count","16109.jpg","","21"
"14388","Breakfast & Dairy","Tea & Coffee","Coffee","Green Mountain","Green Mountain Coffee French Vanilla Decaf K Cup Packs Coffee","","Green Mountain Coffee French Vanilla Decaf K Cup Packs Coffee","8.59","0.0","Market Basket","12 x 0.33 oz","12 x 0.33 oz","3361.jpg","","8"
"3803","Fresh Produce","Fresh Organic Vegetables","Asparagus","Market Basket","Organic Large Asparagus bunch","","Organic Large Asparagus bunch","8.5","0.0","Market Basket","1 lb","1 lb","14364.jpg","","20"
"7740","Cooking Needs","Canned Food","Canned Meals & Beans","Goya","Goya Beans Black","","Goya Beans Black","2.19","0.0","Market Basket","29 oz","29 oz","5103.jpg","","7"
"31563","Beverages & Juices","Juices & Refrigerated Drinks","Refrigerated Drinks","Goodbelly","GOODBELLY PROBIOTICS Pomegranate Blackberry FLAVORS JuiceDrink 20 Billion Probiotics Per Serving","","GOODBELLY PROBIOTICS Pomegranate Blackberry FLAVORS JuiceDrink 20 Billion Probiotics Per Serving","4.61","0.0","Market Basket","32 fl oz","32 fl oz","X309.jpg","","1"
"33236","Breakfast & Dairy","Breads & Rolls","Swirl Bread","Martin's","Martin's Maple Sugar Swirl Bread","075185006062","Martin's Maple Sugar Swirl Bread","3.75","0.0","Market Basket","16 oz","16 oz","X2554.jpg","","18"
"7900","Cooking Needs","Canned Food","Canned Meat & Seafood","Swanson","Swanson Premium White Chunk Chicken Breast","","Swanson Premium White Chunk Chicken Breast","2.09","0.0","Market Basket","4.5 oz","4.5 oz","17151.jpg","","2"
"13944","Breakfast & Dairy","Dairy & Eggs","Specialty Cheeses","Land O' Lakes","Land O' Lakes American Cheese","","Land O' Lakes American Cheese","6.09","0.0","Market Basket","1 lb","1 lb","Market Basket.jpg","","22"
"13929","Breakfast & Dairy","Dairy & Eggs","Specialty Cheeses","BelGioioso","Belgioioso Parmesan Cheese","","Belgioioso Parmesan Cheese","6.69","0.0","Market Basket","12 oz","12 oz","Market Basket.jpg","","1"
"8448","Condiments & Dressings","Marinades, Ketchup & Sauces","Marinades & Meat Preparation","McCormick","McCormick Homestyle Gravy Mix","","McCormick Homestyle Gravy Mix","1.59","0.0","Market Basket","0.87 oz","0.87 oz","1972.jpg","","9"
"30113","Breakfast & Dairy","Bars & Pastries","Granola Bars","Annie's","Annie's Organic Chewy Granola Bars Oatmeal Raisin","013562002610","Annie's Organic Chewy Granola Bars Oatmeal Raisin","3.75","0.0","Market Basket","6 x 0.89 oz","6 x 0.89 oz","X3929.jpg","","5"
"32811","Chips, Cookies & Snacks","Candy & Chocolates","Candy & Chocolate","Market Basket","Market Basket Spearmint Starlites ","","Market Basket Spearmint Starlites ","1.88","0.0","Market Basket","13 oz","13 oz","X527.jpg","","3"
"13379","Breakfast & Dairy","Dairy & Eggs","Cream","Market Basket","Reddi Wip Real Cream Whipped Topping","","Reddi Wip Real Cream Whipped Topping","2.79","0.0","Market Basket","6.5 fl oz","6.5 fl oz","14748.jpg","","1"
"8333","Condiments & Dressings","Fresh Dips & Tapenades","Fresh Dips & Tapenades","Marzetti","Marzetti Spinach Veggie Dip","","Marzetti Spinach Veggie Dip","3.09","0.0","Market Basket","14 oz","14 oz","5538.jpg","","1"
"8026","Cooking Needs","Canned Food","Soup, Broth & Bouillon","Knorr","Knorr Cube Bouillon Vegetable","","Knorr Cube Bouillon Vegetable","1.49","0.0","Market Basket","2.1 oz","2.1 oz","17216.jpg","","2"
"15314","Personal Care","Vitamins & Proteins","Vitamins & Supplements","Centrum","Centrum Multivitamin with Minerals","","Centrum Multivitamin with Minerals","15.51","1.0","Market Basket","125 count","125 count","6707.jpg","","13"
"6385","Beverages & Juices","Water","Sparkling Water","Polar","Polar Orange Vanilla Sparkling Water","","Polar Orange Vanilla Sparkling Water","1.24","0.0","Market Basket","1 L","1 L","No Image.jpg","","11"
"13837","Breakfast & Dairy","Dairy & Eggs","Refrigerated Pudding & Desserts","KozyShack","KozyShack Original Recipe Rice Pudding","","KozyShack Original Recipe Rice Pudding","3.29","0.0","Market Basket","22 oz","22 oz","819.jpg","","19"
"31944","Breakfast & Dairy","Granola & Oats","Oats","John McCann's","John McCann's Oat Meal Non GMO ","072463000200","John McCann's Oat Meal Non GMO ","7.49","0.0","Market Basket","28 oz ","28 oz ","X3558.jpg","","5"
"32345","Chips, Cookies & Snacks","Candy & Chocolates","Candy & Chocolate","Kitkat ","Kitkat Crisp Wafers In Milk Chocolate ","","Kitkat Crisp Wafers In Milk Chocolate ","2.11","0.0","Market Basket","4.5 oz","4.5 oz","X461.jpg","","3"
"30476","Breakfast & Dairy","Granola & Oats","Oats","Bob's Red Mill","Bob's Red Mill Organic Steel Oats The Golden Spurtle","039978039576","Bob's Red Mill Organic Steel Oats The Golden Spurtle","4.99","0.0","Market Basket","24 oz","24 oz","X3668.jpg","","5"
"240","Kitchen & Cleaning","Dish Detergents","Dish Liquid","Finish","Finish Powerball Max in 1 Dish Detergent","","Finish Powerball Max in 1 Dish Detergent","13.49","1.0","Market Basket","63 x 39.9 oz","63 x 39.9 oz","4348.jpg","","15"
"14496","Breakfast & Dairy","Tea & Coffee","Coffee","Vermont Coffee Company","Vermont Coffee Company Organic Dark Roast","","Vermont Coffee Company Organic Dark Roast","12.19","0.0","Market Basket","16 oz","16 oz","16272.jpg","","8"
"34664","Frozen Food","Frozen Dessert","Frozen Dessert","Stouffer's ","Stouffer's White Meat Chicken Pot Pie","013800106209","Stouffer's White Meat Chicken Pot Pie","3.36","0.0","Market Basket","10 oz","10 oz","X4278.jpg","","18"
"34355","Condiments & Dressings","Pickled Goods & Olives","Pickled Goods & Olives","Reese","Reese Raisin Sauce For Flavorful Meats & Side Dishes","070670004639","Reese Raisin Sauce For Flavorful Meats & Side Dishes","3.74","0.0","Market Basket","50.5 oz","50.5 oz","X2230.jpg","","2"
"8329","Condiments & Dressings","Fresh Dips & Tapenades","Fresh Dips & Tapenades","Marzetti","Marzetti French Onion Veggie Dip","","Marzetti French Onion Veggie Dip","3.09","0.0","Market Basket","14 oz","14 oz","5540.jpg","","20"
"30709","Frozen Food","Frozen Pasta","Frozen Pasta","Buitoni ","Buitoni Three Cheese & Asparagus Ravioli Frozen Pasta","","Buitoni Three Cheese & Asparagus Ravioli Frozen Pasta","7.49","0.0","Market Basket","18 oz","18 oz","X4674.jpg","","1"
"32049","Frozen Food","Frozen Breakfast","Frozen Waffles","Kashi","Kashi Original Waffles Light & Fulffy With Gluten Free Grains & Flax Seed ","018627102984","Kashi Original Waffles Light & Fulffy With Gluten Free Grains & Flax Seed ","3.61","0.0","Market Basket","10.1 oz","10.1 oz","X5011.jpg","","19"
"33132","Condiments & Dressings","Pickled Goods & Olives","Olives","Market Basket ","Market Basket Manzanilla Spanish Olives Suffed With Minced Pimento","049705019245","Market Basket Manzanilla Spanish Olives Suffed With Minced Pimento","4.99","0.0","Market Basket","8 oz","8 oz","X2261.jpg","","2"
"13704","Breakfast & Dairy","Dairy & Eggs","Packaged Cheese","Kraft","Kraft Singles 2% Milk Reduced Fat White American Cheese Slices","","Kraft Singles 2% Milk Reduced Fat White American Cheese Slices","3.29","0.0","Market Basket","16 x 10.7 oz","16 x 10.7 oz","129.jpg","","1"
"34732","Breakfast & Dairy","Bars & Pastries","Granola Bars","Sunbelt Bakery ","Sunbelt Bakery Peppermint Chocolate Chip Granola Bars","024300031243","Sunbelt Bakery Peppermint Chocolate Chip Granola Bars","3.13","0.0","Market Basket","8.27 oz","8.27 oz","X3792.jpg","","5"
"31656","Frozen Food","Frozen Dinners & Entrees","Frozen Meal","Healthy Choice","Healthy Choice Asian Potstickers","072655405936","Healthy Choice Asian Potstickers","3.13","0.0","Market Basket","9.9 oz","9.9 oz","X4069.jpg","","18"
"32783","Beverages & Juices","Juices & Refrigerated Drinks","Juice & Nectars","Market Basket","Market Basket Splash Topical Fruit","049705061060","Market Basket Splash Topical Fruit","2.24","0.0","Market Basket","64 fl oz","64 fl oz","X2885.jpg","","10"
"3931","Fresh Produce","Fresh Vegetables","Pepper","Market Basket","Mixed Peppers Pack - 4 CT","","Mixed Peppers Pack - 4 CT","5.05","0.0","Market Basket","1 pack","1 pack","FP79.jpg","","20"
"13417","Breakfast & Dairy","Dairy & Eggs","Eggs","Market Basket","Market Basket Cage Free Organic Eggs","","Market Basket Cage Free Organic Eggs","4.79","0.0","Market Basket","12 count","12 count","Market Basket.jpg","","1"
"4619","Meat & Seafood","Canned Meat & Seafood","Canned Sausage","Libby's","Libby's Chicken Vienna Sausage","","Libby's Chicken Vienna Sausage","0.69","0.0","Market Basket","4.6 oz","4.6 oz","17157.jpg","","2"
"35207","Breakfast & Dairy","Dairy & Eggs","Yogurt","Yoplait","Yoplait Original Made With Real Fruit 4 Strawberry & 4 Strawberry banana","","Yoplait Original Made With Real Fruit 4 Strawberry & 4 Strawberry banana","5.61","0.0","Market Basket","8 x 6 oz","8 x 6 oz","X941.jpg","","1"
"15183","Personal Care","Personal Needs","Oral Hygiene","Crest","Crest Complete Whitening + Scope Cool Peppermint Toothpaste","","Crest Complete Whitening + Scope Cool Peppermint Toothpaste","4.24","1.0","Market Basket","6.2 oz","6.2 oz","6421.jpg","","13"
"30252","Frozen Food","Frozen Dinners & Entrees","Frozen Meal","Banquet","Banquet Mega Meats, Original Classic Boneless Stripsaa","031000003807","Banquet Mega Meats, Original Classic Boneless Stripsaa","3.74","0.0","Market Basket","12.6 oz","12.6 oz","X4015.jpg","","18"
"34312","Pasta & Sauces","Pasta Sauce","Pasta Sauce","Rao's","Rao's Sensitive Marinara Homemade Pasta Sauce All Natural Premium","747479000604","Rao's Sensitive Marinara Homemade Pasta Sauce All Natural Premium","6.24","0.0","Market Basket","24 oz","24 oz","X1537.jpg","","4"
"34510","Frozen Food","Frozen Dinners & Entrees","Frozen Meal","Smart Ones","Smart Ones Homestyle Turkey Breast with Stuffing","025800019410","Smart Ones Homestyle Turkey Breast with Stuffing","2.5","0.0","Market Basket","9 oz","9 oz","X4193.jpg","","18"
"34796","Chips, Cookies & Snacks","Candy & Chocolates","Candy & Chocolate","Taza ","Taza Chocolate Deliciously Dark Organic Dark Chocolate ","","Taza Chocolate Deliciously Dark Organic Dark Chocolate ","3.74","0.0","Market Basket","2.5 oz","2.5 oz","X823.jpg","","3"
"7377","Cooking Needs","Spices & Seasonings","Spices & Seasonings","Progresso","Progresso Chicken Broth, Unsalted","","Progresso Chicken Broth, Unsalted","2.99","0.0","Market Basket","32 oz","32 oz","15635.jpg","","9"
"35062","Condiments & Dressings","Preserved Dips & Spreads","Spreads","Walden Farms","Walden Farms Whipped Peanut Spread Calorie Free","","Walden Farms Whipped Peanut Spread Calorie Free","4.36","0.0","Market Basket","12 oz","12 oz","X887.jpg","","3"
"31408","Beverages & Juices","Energy & Sports Drinks","Energy & Sports Drinks","Gatorade","Gatorade Fierce Thirst Quencher Blue Cherry","052000104066","Gatorade Fierce Thirst Quencher Blue Cherry","1.25","0.0","Market Basket","32 fl oz","32 fl oz","X2655.jpg","","10"
"14945","Personal Care","First Aid & Healthcare","Digestion","Tums","Tums Antacid","","Tums Antacid","7.0","1.0","Market Basket","72 count","72 count","6644.jpg","","13"
"14419","Breakfast & Dairy","Tea & Coffee","Coffee","Maxwell House","Maxwell House Light Roast Breakfast Blend Ground Coffee, Caffeinated","","Maxwell House Light Roast Breakfast Blend Ground Coffee, Caffeinated","5.99","0.0","Market Basket","11 oz","11 oz","3391.jpg","","8"
"32577","Condiments & Dressings","Pickled Goods & Olives","Olives","Lindsay","Lindsay Organic Pitted Tart & Tender Greek Kalamata Olives Without pits","053800631011","Lindsay Organic Pitted Tart & Tender Greek Kalamata Olives Without pits","3.36","0.0","Market Basket","10 oz","10 oz","X2254.jpg","","2"
"32626","Condiments & Dressings","Honey, Syrup & Nectars","Syrup","Lundberg Family Farms","Lundberg Sweet Dreams Organic Brown Rice Syrup","073416001602","Lundberg Sweet Dreams Organic Brown Rice Syrup","7.49","0.0","Market Basket","1 lb","1 lb","X3174.jpg","","2"
"9072","Condiments & Dressings","Preserved Dips & Spreads","Spreads","Teddie","Teddie Peanut Butter, Smooth","","Teddie Peanut Butter, Smooth","3.69","0.0","Market Basket","18 count","18 count","1670.jpg","","3"
"8287","Condiments & Dressings","Fresh Dips & Tapenades","Hommus","Cedar","Cedar Hommus, Organic, Garlic","","Cedar Hommus, Organic, Garlic","4.89","0.0","Market Basket","8 oz","8 oz","5515.jpg","","1"
"35123","Frozen Food","Frozen Pizza","Frozen Pizza","Wild Mike's ","Wild Mike's Ultimate Pizza ","078642101768","Wild Mike's Ultimate Pizza ","7.49","0.0","Market Basket","38.80 oz","38.80 oz","X4917.jpg","","19"
"14841","Personal Care","Body Wash, Soap & Hair Care","Soap","Dove","Dove Beauty Bar White","","Dove Beauty Bar White","9.88","1.0","Market Basket","6 x 3.75 oz","6 x 3.75 oz","18134.jpg","","13"
"7028","Cooking Needs","Baking & Cooking","Doughs, Gelatins & Bake Mixes","Pillsbury","Pillsbury Ready to Bake! Chocolate Chip with Red Morsels Cookies","","Pillsbury Ready to Bake! Chocolate Chip with Red Morsels Cookies","3.09","0.0","Market Basket","16 oz","16 oz","2044.jpg","","8"
"5267","Chips, Cookies & Snacks","Chips & Fruit Snacks","Chips & Pretzels","Good Health","Good Health Veggie Chips","","Good Health Veggie Chips","4.69","0.0","Market Basket","6.25 oz","6.25 oz","No Image.jpg","","0"
"33112","Condiments & Dressings","Pickled Goods & Olives","Dill Spears","Market Basket ","Market Basket Dill Polish Spears Pickels ","049705018743","Market Basket Dill Polish Spears Pickels ","2.5","0.0","Market Basket","24 fl oz","24 fl oz","X3297.jpg","","2"
"5688","Chips, Cookies & Snacks","Nuts, Seeds & Dried Fruit","Trail Mix & Snack Mix","Market Basket","Market Basket Cranberry Nut Trail Mix","","Market Basket Cranberry Nut Trail Mix","6.09","0.0","Market Basket","12 oz","12 oz","Market Basket.jpg","","21"
"34949","Meat & Seafood","Canned Meat & Seafood","Ham","Underwood","Underwood Premium Quality Deviled Ham Spread ","","Underwood Premium Quality Deviled Ham Spread ","2.11","0.0","Market Basket","4.25 oz","4.25 oz","X1876.jpg","","2"
"5256","Chips, Cookies & Snacks","Chips & Fruit Snacks","Chips & Pretzels","LATE JULY","LATE JULY Organic Sea Salt Dippers Tortilla Chips","","LATE JULY Organic Sea Salt Dippers Tortilla Chips","4.69","0.0","Market Basket","8 oz","8 oz","No Image.jpg","","0"
"32913","Breakfast & Dairy","Dairy & Eggs","Yogurt","Market Basket","Market Basket Light Nonfat Yogurt Cberry With Other Natural Flavors","","Market Basket Light Nonfat Yogurt Cberry With Other Natural Flavors","0.63","0.0","Market Basket","6 oz","6 oz","X551.jpg","","1"
"6223","Beverages & Juices","Soft Drinks & Seltzers","Seltzer","Adirondack","Adirondack Beverages Seltzer, Original","","Adirondack Beverages Seltzer, Original","2.5","0.0","Market Basket","8 x 12 fl oz","8 x 12 fl oz","No Image.jpg","","11"
"33041","Chips, Cookies & Snacks","Chips & Fruit Snacks","Popcorn","Market Basket ","Market Basket Movie Theater Butter ","049705114056","Market Basket Movie Theater Butter ","1.49","0.0","Market Basket","9.9 oz","9.9 oz","X4955.jpg","","19"
"13414","Breakfast & Dairy","Dairy & Eggs","Eggs","Land O' Lakes","Land O' Lakes Eggs, Brown, Organic, Large","","Land O' Lakes Eggs, Brown, Organic, Large","4.79","0.0","Market Basket","12 count","12 count","606.jpg","","1"
"5617","Chips, Cookies & Snacks","Chips & Fruit Snacks","Fruit & Vegetable Snacks","Calavo","Calavo Single Serve Guacamole","","Calavo Single Serve Guacamole","4.89","0.0","Market Basket","6 ct","6 ct","No Image.jpg","","20"
"30759","Condiments & Dressings","Pickled Goods & Olives","Pickles","Cains","Cains Snice 1901 Naturally Fat Free Old Fashioned Sweet Gherkins Barrel Cured ","041660203509","Cains Snice 1901 Naturally Fat Free Old Fashioned Sweet Gherkins Barrel Cured ","3.74","0.0","Market Basket","16 fl oz","16 fl oz","X3281.jpg","","2"
"32358","Cooking Needs","Rice & Grains","Rice/Pasta Sides","Knorr","Knorr Italian Sides Creamy Garlic Shells","041000022906","Knorr Italian Sides Creamy Garlic Shells","1.25","0.0","Market Basket","4.4 oz","4.4 oz","X1166.jpg","","4"
"33555","Frozen Food","Frozen Breakfast","Frozen Waffles","Nature's Path ","Nature's path Flax Plus ","058449590569","Nature's path Flax Plus ","3.13","0.0","Market Basket","7.4 oz","7.4 oz","X5007.jpg","","19"
"14457","Breakfast & Dairy","Tea & Coffee","Coffee","Peet's Coffee","Peet's Coffee Decaf Dark Roast Coffee House Blend","","Peet's Coffee Decaf Dark Roast Coffee House Blend","10.99","0.0","Market Basket","12 oz","12 oz","3335.jpg","","8"
"4343","Meat & Seafood","Meat & Seafood Counter","Sausage","Market Basket","Market Basket Fresh Kielbasa","","Market Basket Fresh Kielbasa","3.69","0.0","Market Basket","1 lb","1 lb","Market Basket.jpg","","22"
"13732","Breakfast & Dairy","Dairy & Eggs","Packaged Cheese","Market Basket","Market Basket Deluxe White American Slices","","Market Basket Deluxe White American Slices","3.59","0.0","Market Basket","12 oz","12 oz","Market Basket.jpg","","1"
"364","Kitchen & Cleaning","Food Storage & Kitchen Supplies","Storage Containers","Ziploc","Ziploc Holiday Medium Square Blue Containers","","Ziploc Holiday Medium Square Blue Containers","4.89","1.0","Market Basket","3 count","3 count","4409.jpg","","12"
"3792","Fresh Produce","Fresh Organic Fruits","Strawberries","Foxy Organic","Foxy Organic Fresh Strawberries","","Foxy Organic Fresh Strawberries","8.5","0.0","Market Basket","16 oz container","16 oz container","14270.jpg","","20"
"8582","Cooking Needs","Oils & Vinegars","Oils & Vinegars","Vermont Village","Vermont Village Apple Cider Vinegar Raw & Organic","","Vermont Village Apple Cider Vinegar Raw & Organic","6.09","0.0","Market Basket","32 fl oz","32 fl oz","15511.jpg","","2"
"33934","Condiments & Dressings","Pickled Goods & Olives","Olives","Pearls ","Pearls Small Pitted Ripe Olives","072999440037","Pearls Small Pitted Ripe Olives","1.24","0.0","Market Basket","9.5 oz","9.5 oz","X2277.jpg","","2"
"34213","Beverages & Juices","Juices & Refrigerated Drinks","Juice & Nectars","Purity Organic","Purity Organic Strawberry Paradise","892809000127","Purity Organic Strawberry Paradise","2.24","0.0","Market Basket","16.9 fl oz","16.9 fl oz","X3026.jpg","","10"
"6772","Breakfast & Dairy","Bars & Pastries","Breakfast Bars","Special K","Special K 90 Calories Vanilla Crisp Cereal Bars","","Special K 90 Calories Vanilla Crisp Cereal Bars","3.09","0.0","Market Basket","6 ct","6 ct","17665.jpg","","5"
"5081","Chips, Cookies & Snacks","Cookies & Crackers","Cookies & Cakes","Market Basket","Market Basket Peanut Butter Fudge Cookies","","Market Basket Peanut Butter Fudge Cookies","2.34","0.0","Market Basket","9.2 oz","9.2 oz","Market Basket.jpg","","6"
"6993","Cooking Needs","Baking & Cooking","Doughs, Gelatins & Bake Mixes","Jell-O","Jell o White Chocolate Sugar Free Fat Free Instant Pudding & Pie Filling Mix","","Jell o White Chocolate Sugar Free Fat Free Instant Pudding & Pie Filling Mix","1.09","0.0","Market Basket","1 oz","1 oz","2067.jpg","","8"
"34639","Frozen Food","Frozen Pizza","Frozen Pizza","Stouffer's","Stouffer's French Bread Pizzas Pepperoni","013800151735","Stouffer's French Bread Pizzas Pepperoni","3.13","0.0","Market Basket","11 1/4 oz","11 1/4 oz","X4855.jpg","","19"
"7341","Cooking Needs","Spices & Seasonings","Spices & Seasonings","McCormick","McCormick Pure Almond Extract","","McCormick Pure Almond Extract","3.69","0.0","Market Basket","1 fl oz","1 fl oz","2290.jpg","","9"
"30159","Beverages & Juices","Juices & Refrigerated Drinks","Juice & Nectars","Apple & Eve","Apple & Eve Very Berry Juice","076301845077","Apple & Eve Very Berry Juice","3.13","0.0","Market Basket","8 x 6.75 fl oz","8 x 6.75 fl oz","X3110.jpg","","10"
"6247","Beverages & Juices","Water","Tonic Water","Canada Dry","Canada Dry Tonic Water","","Canada Dry Tonic Water","1.24","0.0","Market Basket","1 L","1 L","No Image.jpg","","11"
"7559","Cooking Needs","Canned Food","Canned & Jarred Vegetables","Pastene","Pastene Artichoke Hearts","","Pastene Artichoke Hearts","3.09","0.0","Market Basket","14 oz","14 oz","4982.jpg","","9"
"359","Kitchen & Cleaning","Food Storage & Kitchen Supplies","Storage Containers","Sterilite","Sterilite Container, Blue Sky","","Sterilite Container, Blue Sky","3.69","1.0","Market Basket","1 count","1 count","4485.jpg","","12"
"8293","Condiments & Dressings","Fresh Dips & Tapenades","Fresh Dips & Tapenades","Cedar","Cedar Spinach Dip","","Cedar Spinach Dip","3.29","0.0","Market Basket","12 oz","12 oz","5506.jpg","","1"
"14497","Breakfast & Dairy","Tea & Coffee","Tea","4C","4C Ice Tea Mix Lemon Flavor","","4C Ice Tea Mix Lemon Flavor","6.09","0.0","Market Basket","50.2 oz","50.2 oz","16331.jpg","","17"
"6021","Beverages & Juices","Energy & Sports Drinks","Energy & Sports Drinks","Red Bull","Red Bull Sugar Free","","Red Bull Sugar Free","22.49","0.0","Market Basket","12 x 8.4 fl oz","12 x 8.4 fl oz","3731.jpg","","17"
"7291","Cooking Needs","Spices & Seasonings","Spices & Seasonings","McCormick","McCormick GourmetÃ¢âÂ¢ Organic Garlic Powder","","McCormick GourmetÃ¢âÂ¢ Organic Garlic Powder","6.09","0.0","Market Basket","2.25 oz","2.25 oz","2209.jpg","","9"
"5283","Chips, Cookies & Snacks","Chips & Fruit Snacks","Chips & Pretzels","Market Basket","Market Basket Cheddar Cheese Curls Reduced Sodium","","Market Basket Cheddar Cheese Curls Reduced Sodium","3.13","0.0","Market Basket","8.5 oz","8.5 oz","Market Basket.jpg","","0"
"9485","Frozen Food","Frozen Dinners & Entrees","Frozen Meal","InnovAsian","InnovAsian Cuisine Sweet & Sour Chicken","","InnovAsian Cuisine Sweet & Sour Chicken","6.09","0.0","Market Basket","18 oz","18 oz","15900.jpg","","18"
"266","Kitchen & Cleaning","Dish Detergents","Dishwasher Detergent","Finish","Finish Powerball Max in 1 Super Charged Ultra Degreaser with Lemon Scent Tablets Automatic Dishwasher Detergent","","Finish Powerball Max in 1 Super Charged Ultra Degreaser with Lemon Scent Tablets Automatic Dishwasher Detergent","7.39","1.0","Market Basket","17 oz","17 oz","4342.jpg","","15"
"8138","Cooking Needs","Canned Food","Soup, Broth & Bouillon","Swanson","Swanson Unsalted Chicken Broth","","Swanson Unsalted Chicken Broth","3.49","0.0","Market Basket","32 oz","32 oz","5394.jpg","","2"
"7278","Cooking Needs","Spices & Seasonings","Spices & Seasonings","McCormick","McCormick GourmetÃ¢âÂ¢ All Natural Flat Leaf Parsley","","McCormick GourmetÃ¢âÂ¢ All Natural Flat Leaf Parsley","4.89","0.0","Market Basket","0.2 oz","0.2 oz","2188.jpg","","9"
"30096","Pasta & Sauces","Gluten Free Pasta","Raw Pasta","Ancient Harvest","Ancient Harvest Organic Pasta Elbows Gluten Free","089125220005","Ancient Harvest Organic Pasta Elbows Gluten Free","3.74","0.0","Market Basket","8 oz","8 oz","X1572.jpg","","4"
"12701","Breakfast & Dairy","Breads & Rolls","Bread","Kasanof's","Kasanof's All Natural Deli Rolls 6 CT","","Kasanof's All Natural Deli Rolls 6 CT","3.09","0.0","Market Basket","6 count","6 count","17007.jpg","","18"
"31132","Meat & Seafood","Hot Dogs, Bacon & Sausage","Sausage","DAVIO'S","DAVIO'S NORTHERN ITALIAN STEAKHOUSE CHICKEN SAUSAGE Hot ltalian Style","","DAVIO'S NORTHERN ITALIAN STEAKHOUSE CHICKEN SAUSAGE Hot ltalian Style","5.61","0.0","Market Basket","14 oz","14 oz","X220.jpg","","1"
"31673","Frozen Food","Frozen Dinners & Entrees","Frozen Meal","Healthy Choice","Healthy Choice Power Bowls Falafel & Tahini","072655000766","Healthy Choice Power Bowls Falafel & Tahini","4.36","0.0","Market Basket","9.6 oz","9.6 oz","X4087.jpg","","18"
"5998","Beverages & Juices","Energy & Sports Drinks","Energy & Sports Drinks","Monster","Monster Energy Pipeline Punch 4 Pack","","Monster Energy Pipeline Punch 4 Pack","8.74","0.0","Market Basket","4 x 16 fl oz","4 x 16 fl oz","No Image.jpg","","17"
"30886","Pasta & Sauces","Instant Pasta","Instant Pasta","Chef Boyardee","Chef Boyardee Mini Spaghetti rings & Meatballs- Pasta & meatballs made with Pork, chicken & beef in Tomato sauce","064144047079","Chef Boyardee Mini Spaghetti rings & Meatballs- Pasta & meatballs made with Pork, chicken & beef in Tomato sauce","1.25","0.0","Market Basket","7.5 oz","7.5 oz","X1254.jpg","","4"
"34018","Breakfast & Dairy","Dairy & Eggs","Yogurt","Pillars","Pillars Drinkable Greek Yogurt Vanilla Pre& Probiotics ","","Pillars Drinkable Greek Yogurt Vanilla Pre& Probiotics ","3.13","0.0","Market Basket","12 oz","12 oz","X730.jpg","","1"
"246","Kitchen & Cleaning","Dish Detergents","Dish Liquid","Palmolive","Palmolive Ultra Soft Touch with Aloe Concentrated Dish Liquid","","Palmolive Ultra Soft Touch with Aloe Concentrated Dish Liquid","3.69","1.0","Market Basket","25 fl oz","25 fl oz","16837.jpg","","15"
"8976","Condiments & Dressings","Preserved Dips & Spreads","Spreads","Goya","Goya Guava Jelly","","Goya Guava Jelly","3.29","0.0","Market Basket","17 oz","17 oz","17965.jpg","","7"
"6883","Cooking Needs","Baking & Cooking","Baking Ingredients","Market Basket","Market Basket Marshmallows","","Market Basket Marshmallows","1.29","0.0","Market Basket","10 oz","10 oz","Market Basket.jpg","","3"
"9890","Frozen Food","Frozen Produce","Frozen Produce","Market Basket","Market Basket Whole Frozen Raspberries","","Market Basket Whole Frozen Raspberries","3.29","0.0","Market Basket","12 oz","12 oz","Market Basket.jpg","","19"
"31616","Frozen Food","Frozen Dinners & Entrees","Frozen Appetizers & Sides","Grando's","Grando's Hand Crafted Street Pizza Garden Vegetables","826105000659","Grando's Hand Crafted Street Pizza Garden Vegetables","3.74","0.0","Market Basket","6.35 oz","6.35 oz","X4794.jpg","","19"
"32541","Frozen Food","Frozen Breakfast","Frozen Breakfast","Lender's ","Lender's Plain ","076800000113","Lender's Plain ","1.74","0.0","Market Basket","1 count","1 count","X5092.jpg","","19"
"34757","Condiments & Dressings","Marinades, Ketchup & Sauces","Marinades & Meat Preparation","Sweet Baby Ray's","Sweet Baby Ray Gourmet Sauce Hickory & Brown Sugar Barbecue Sauce ","013409451335","Sweet Baby Ray Gourmet Sauce Hickory & Brown Sugar Barbecue Sauce ","3.75","0.0","Market Basket","18 oz","18 oz","X2037.jpg","","2"
"34804","Condiments & Dressings","Pickled Goods & Olives","Pickled Goods & Olives","Tessera ","Tessera Premium Quality Antipaste Organic Capers Non Pareil ","048163261937","Tessera Premium Quality Antipaste Organic Capers Non Pareil ","3.11","0.0","Market Basket","24 oz","24 oz","X2225.jpg","","2"
"4023","Fresh Produce","Fresh Vegetables","Tomato","Market Basket","Kumato Tomatoes","","Kumato Tomatoes","4.39","0.0","Market Basket","1 lb","1 lb","f297.jpg","","20"
"32200","Breakfast & Dairy","Cereal","Cereal","Kellogg's ","Kellogg's Frosted Flakes","038000199042","Kellogg's Frosted Flakes","3.75","0.0","Market Basket","13.5 oz","13.5 oz","X3372.jpg","","5"
"33978","Breakfast & Dairy","Breads & Rolls","Bread","Pepperidge Farm","Pepperidge Farm Very Thin White Bread","014100071051","Pepperidge Farm Very Thin White Bread","4.74","0.0","Market Basket","16 oz","16 oz","X2545.jpg","","18"
"7185","Cooking Needs","Spices & Seasonings","Spices & Seasonings","Badia","Badia Bay Leaves","","Badia Bay Leaves","2.99","0.0","Market Basket","0.17 oz","0.17 oz","2225.jpg","","9"
"31172","Condiments & Dressings","Preserved Dips & Spreads","Spreads","Dicrinson's","Dicrinson's Country Apple Butter ","","Dicrinson's Country Apple Butter ","2.5","0.0","Market Basket","9 oz","9 oz","X222.jpg","","3"
"33822","Cooking Needs","Canned Food","Pasta Sauce","Pastene","Pastene Seasoned starting Sauce Pasta Sauce","066086082200","Pastene Seasoned starting Sauce Pasta Sauce","3.74","0.0","Market Basket","28 oz","28 oz","X1285.jpg","","4"
"15179","Personal Care","Personal Needs","Oral Hygiene","Crest","Crest 3D White Foaming Clean Whitening Toothpaste","","Crest 3D White Foaming Clean Whitening Toothpaste","4.93","1.0","Market Basket","4.1 oz","4.1 oz","6415.jpg","","13"
"5956","Beverages & Juices","Cocoa & Drink Mixes","Cocoa & Drink Mixes","Mr & Mrs T","Mr & Mrs T Horseradish Bloody Mary Mix","","Mr & Mrs T Horseradish Bloody Mary Mix","4.99","0.0","Market Basket","1 L","1 L","No Image.jpg","","17"
"8819","Condiments & Dressings","Salad Dressings & Toppings","Salad Dressing & Toppings","Good Seasons","Good Seasons Italian Salad Dressing & Recipe Mix","","Good Seasons Italian Salad Dressing & Recipe Mix","0.59","0.0","Market Basket","0.7 oz","0.7 oz","15448.jpg","","2"
"6583","Beverages & Juices","Juices & Refrigerated Drinks","Refrigerated Drinks","Dole","Dole 100% JUICE Pineapple Orange Banana","","Dole 100% JUICE Pineapple Orange Banana","3.13","0.0","Market Basket","59 fl oz","59 fl oz","X229.jpg","","1"
"7242","Cooking Needs","Spices & Seasonings","Spices & Seasonings","Litehouse","Litehouse Salad Dressing Herb Blend","","Litehouse Salad Dressing Herb Blend","4.09","0.0","Market Basket","0.42 oz","0.42 oz","2276.jpg","","9"
"3449","Fresh Produce","Fresh Fruits","Grapes","Market Basket","Bag of Black Grapes","","Bag of Black Grapes","6.69","0.0","Market Basket","2 lb bag","2 lb bag","f27.jpg","","20"
"31928","Breakfast & Dairy","Pancake & Waffle Mix","Pancake & Waffle Mix","Jiffy ","Jiffy All Purpose Baking Mix ","072486001109","Jiffy All Purpose Baking Mix ","3.49","0.0","Market Basket","40 oz","40 oz","X5314.jpg","","3"
"33497","Breakfast & Dairy","Bars & Pastries","Granola Bars","Nature's Path","Nature's Path Orignal Love Crunch Dark Chocolate & Peanut Butter Organic Granola Bars","058449173120","Nature's Path Orignal Love Crunch Dark Chocolate & Peanut Butter Organic Granola Bars","4.99","0.0","Market Basket","6 x 1.06 oz","6 x 1.06 oz","X3894.jpg","","5"
"32210","Breakfast & Dairy","Cereal","Cereal","Kellogg's ","Kellogg's Rice Krispies Large Size","038000200038","Kellogg's Rice Krispies Large Size","4.38","0.0","Market Basket","18 oz","18 oz","X3382.jpg","","5"
"12877","Breakfast & Dairy","Breads & Rolls","Muffin","Udi's","Udi's Gluten Free Muffins Blueberry","","Udi's Gluten Free Muffins Blueberry","4.89","0.0","Market Basket","4 count","4 count","4887.jpg","","18"
"15216","Personal Care","Personal Needs","Oral Hygiene","Listerine","Listerine Freshburst Antiseptic Mouthwash","","Listerine Freshburst Antiseptic Mouthwash","6.31","1.0","Market Basket","500 fl oz","500 fl oz","6454.jpg","","13"
"32116","Breakfast & Dairy","Cereal","Cereal","Kellogg's ","Kellogg's Special K Orignal Multi-Grain Touch of Cinnamon","038000200663","Kellogg's Special K Orignal Multi-Grain Touch of Cinnamon","3.75","0.0","Market Basket","13.3 oz","13.3 oz","X3358.jpg","","5"
"3744","Fresh Produce","Fresh Herbs","Chives","Infinite Herbs","Infinite Herbs Herbs Chives","","Infinite Herbs Herbs Chives","4.7","0.0","Market Basket","1 oz","1 oz","87.jpg","","20"
"32676","Frozen Food","Frozen Pasta","Frozen Pasta","Mama Rosie's","Mama Rosie's Spinach & Cheese Ravioli","076239420377","Mama Rosie's Spinach & Cheese Ravioli","2.49","0.0","Market Basket","12 oz","12 oz","X4333.jpg","","18"
"33117","Condiments & Dressings","Marinades, Ketchup & Sauces","Marinades & Meat Preparation","Market Basket ","Market Basket BBQ Barbecue Sauce Original Seving Suggesting ","049705027448","Market Basket BBQ Barbecue Sauce Original Seving Suggesting ","2.5","0.0","Market Basket","18 oz","18 oz","X2086.jpg","","2"
"9968","Frozen Food","Ice Cream & Ice","Ice Cream & Ice","Breyer's","Breyer's Frozen Dairy Dessert Butter Almond","","Breyer's Frozen Dairy Dessert Butter Almond","4.79","0.0","Market Basket","48 oz","48 oz","16205.jpg","","21"
"7351","Cooking Needs","Spices & Seasonings","Spices & Seasonings","McCormick","McCormick Sea Salt Grinder","","McCormick Sea Salt Grinder","2.49","0.0","Market Basket","2.12 oz","2.12 oz","2122.jpg","","9"
"31610","Frozen Food","Frozen Produce","Frozen Produce","Goya","Goya Yuca Rallada Grated Yuca","041331090940","Goya Yuca Rallada Grated Yuca","3.24","0.0","Market Basket","32 oz","32 oz","X4444.jpg","","18"
"13647","Breakfast & Dairy","Dairy & Eggs","Packaged Cheese","Cabot Creamery","Cabot Creamery Low Moisture Whole Milk Mozzarella Shredded Cheese","","Cabot Creamery Low Moisture Whole Milk Mozzarella Shredded Cheese","3.13","0.0","Market Basket","8 oz","8 oz","144.jpg","","1"
"8571","Cooking Needs","Oils & Vinegars","Oils & Vinegars","Pure Wesson","Pure Wesson Vegetable Oil","","Pure Wesson Vegetable Oil","10.99","0.0","Market Basket","128 fl oz","128 fl oz","1823.jpg","","2"
"7260","Cooking Needs","Spices & Seasonings","Spices & Seasonings","McCormick","McCormick Cayenne Pepper","","McCormick Cayenne Pepper","6.09","0.0","Market Basket","8.75 oz","8.75 oz","2179.jpg","","9"
"30624","Condiments & Dressings","Marinades, Ketchup & Sauces","Sauces","Bookbinder's","Bookbinders Restaurant Style Orepared Horseradish Refrigerate After Opening ","071851707585","Bookbinders Restaurant Style Orepared Horseradish Refrigerate After Opening ","2.11","0.0","Market Basket","18 oz","18 oz","X2181.jpg","","2"
"7557","Cooking Needs","Canned Food","Canned & Jarred Vegetables","Old El Paso","Old El Paso Chopped Green Chiles","","Old El Paso Chopped Green Chiles","2.09","0.0","Market Basket","7 oz","7 oz","17109.jpg","","9"
"32139","Frozen Food","Frozen Breakfast","Frozen Pancakes","Kellogg's ","Kellogg's Eggo Pancake Blueberry ","038000348952","Kellogg's Eggo Pancake Blueberry ","3.11","0.0","Market Basket","14.8 oz","14.8 oz","X5053.jpg","","19"
"15240","Personal Care","Personal Needs","Oral Hygiene","Oral-B","Oral-B Complete Deep Clean Toothbrush, Soft","","Oral-B Complete Deep Clean Toothbrush, Soft","4.24","1.0","Market Basket","1 count","1 count","6431.jpg","","13"
"4661","Meat & Seafood","Canned Meat & Seafood","Canned Chicken","Goya","Goya Chicken Vienna Sausages In Chicken Broth","","Goya Chicken Vienna Sausages In Chicken Broth","1.09","0.0","Market Basket","4.6 oz","4.6 oz","5222.jpg","","2"
"32279","Condiments & Dressings","Salad Dressings & Toppings","Salad Dressing & Toppings","Ken's Steak House","Ken's Seak House Tableside Caesar Dressing ","041335000175","Ken's Seak House Tableside Caesar Dressing ","1.25","0.0","Market Basket","16 fl oz","16 fl oz","X447.jpg","","2"
"33273","Condiments & Dressings","Pickled Goods & Olives","Onions","Mezzetta ","Mezzetta Cocktail Onions Imported ","073214001071","Mezzetta Cocktail Onions Imported ","1.88","0.0","Market Basket","12 oz","12 oz","X2219.jpg","","2"
"33340","Meat & Seafood","Packaged Meat & Seafood","Hot Dogs & Franks","Morning Stars Farms ","Morning Stars Farms Dogs ","","Morning Stars Farms Dogs ","4.99","0.0","Market Basket","8.4 oz","8.4 oz","X4736.jpg","","1"
"33811","Frozen Food","Frozen Pizza","Frozen Pizza","Papa Gino's Pizzeria ","Papa Gino's Pizzeria Italian Sausage Traditional Thin Crust Pizza ","854527004245","Papa Gino's Pizzeria Italian Sausage Traditional Thin Crust Pizza ","7.49","0.0","Market Basket","22.0 oz","22.0 oz","X4907.jpg","","19"
"4336","Meat & Seafood","Meat & Seafood Counter","Salmon","Fresh","Fresh Wild Salmon","","Fresh Wild Salmon","6.29","0.0","Market Basket","1 lb","1 lb","No Image.jpg","","22"
"8147","Cooking Needs","Canned Food","Soup, Broth & Bouillon","Wolfgang Puck","Wolfgang Puck Organic Signature Tortilla Soup","","Wolfgang Puck Organic Signature Tortilla Soup","3.49","0.0","Market Basket","14.5 oz","14.5 oz","17247.jpg","","2"
"7776","Cooking Needs","Canned Food","Canned Meals & Beans","Kuner's","Kuner's Chili Beans Cumin & Chili Sauce","","Kuner's Chili Beans Cumin & Chili Sauce","1.29","0.0","Market Basket","15 oz","15 oz","17127.jpg","","2"
"6134","Beverages & Juices","Soft Drinks & Seltzers","Soft Drinks","Market Basket","Market Basket Diet Soda","","Market Basket Diet Soda","1.1","0.0","Market Basket","2 L","2 L","Market Basket.jpg","","17"
"7030","Cooking Needs","Baking & Cooking","Doughs, Gelatins & Bake Mixes","Royal","Royal Gelatin, Cherry","","Royal Gelatin, Cherry","0.49","0.0","Market Basket","1.4 oz","1.4 oz","2099.jpg","","8"
"6255","Beverages & Juices","Water","Water","Dasani","Dasani Purified Water","","Dasani Purified Water","4.99","0.0","Market Basket","24 x 16.9 fl oz","24 x 16.9 fl oz","16231.jpg","","11"
"14718","Personal Care","Body Wash, Soap & Hair Care","Cream","Udderly Smooth","Udderly Smooth Hand Cream Original Formula","","Udderly Smooth Hand Cream Original Formula","3.21","1.0","Market Basket","4 oz","4 oz","17745.jpg","","13"
"8142","Cooking Needs","Canned Food","Soup, Broth & Bouillon","Top Ramen","Top Ramen Noodle Soup Beef","","Top Ramen Noodle Soup Beef","3.09","0.0","Market Basket","12 x 3 oz","12 x 3 oz","17215.jpg","","2"
"343","Kitchen & Cleaning","Food Storage & Kitchen Supplies","Storage Bags","Ziploc","Ziploc Sandwich Bags","","Ziploc Sandwich Bags","3.69","1.0","Market Basket","90 count","90 count","4388.jpg","","12"
"30108","Condiments & Dressings","Marinades, Ketchup & Sauces","Sauce","Annie Chuns ","Annie Chuns Korean Style Go-Chu-Jang Sause ","765667120101","Annie Chuns Korean Style Go-Chu-Jang Sause ","4.74","0.0","Market Basket","10 oz","10 oz","X5357.jpg","","3"
"30744","Cooking Needs","Canned Food","Baked Beans","Bush's","Bush's Best Brown Sugar Hickory Baked Beans ","","Bush's Best Brown Sugar Hickory Baked Beans ","3.0","0.0","Market Basket","28 oz","28 oz","X1805.jpg","","2"
"32094","Breakfast & Dairy","Bars & Pastries","Breakfast Bars","Kellogg's ","Kellogg's Special K Protien Snacks Bar Caramel Pretzel Cashew","038000168055","Kellogg's Special K Protien Snacks Bar Caramel Pretzel Cashew","3.75","0.0","Market Basket","6 x 1.23 oz","6 x 1.23 oz","X3949.jpg","","5"
"34491","Breakfast & Dairy","Dairy & Eggs","Yogurt","Siggi's","Siggi's 0% Milkfat Strained nonfat Yogurt Vanilla Per Serving ","","Siggi's 0% Milkfat Strained nonfat Yogurt Vanilla Per Serving ","3.74","0.0","Market Basket","24 oz","24 oz","X761.jpg","","1"
"430","Kitchen & Cleaning","Trash Bags & Liners","Regular Trash Bags","Market Basket","Market Basket Drawstring Trash Bags","","Market Basket Drawstring Trash Bags","10.99","1.0","Market Basket","56 count","56 count","Market Basket.jpg","","12"
"308","Kitchen & Cleaning","Food Storage & Kitchen Supplies","Plastic/Cling Wrap","Glad","Glad Plastic Food Wrap","","Glad Plastic Food Wrap","4.89","1.0","Market Basket","400 sq ft","400 sq ft","16965.jpg","","12"
"8396","Condiments & Dressings","Marinades, Ketchup & Sauces","Sauces","A.1.","A1 est 1862 Original Sauce Shake Well See Nutrition Information","054400000054","A1 est 1862 Original Sauce Shake Well See Nutrition Information","4.99","0.0","Market Basket","10 oz","10 oz","X2102.jpg","","2"
"127","Laundry & Paper Goods","Laundry","Laundry Detergent","Gain","Gain flings! Liquid Laundry Detergent Pacs, Original","","Gain flings! Liquid Laundry Detergent Pacs, Original","6.86","1.0","Market Basket","16 count","16 count","16783.jpg","","15"
"33923","Condiments & Dressings","Pickled Goods & Olives","Olives","Pearls ","Pearls Musco Family Olive Co Specialties Sliced Kalamata Greek Olives Superior Qualty Guaranteed","072999195036","Pearls Musco Family Olive Co Specialties Sliced Kalamata Greek Olives Superior Qualty Guaranteed","5.61","0.0","Market Basket","9 oz","9 oz","X2246.jpg","","2"
"34567","Beverages & Juices","Tea, Coffee, Milk & Coconut Water","Tea","Snapple","Snapple All Natural Raspberry Tea","076183323786","Snapple All Natural Raspberry Tea","2.49","0.0","Market Basket","32 fl oz","32 fl oz","X2973.jpg","","10"
"3921","Fresh Produce","Fresh Vegetables","Pepper","Market Basket","Italian Peppers","","Italian Peppers","5.49","0.0","Market Basket","1 lb","1 lb","f246.jpg","","20"
"5206","Chips, Cookies & Snacks","Cookies & Crackers","Crackers","Nabisco","Nabisco WHole Grain Topped With Sea Salt Saltine Crackers","","Nabisco WHole Grain Topped With Sea Salt Saltine Crackers","3.91","0.0","Market Basket","1.06 lb","1.06 lb","No Image.jpg","","6"
"34425","Meat & Seafood","Canned Meat & Seafood","Salmon","Rubinstein's ","Rubinstein's Wild Alaska Fancy BlueBack Red Salmon ","","Rubinstein's Wild Alaska Fancy BlueBack Red Salmon ","8.11","0.0","Market Basket","14.75 oz","14.75 oz","X1882.jpg","","2"
"35208","Breakfast & Dairy","Dairy & Eggs","Yogurt","Yoplait","Yoplait Whip! Strawberry mist ","","Yoplait Whip! Strawberry mist ","0.81","0.0","Market Basket","4 oz","4 oz","X942.jpg","","1"
"30716","Frozen Food","Frozen Pasta","Frozen Pasta","Buitoni ","Buitoni Spinch & Artichoke Ravioli  Frozen Pasta","","Buitoni Spinch & Artichoke Ravioli  Frozen Pasta","4.99","0.0","Market Basket","9 oz","9 oz","X4681.jpg","","1"
"7198","Cooking Needs","Spices & Seasonings","Spices & Seasonings","Badia","Badia Louisiana Cajun","","Badia Louisiana Cajun","3.09","0.0","Market Basket","2.75 oz","2.75 oz","2233.jpg","","9"
"14737","Personal Care","Body Wash, Soap & Hair Care","Hair Care","got 2b","got 2b Spiked Up Max-Control Styling Gel","","got 2b Spiked Up Max-Control Styling Gel","8.96","1.0","Market Basket","8.5 fl oz","8.5 fl oz","17816.jpg","","13"
"33134","Condiments & Dressings","Pickled Goods & Olives","Olives","Market Basket ","Market Basket Manzanilla Spanish Olives Suffed With Minced Pimento","049705019184","Market Basket Manzanilla Spanish Olives Suffed With Minced Pimento","3.49","0.0","Market Basket","7.3 oz","7.3 oz","X2263.jpg","","2"
"4688","Meat & Seafood","Canned Meat & Seafood","Canned Tuna","StarKistÃÂ®","Starkist chunk light tuna","","Starkist chunk light tuna","1.59","0.0","Market Basket","5 oz","5 oz","No Image.jpg","","2"
"4649","Meat & Seafood","Canned Meat & Seafood","Canned Tuna","Chicken of the Sea","Chicken of the Sea Chunk White in Water To Go Tuna Cups","","Chicken of the Sea Chunk White in Water To Go Tuna Cups","3.69","0.0","Market Basket","2 x 2.8 oz","2 x 2.8 oz","5214.jpg","","2"
"34926","Frozen Food","Frozen Pizza","Frozen Pizza","Udi's","Udis Uncured Pepperoni Pizza","698997810339","Udis Uncured Pepperoni Pizza","9.99","0.0","Market Basket","18.39 oz","18.39 oz","X4867.jpg","","19"
"13960","Breakfast & Dairy","Dairy & Eggs","Specialty Cheeses","Market Basket","Market Basket Mozzarella Natural Shredded Cheese","","Market Basket Mozzarella Natural Shredded Cheese","2.48","0.0","Market Basket","8 oz","8 oz","Market Basket.jpg","","1"
"4545","Meat & Seafood","Lunch Meat","Other Meat","Fratelli Beretta","Fratelli Beretta Sweet Sopressata","","Fratelli Beretta Sweet Sopressata","5.5","0.0","Market Basket","Approx: 0.50 lb at $10.9/lb","Approx: 0.50 lb at $10.9/lb","No Image.jpg","","22"
"4535","Meat & Seafood","Lunch Meat","Other Meat","Columbus","Columbus Pancetta","","Columbus Pancetta","14.69","0.0","Market Basket","1 lb","1 lb","No Image.jpg","","22"
"32617","Pasta & Sauces","Pasta Sauce","Pasta Sauce","Lucini","Lucini Organic Pasta Sauce Spicy Tuscan Tomato","648505507213","Lucini Organic Pasta Sauce Spicy Tuscan Tomato","8.74","0.0","Market Basket","25.5 oz","25.5 oz","X1515.jpg","","4"
"8141","Cooking Needs","Canned Food","Soup, Broth & Bouillon","Swanson's","Swanson's Low Salt Beef Broth","","Swanson's Low Salt Beef Broth","3.09","0.0","Market Basket","32 oz","32 oz","17222.jpg","","9"
"33908","Condiments & Dressings","Pickled Goods & Olives","Peppers","Pastene","Pastene Since 1874 Cared Cherry Peppers ","066086101222","Pastene Since 1874 Cared Cherry Peppers ","4.99","0.0","Market Basket","32 fl oz","32 fl oz","X2351.jpg","","2"
"13467","Breakfast & Dairy","Dairy & Eggs","Milk","Hood","Hood 2% Reduced Fat Milk","","Hood 2% Reduced Fat Milk","5.36","0.0","Market Basket","1 gal","1 gal","485.jpg","","1"
"34357","Condiments & Dressings","Marinades, Ketchup & Sauces","Sauces","Reese","Reese Bearnaise Sauce Pair With Grilled Meats & Sea Food Reese Since 1947 Quality","070670601081","Reese Bearnaise Sauce Pair With Grilled Meats & Sea Food Reese Since 1947 Quality","2.5","0.0","Market Basket","16 oz","16 oz","X2148.jpg","","2"
"10161","Frozen Food","Ice Cream & Ice","Ice Cream & Ice","Market Basket","Market Basket Ice Cream","","Market Basket Ice Cream","2.49","0.0","Market Basket","1.75 quart","1.75 quart","Market Basket.jpg","","21"
"93","Kitchen & Cleaning","Cleaning Products","All Purpose Cleaner","Sun","Sun & Earth All Purpose Citrus Cleaner","","Sun & Earth All Purpose Citrus Cleaner","5.59","1.0","Market Basket","22 fl oz","22 fl oz","18055.jpg","","15"
"9020","Condiments & Dressings","Preserved Dips & Spreads","Spreads","Nutella","Nutella Hazelnut Spread With Cocoa","","Nutella Hazelnut Spread With Cocoa","3.09","0.0","Market Basket","7.7 oz","7.7 oz","15417.jpg","","3"
"34515","Frozen Food","Frozen Dinners & Entrees","Frozen Meal","Smart Ones","Smart Ones General Tso's Chicken","025800048045","Smart Ones General Tso's Chicken","2.5","0.0","Market Basket","9 oz","9 oz","X4198.jpg","","18"
"7412","Cooking Needs","Canned Food","Canned & Jarred Vegetables","Del Monte","Del Monte Harvest Selects Peas & Carrots","","Del Monte Harvest Selects Peas & Carrots","0.99","0.0","Market Basket","8.5 oz","8.5 oz","5022.jpg","","9"
"34551","Frozen Food","Frozen Breakfast","Frozen Breakfast","Smucker's","Smucker's Uncrestables Peanut Butter & Grape Jelly Sandwich","051500048177","Smucker's Uncrestables Peanut Butter & Grape Jelly Sandwich","7.49","0.0","Market Basket","20 oz","20 oz","X4979.jpg","","19"
"9223","Frozen Food","Frozen Breakfast","Frozen Breads & Doughs","Athens","Athens Fillo Strudel","","Athens Fillo Strudel","3.29","0.0","Market Basket","16 oz","16 oz","Market Basket.jpg","","19"
"33081","Breakfast & Dairy","Cereal","Cereal","Market Basket ","Market Basket Cocoa Crunch ","049705005217","Market Basket Cocoa Crunch ","2.5","0.0","Market Basket","11.8 oz","11.8 oz","X3392.jpg","","5"
"35205","Breakfast & Dairy","Dairy & Eggs","Yogurt","Yoplait","Yoplait light Very Vanilla ","","Yoplait light Very Vanilla ","0.81","0.0","Market Basket","6 oz","6 oz","X939.jpg","","1"
"32356","Cooking Needs","Rice & Grains","Rice/Pasta Sides","Knorr","Knorr Pasta Sides Alfredo Broccoli","041000022432","Knorr Pasta Sides Alfredo Broccoli","1.25","0.0","Market Basket","4.5 oz","4.5 oz","X1164.jpg","","4"
"32096","Breakfast & Dairy","Bars & Pastries","Breakfast Bars","Kellogg's ","Kellogg's Special K Protien Snacks Bar Chocolate Cherry Nut","038000168048","Kellogg's Special K Protien Snacks Bar Chocolate Cherry Nut","3.75","0.0","Market Basket","6 x 1.23 oz","6 x 1.23 oz","X3951.jpg","","5"
"14675","Personal Care","Body Wash, Soap & Hair Care","Body Lotion","Vaseline","Vaseline Hand And Body Lotion Advanced Repair Unscented","","Vaseline Hand And Body Lotion Advanced Repair Unscented","5.62","1.0","Market Basket","10 oz","10 oz","17729.jpg","","13"
"132","Kitchen & Cleaning","Cleaning Products","Mop","Libman","Libman Scrubster Mop","","Libman Scrubster Mop","12.19","1.0","Market Basket","1 count","1 count","4323.jpg","","15"
"33616","Chips, Cookies & Snacks","Candy & Chocolates","Candy & Chocolate","Nips","Nips Caramel Rich & Creamy Hard Candy ","","Nips Caramel Rich & Creamy Hard Candy ","1.24","0.0","Market Basket","4 oz","4 oz","X663.jpg","","3"
"33059","Breakfast & Dairy","Cereal","Cereal","Market Basket ","Market Basket Shredded Wheat Bite Size 100% Whole Wheat Cereal ","049705005552","Market Basket Shredded Wheat Bite Size 100% Whole Wheat Cereal ","2.5","0.0","Market Basket","16.4 oz","16.4 oz","X3326.jpg","","5"
"9815","Frozen Food","Frozen Produce","Frozen Produce","Green Giant","Green Giant Green Beans & Almonds","","Green Giant Green Beans & Almonds","2.09","0.0","Market Basket","7.5 oz","7.5 oz","2456.jpg","","19"
"32299","Breakfast & Dairy","Bars & Pastries","Breakfast Bars","Kind","Kind Almond & Coconut Bars","602652271380","Kind Almond & Coconut Bars","9.99","0.0","Market Basket","6 x 1.4 oz","6 x 1.4 oz","X3875.jpg","","5"
"32320","Breakfast & Dairy","Granola & Oats","Granola","Kind ","Kind Vanilla Blueberry Granola with flax seeds","602652171857","Kind Vanilla Blueberry Granola with flax seeds","6.24","0.0","Market Basket","11 oz","11 oz","X3767.jpg","","5"
"14534","Breakfast & Dairy","Tea & Coffee","Tea","Bigelow ","Bigelow Jasmine","","Bigelow Jasmine","3.09","0.0","Market Basket","0.91 oz","0.91 oz","3409.jpg","","8"
"9993","Frozen Food","Ice Cream & Ice","Ice Cream & Ice","Brigham's Ice Cream","Brigham's Ice Cream Natural Vanilla Bean","","Brigham's Ice Cream Natural Vanilla Bean","3.69","0.0","Market Basket","1 quart","1 quart","16120.jpg","","21"
"8090","Cooking Needs","Canned Food","Soup, Broth & Bouillon","Pacific","Pacific Organic Free Range Chicken Broth","","Pacific Organic Free Range Chicken Broth","4.89","0.0","Market Basket","32 fl oz","32 fl oz","5358.jpg","","2"
"9049","Condiments & Dressings","Preserved Dips & Spreads","Spreads","Smucker's","Smucker's Preserves Strawberry","","Smucker's Preserves Strawberry","3.09","0.0","Market Basket","18 oz","18 oz","1622.jpg","","3"
"8762","Condiments & Dressings","Preserved Dips & Spreads","Preserved Dips & Salsa","Mrs. Renfro's","Mrs. Renfro's Mild Salsa Peach","","Mrs. Renfro's Mild Salsa Peach","3.69","0.0","Market Basket","16 oz","16 oz","2004.jpg","","1"
"3735","Fresh Produce","Fresh Herbs","Basil","HerbThyme Farms","HerbThyme Farms Basil","","HerbThyme Farms Basil","2.86","0.0","Market Basket","0.75 oz","0.75 oz","101.jpg","","20"
"239","Kitchen & Cleaning","Dish Detergents","Dish Liquid","Dawn","Dawn Ultra Dishwashing Liquid, Original","","Dawn Ultra Dishwashing Liquid, Original","1.29","1.0","Market Basket","8 fl oz","8 fl oz","16840.jpg","","15"
"6929","Cooking Needs","Baking & Cooking","Baking Ingredients","Truvia","Truvia Natural Sweetener","","Truvia Natural Sweetener","7.39","0.0","Market Basket","9.8 oz","9.8 oz","15679.jpg","","8"
"7254","Cooking Needs","Spices & Seasonings","Spices & Seasonings","McCormick","McCormick Black Food Color","","McCormick Black Food Color","3.69","0.0","Market Basket","1 fl oz","1 fl oz","2120.jpg","","9"
"14364","Breakfast & Dairy","Tea & Coffee","Coffee","Eight O'Clock","Eight O'Clock Coffee Eight O'Clock Whole Bean 100% Colombian Peaks Coffee","","Eight O'Clock Coffee Eight O'Clock Whole Bean 100% Colombian Peaks Coffee","9.79","0.0","Market Basket","22 oz","22 oz","16274.jpg","","8"
"33481","Cooking Needs","Rice & Grains","Grains, Rice & Dried Goods","Nature's Earthly Choice","Nature's Earthly Choice Quinoa & Barley Organic Grain Blend Vegan","679948100549","Nature's Earthly Choice Quinoa & Barley Organic Grain Blend Vegan","2.5","0.0","Market Basket","8.5 oz","8.5 oz","X1094.jpg","","4"
"33536","Breakfast & Dairy","Granola & Oats","Granola","Nature's Path","Nature's Path Orignal Summer berries Granola","058449890393","Nature's Path Orignal Summer berries Granola","6.24","0.0","Market Basket","11 oz","11 oz","X3744.jpg","","5"
"31351","Frozen Food","Frozen Dinners & Entrees","Frozen Appetizers & Sides","Forno De Minas","Forno De Minas Gluten Free Pao De Queijo","813114020112","Forno De Minas Gluten Free Pao De Queijo","3.74","0.0","Market Basket","8.47 oz","8.47 oz","X4290.jpg","","18"
"30151","Beverages & Juices","Juices & Refrigerated Drinks","Juice & Nectars","Apple & Eve","Apple & Eve Cool Waters Cherry","076301830080","Apple & Eve Cool Waters Cherry","3.13","0.0","Market Basket","8 x 6.75 fl oz","8 x 6.75 fl oz","X3102.jpg","","10"
"34822","Meat & Seafood","Packaged Meat & Seafood","Sausage","Thin 'n Trim","Thin n Trim Chicken Sausage Garden Vegetable ","","Thin n Trim Chicken Sausage Garden Vegetable ","4.36","0.0","Market Basket","10 oz","10 oz","X4648.jpg","","1"
"5303","Chips, Cookies & Snacks","Cookies & Crackers","Crackers","Keebler","Keebler Animal Cookies Frosted Fully Frosted Shortbread Animal Shapes","","Keebler Animal Cookies Frosted Fully Frosted Shortbread Animal Shapes","4.69","0.0","Market Basket","13 oz","13 oz","No Image.jpg","","6"
"6490","Chips, Cookies & Snacks","Nuts, Seeds & Dried Fruit","Nuts, Seeds & Dried Fruit","Emerald","Emerald Whole Almonds","","Emerald Whole Almonds","5.0","0.0","Market Basket","4.34 oz","4.34 oz","No Image.jpg","","6"
"32747","Frozen Food","Frozen Dinners & Entrees","Frozen Meal","Marie Callender's","Marie Callender's Creamy Vermont Mac & Cheese Bowl","021131905545","Marie Callender's Creamy Vermont Mac & Cheese Bowl","3.13","0.0","Market Basket","13 oz","13 oz","X4054.jpg","","18"
"14592","Breakfast & Dairy","Tea & Coffee","Tea","Red Rose","Red Rose Specially Blended Earl Grey Black Tea Bags","","Red Rose Specially Blended Earl Grey Black Tea Bags","3.69","0.0","Market Basket","3.88 oz","3.88 oz","3531.jpg","","8"
"35074","Beverages & Juices","Tea, Coffee, Milk & Coconut Water","Tea","Wei Chuan","Wei Chuan Lychee Drink with Aloe Vera Pulp","072869120649","Wei Chuan Lychee Drink with Aloe Vera Pulp","1.74","0.0","Market Basket","16.9 fl oz","16.9 fl oz","X3212.jpg","","2"
"4169","Meat & Seafood","Packaged Meat & Seafood","Beef","Certified Angus Beef","Certified Angus Beef Thin Top Round Steak","","Certified Angus Beef Thin Top Round Steak","5.79","0.0","Market Basket","0.97 lb","0.97 lb","No Image.jpg","","22"
"4190","Meat & Seafood","Packaged Meat & Seafood","Chicken","On Cor","On Cor Clear Bags Chicken Nibblers","","On Cor Clear Bags Chicken Nibblers","6.09","0.0","Market Basket","36 oz","36 oz","16712.jpg","","1"
"30728","Cooking Needs","Canned Food","Baked Beans","Bush's","Bush's Best Since 1908 Boston Recipe Brown Sugar Hickory Baked Beans ","","Bush's Best Since 1908 Boston Recipe Brown Sugar Hickory Baked Beans ","2.88","0.0","Market Basket","16 oz","16 oz","X1823.jpg","","2"
"34830","Breakfast & Dairy","Breads & Rolls","Bagels","Thomas","Thomas Mini Bagels Plain","048121216573","Thomas Mini Bagels Plain","5.61","0.0","Market Basket","15 oz","15 oz","X2599.jpg","","18"
"7734","Cooking Needs","Canned Food","Canned Meals & Beans","Eden","Eden Lentils with Onions and Bay Leaves","","Eden Lentils with Onions and Bay Leaves","3.09","0.0","Market Basket","15 oz","15 oz","17138.jpg","","2"
"32793","Chips, Cookies & Snacks","Candy & Chocolates","Candy & Chocolate","Market Basket","Market Basket 85% Cacao Primium Dark Chocolate","","Market Basket 85% Cacao Primium Dark Chocolate","1.88","0.0","Market Basket","3.5 oz","3.5 oz","X509.jpg","","3"
"6391","Beverages & Juices","Soft Drinks & Seltzers","Seltzer","Polar","Polar Seltzer Strawberry Lemonade","","Polar Seltzer Strawberry Lemonade","4.18","0.0","Market Basket","8 x 12 fl oz","8 x 12 fl oz","No Image.jpg","","11"
"30432","Frozen Food","Frozen Dessert","Frozen Dessert","Blake's","Blake's Shepherd's Pie","017873017325","Blake's Shepherd's Pie","8.74","0.0","Market Basket","22 oz","22 oz","X4106.jpg","","18"
"487","Laundry & Paper Goods","Laundry","Laundry Detergent","Purex","Purex 4 in 1 Pacs Mountain Breeze 29 pack Laundry Detergent","","Purex 4 in 1 Pacs Mountain Breeze 29 pack Laundry Detergent","5.61","1.0","Market Basket","29 pack","29 pack","No Image.jpg","","15"
"4267","Meat & Seafood","Packaged Meat & Seafood","Salmon","River","Ducktrap River of Maine Smoked Atlantic Salmon","","Ducktrap River of Maine Smoked Atlantic Salmon","10.99","0.0","Market Basket","4 oz","4 oz","4138.jpg","","22"
"5810","Breakfast & Dairy","Bars & Pastries","Protien Bars","Pure Protein","Pure Protein Protein Bar, Chocolate Peanut Butter","","Pure Protein Protein Bar, Chocolate Peanut Butter","6.69","0.0","Market Basket","6 each","6 each","15250.jpg","","3"
"14376","Breakfast & Dairy","Tea & Coffee","Coffee","Folgers ","Folgers Instant Coffee Crystals Classic Decaf Single Serve Packets 6 CT","","Folgers Instant Coffee Crystals Classic Decaf Single Serve Packets 6 CT","1.29","0.0","Market Basket","6 count","6 count","3348.jpg","","8"
"12690","Breakfast & Dairy","Breads & Rolls","Bread","Food For Life","Food for Life Low Sodium Bread Sprouted Grain","","Food for Life Low Sodium Bread Sprouted Grain","5.99","0.0","Market Basket","24 oz","24 oz","4776.jpg","","18"
"35304","Richardson's Farm Ice Cream","Ice Cream","Cookie Dough","Richarson's Farm","Richarson's Farm Cookie Dough Ice Cream 16% Butterfat","","Vanilla ice cream with tons of raw cookie dough and chocolate chips","7.99","0.0","Richardson's Farm","1-2 Gal. Container","1-2 Gal. Container","RichardsonsFarm.jpg","",""
"34133","Beverages & Juices","Energy & Sports Drinks","Energy & Sports Drinks","Powerade","Powerade Sports Drink Fruit Punch 8 pack","049000045666","Powerade Sports Drink Fruit Punch 8 pack","6.24","0.0","Market Basket","8 x 20 fl oz","8 x 20 fl oz","X2714.jpg","","10"
"32856","Breakfast & Dairy","Breads & Rolls","Bread","Market Basket","Market Basket Hearty Nut Bread","049705544303","Market Basket Hearty Nut Bread","2.5","0.0","Market Basket","24 oz","24 oz","X2381.jpg","","18"
"31062","Pasta & Sauces","Pasta Sauce","Pasta Sauce","Cucina and Amore","Cucina and Amore Pesto Alla Genovese Basil","728119098441","Cucina and Amore Pesto Alla Genovese Basil","4.99","0.0","Market Basket","7.9 oz","7.9 oz","X1415.jpg","","4"
"31430","Beverages & Juices","Energy & Sports Drinks","Energy & Sports Drinks","Gatorade","Gatorade Zero Sugar Thirst Quencher Glacier Freeze 8 pack","052000043334","Gatorade Zero Sugar Thirst Quencher Glacier Freeze 8 pack","7.49","0.0","Market Basket","8 x 20 fl oz","8 x 20 fl oz","X2677.jpg","","10"
"34755","Meat & Seafood","Canned Meat & Seafood","Chicken","Swanson ","Swanson Chicken a la King Dark Chicken Meat ","","Swanson Chicken a la King Dark Chicken Meat ","2.88","0.0","Market Basket","10.5 oz","10.5 oz","X1864.jpg","","2"
"34000","Breakfast & Dairy","Breads & Rolls","Swirl Bread","Pepperidge Farm","Pepperidge Farm Swirl French Toast Bread","014100043461","Pepperidge Farm Swirl French Toast Bread","3.74","0.0","Market Basket","16 oz","16 oz","X2624.jpg","","18"
"399","Laundry & Paper Goods","Laundry","Laundry Detergent","Tide","Tide Pods Liquid Laundry Detergent Pacs, Clean Breeze","","Tide Pods Liquid Laundry Detergent Pacs, Clean Breeze","8.11","1.0","Market Basket","16 oz","16 oz","4510.jpg","","15"
"3629","Fresh Produce","Fresh Fruits","Apple","Market Basket","McIntosh Apple Bag","","McIntosh Apple Bag","3.21","0.0","Market Basket","3 lb","3 lb","14203.jpg","","20"
"7508","Cooking Needs","Canned Food","Canned & Jarred Vegetables","Market Basket","Market Basket Italian Style Diced Tomatoes","","Market Basket Italian Style Diced Tomatoes","0.89","0.0","Market Basket","14.5 oz","14.5 oz","Market Basket.jpg","","9"
"32350","Cooking Needs","Rice & Grains","Rice/Pasta Sides","Knorr","Knorr Pasta Sides Alfredo Flavour","041000022531","Knorr Pasta Sides Alfredo Flavour","1.25","0.0","Market Basket","4.4 oz","4.4 oz","X1151.jpg","","4"
"6515","Chips, Cookies & Snacks","Nuts, Seeds & Dried Fruit","Nuts, Seeds & Dried Fruit","Emerald","Emerald Roasted & Salted Cashews","","Emerald Roasted & Salted Cashews","3.49","0.0","Market Basket","5 oz","5 oz","No Image.jpg","","6"
"13366","Breakfast & Dairy","Dairy & Eggs","Cream","Market Basket","Market Basket Fat Free Half And Half","","Market Basket Fat Free Half And Half","2.09","0.0","Market Basket","32 fl oz","32 fl oz","Market Basket.jpg","","1"
"30083","Frozen Food","Frozen Dinners & Entrees","Frozen Meal","Amy's ","Amy's Enchilada Cheese","042272000807","Amy's Enchilada Cheese","4.99","0.0","Market Basket","9 oz","9 oz","X4162.jpg","","18"
"6104","Beverages & Juices","Soft Drinks & Seltzers","Soft Drinks","Country Time","Country Time Lemonade Flavored Drink","","Country Time Lemonade Flavored Drink","3.36","0.0","Market Basket","19 oz","19 oz","16652.jpg","","17"
"7329","Cooking Needs","Spices & Seasonings","Spices & Seasonings","McCormick","McCormick Onion Powder","","McCormick Onion Powder","3.69","0.0","Market Basket","2.62 oz","2.62 oz","2133.jpg","","9"
"31499","Cooking Needs","Baking & Cooking","Pizza Sauce","Gerardo's Trattoria Amalfi","Gerardo's Trattoria Amalfi Pizza Sauce","865951000376","Gerardo's Trattoria Amalfi Pizza Sauce","6.24","0.0","Market Basket","13 oz","13 oz","X1327.jpg","","4"
"32768","Beverages & Juices","Juices & Refrigerated Drinks","Juice & Nectars","Market Basket","Market Basket Cranberry Juice Cocktail from Concentrate","049705086100","Market Basket Cranberry Juice Cocktail from Concentrate","2.5","0.0","Market Basket","64 fl oz","64 fl oz","X2806.jpg","","10"
"5882","Beverages & Juices","Cocoa & Drink Mixes","Cocoa & Drink Mixes","4C","4C Iced Tea Mix Peach","","4C Iced Tea Mix Peach","6.24","0.0","Market Basket","4 lb","4 lb","No Image.jpg","","17"
"10032","Frozen Food","Ice Cream & Ice","Ice Cream & Ice","Friendly's","Friendly's Fudgealicious Fudge Bars","","Friendly's Fudgealicious Fudge Bars","3.09","0.0","Market Basket","6 x 2.75 fl oz","6 x 2.75 fl oz","3053.jpg","","21"
"33492","Breakfast & Dairy","Breads & Rolls","Buns","Nature's Own","Nature's Own 8 Hamburger Buns 100% Whole Wheat","072250003988","Nature's Own 8 Hamburger Buns 100% Whole Wheat","4.36","0.0","Market Basket","15 oz","15 oz","X2468.jpg","","18"
"14599","Beverages & Juices","Tea, Coffee, Milk & Coconut Water","Tea","Snapple","Snapple Diet Peach Tea ","076183323571","Snapple Diet Peach Tea ","2.49","0.0","Market Basket","32 fl oz","32 fl oz","X2970.jpg","","10"
"417","Kitchen & Cleaning","Trash Bags & Liners","Large Trash Bags","Hefty","Hefty Extra Strong Multipurpose Large Drawstring Mega Pack Trash Bags","","Hefty Extra Strong Multipurpose Large Drawstring Mega Pack Trash Bags","14.09","1.0","Market Basket","56 count","56 count","4686.jpg","","12"
"30789","Breakfast & Dairy","Breads & Rolls","Bread","Canyon Bakehouse","Canyon Bakehouse Gluten Free Ancient Grain Bread","835841002294","Canyon Bakehouse Gluten Free Ancient Grain Bread","7.49","0.0","Market Basket","15 oz","15 oz","X2577.jpg","","18"
"35257","Richardson's Farm Ice Cream","Ice Cream","Coffee","Richarson's Farm","Richarson's Farm Coffee Almond Fudge Ice Cream 16% Butterfat","","Coffee ice cream with almonds and a fudge swirl","32.99","0.0","Richardson's Farm","3 Gal. Tub","3 Gal. Tub","RichardsonsFarm.jpg","",""
"34619","Breakfast & Dairy","Dairy & Eggs","Yogurt","Stonyfield","Stonyfield Organic Plain Non Gmo Project Verified Plain 0% Fat Yogurt","","Stonyfield Organic Plain Non Gmo Project Verified Plain 0% Fat Yogurt","0.86","0.0","Market Basket","5.3 oz","5.3 oz","X791.jpg","","1"
"8984","Condiments & Dressings","Preserved Dips & Spreads","Spreads","Jif","Jif Creamy Peanut Butter","","Jif Creamy Peanut Butter","7.39","0.0","Market Basket","40 Oz","40 Oz","1648.jpg","","3"
"32679","Frozen Food","Frozen Pasta","Frozen Pasta","Mama Rosie's","Mama Rosie's Cheese Manicotti","076239420124","Mama Rosie's Cheese Manicotti","3.13","0.0","Market Basket","20 oz","20 oz","X4336.jpg","","18"
"237","Kitchen & Cleaning","Dish Detergents","Dish Liquid","Dawn","Dawn Ultra Dishwashing Liquid Dish Soap, Original Scent","","Dawn Ultra Dishwashing Liquid Dish Soap, Original Scent","3.69","1.0","Market Basket","19.4 fl oz","19.4 fl oz","18057.jpg","","15"
"6888","Cooking Needs","Baking & Cooking","Baking Ingredients","Market Basket","Market Basket Pure Granulated Sugar","","Market Basket Pure Granulated Sugar","2.49","0.0","Market Basket","5 lb","5 lb","Market Basket.jpg","","8"
"3655","Fresh Produce","Fresh Fruits","Dates","Market Basket","Medjool Dates","","Medjool Dates","8.11","0.0","Market Basket","1 count","1 count","14230.jpg","","20"
"7305","Cooking Needs","Spices & Seasonings","Spices & Seasonings","McCormick","McCormick Grill Mates Barbecue Seasoning","","McCormick Grill Mates Barbecue Seasoning","2.49","0.0","Market Basket","3 oz","3 oz","2271.jpg","","9"
"13407","Breakfast & Dairy","Dairy & Eggs","Eggs","Eggland's Best","Eggland's Best Large Cage Free Brown Egg","","Eggland's Best Large Cage Free Brown Egg","1.99","0.0","Market Basket","6 count","6 count","596.jpg","","1"
"32484","Beverages & Juices","Juices & Refrigerated Drinks","Juice & Nectars","Langers","Langers Apple Grape 100% Juice","041755007029","Langers Apple Grape 100% Juice","2.5","0.0","Market Basket","64 fl oz","64 fl oz","X2860.jpg","","10"
"5510","Chips, Cookies & Snacks","Candy & Chocolates","Candy & Chocolate","M&M's","M&M's M & M's Chocolate Candies Fun Size Milk Chocolate 6 CT","","M&M's M & M's Chocolate Candies Fun Size Milk Chocolate 6 CT","1.29","0.0","Market Basket","6 x 0.53 oz","6 x 0.53 oz","1014.jpg","","3"
"32339","Condiments & Dressings","Marinades, Ketchup & Sauces","Sauce","Kitchens Of India","Kitchens Of India Pav Bhaji ","841905010714","Kitchens Of India Pav Bhaji ","3.74","0.0","Market Basket","10 oz","10 oz","X5344.jpg","","3"
"9803","Frozen Food","Frozen Produce","Frozen Produce","Dole","Dole Tropical Fruit","","Dole Tropical Fruit","3.69","0.0","Market Basket","14 oz","14 oz","Market Basket.jpg","","19"
"12708","Breakfast & Dairy","Breads & Rolls","Bread","Market Basket","Market Basket Authentic Cornbread","","Market Basket Authentic Cornbread","2.49","0.0","Market Basket","15 oz","15 oz","Market Basket.jpg","","18"
"32399","Condiments & Dressings","Marinades, Ketchup & Sauces","Marinades & Meat Preparation","Kraft","Kraft Slow Simmered Original Barbecue Savce ","013409515372","Kraft Slow Simmered Original Barbecue Savce ","3.75","0.0","Market Basket","18 oz","18 oz","X2036.jpg","","2"
"30104","Frozen Food","Frozen Pasta","Frozen Pasta","Angy's","Angy's Four Cheese, Spinach & Mushroom Ravioli","075662242112","Angy's Four Cheese, Spinach & Mushroom Ravioli","4.36","0.0","Market Basket","20 oz","20 oz","X4310.jpg","","18"
"7969","Cooking Needs","Canned Food","Soup, Broth & Bouillon","Campbell's","Campbell's Condensed Chicken NoodleO's Soup","","Campbell's Condensed Chicken NoodleO's Soup","2.09","0.0","Market Basket","10.5 oz","10.5 oz","5377.jpg","","2"
"8408","Condiments & Dressings","Marinades, Ketchup & Sauces","Marinades & Meat Preparation","Heinz","Heinz HomeStyle Bistro Au Jus Gravy","","Heinz HomeStyle Bistro Au Jus Gravy","2.09","0.0","Market Basket","12 oz","12 oz","1957.jpg","","9"
"15290","Personal Care","Vitamins & Proteins","Protien Drinks","Ensure","Ensure Original Nutrition Shake Strawberry Ready-to-Drink Bottles","","Ensure Original Nutrition Shake Strawberry Ready-to-Drink Bottles","12.64","1.0","Market Basket","6 x 8 fl oz","6 x 8 fl oz","6723.jpg","","13"
"5219","Chips, Cookies & Snacks","Cookies & Crackers","Crackers","Pepperidge Farm Goldfish","Pepperidge Farm Goldfish Flavor Blasted Xtra Cheddar Crackers","","Pepperidge Farm Goldfish Flavor Blasted Xtra Cheddar Crackers","6.23","0.0","Market Basket","8.1 oz","8.1 oz","15121.jpg","","6"
"32886","Breakfast & Dairy","Breads & Rolls","Rolls","Market Basket","Market Basket Premium 8 White Sandwich Rolls","835841003398","Market Basket Premium 8 White Sandwich Rolls","3.74","0.0","Market Basket","24 oz","24 oz","X2392.jpg","","18"
"31871","Pasta & Sauces","Pasta Sauce","Pasta Sauce","Hunts","Hunts Pasta Sauce Four Cheese","027000500101","Hunts Pasta Sauce Four Cheese","1.25","0.0","Market Basket","24 oz","24 oz","X1400.jpg","","4"
"5655","Chips, Cookies & Snacks","Candy & Chocolates","Mint & Gum","LifeSavers","LifeSavers Mints Spear O Mint","","LifeSavers Mints Spear O Mint","2.19","0.0","Market Basket","6.25 oz","6.25 oz","1504.jpg","","3"
"13644","Breakfast & Dairy","Dairy & Eggs","Packaged Cheese","Cabot Creamery","Cabot Creamery Extra Sharp Cheddar Cheese","","Cabot Creamery Extra Sharp Cheddar Cheese","10.99","0.0","Market Basket","2 lb","2 lb","147.jpg","","1"
"3623","Fresh Produce","Fresh Fruits","Apple","Market Basket","Fuji Apples","","Fuji Apples","0.92","0.0","Market Basket","1 count","1 count","FP21.jpg","","20"
"33709","Meat & Seafood","Packaged Meat & Seafood","Sausage","Old Neighborhood ","Old Neighborhood Italian Sausage ","","Old Neighborhood Italian Sausage ","4.74","0.0","Market Basket","12 oz","12 oz","X4657.jpg","","1"
"199","Kitchen & Cleaning","Cleaning Products","Scrub Sponge","Brillo","Brillo Heavy Duty Steel Wool Soap Pads - 10 CT","","Brillo Heavy Duty Steel Wool Soap Pads - 10 CT","3.09","1.0","Market Basket","10 count","10 count","16957.jpg","","15"
"385","Kitchen & Cleaning","Food Storage & Kitchen Supplies","Utensils & Kitchen Supplies","Store Brand","Toothpick Holder","","Toothpick Holder","1.29","1.0","Market Basket","1 count","1 count","Market Basket.jpg","","12"
"6841","Cooking Needs","Baking & Cooking","Baking Ingredients","Ghirardelli Chocolate","Ghirardelli Chocolate Baking Chips 60% Cacao Bittersweet","","Ghirardelli Chocolate Baking Chips 60% Cacao Bittersweet","4.19","0.0","Market Basket","10 oz","10 oz","2342.jpg","","8"
"8103","Cooking Needs","Canned Food","Soup, Broth & Bouillon","Progresso","Progresso Light, New England Clam Chowder Soup, Low Fat, Gluten Free","","Progresso Light, New England Clam Chowder Soup, Low Fat, Gluten Free","2.79","0.0","Market Basket","18.5 oz","18.5 oz","5290.jpg","","9"
"6295","Beverages & Juices","Water","Water","Poland Spring","Poland Spring Distilled Water","","Poland Spring Distilled Water","1.61","0.0","Market Basket","1 gal","1 gal","3235.jpg","","11"
"35225","Meat & Seafood","Packaged Meat & Seafood","Chicken","Yummy","Yummy Breaded Chicken Breast Tenders 100% All Natural","064563221883","Yummy Breaded Chicken Breast Tenders 100% All Natural","4.99","0.0","Market Basket","24.5 oz","24.5 oz","X4781.jpg","","1"
"33175","Frozen Food","Frozen Breakfast","Frozen Breakfast","Market Basket ","market Basket Sausage ,Egg & Cheese Croissant ","049705701102","market Basket Sausage ,Egg & Cheese Croissant ","4.99","0.0","Market Basket","18 oz","18 oz","X5002.jpg","","19"
"8113","Cooking Needs","Canned Food","Soup, Broth & Bouillon","Progresso","Progresso Soup, Traditional, Chickarina Soup","","Progresso Soup, Traditional, Chickarina Soup","2.79","0.0","Market Basket","19 oz","19 oz","5256.jpg","","9"
"4791","Meat & Seafood","Frozen Meat & Seafood","Frozen Fish (All)","Market Basket","Market Basket Flounder","","Market Basket Flounder","6.09","0.0","Market Basket","16 oz","16 oz","Market Basket.jpg","","18"
"31389","Condiments & Dressings","Preserved Dips & Spreads","Spreads","Fun Delina","Fun Delina Chocolate - Hazelnut Straberry Spread ","","Fun Delina Chocolate - Hazelnut Straberry Spread ","3.13","0.0","Market Basket","13 oz","13 oz","X284.jpg","","3"
"5450","Chips, Cookies & Snacks","Candy & Chocolates","Candy & Chocolate","Haribo","Haribo Gummi Candy, Dinosaurs","","Haribo Gummi Candy, Dinosaurs","1.29","0.0","Market Basket","5 oz","5 oz","1060.jpg","","3"
"13486","Beverages & Juices","Tea, Coffee, Milk & Coconut Water","Milk","Horizon","Horizon Organic Vanila Lowfat Milk","742365003189","Horizon Organic Vanila Lowfat Milk","16.24","0.0","Market Basket","12 x 8 fl oz","12 x 8 fl oz","X3115.jpg","","10"
"34889","Beverages & Juices","Energy & Sports Drinks","Energy & Sports Drinks","Trimino","Trimino Protien Infused Water Coconut Pineapple","811492020038","Trimino Protien Infused Water Coconut Pineapple","2.5","0.0","Market Basket","16 fl oz","16 fl oz","X2728.jpg","","10"
"15191","Personal Care","Personal Needs","Oral Hygiene","Crest","Crest Pro-Health Extra Whitening Power Toothpaste 3.7 oz. Dentifrice","","Crest Pro-Health Extra Whitening Power Toothpaste 3.7 oz. Dentifrice","4.24","1.0","Market Basket","3.7 oz","3.7 oz","6410.jpg","","13"
"30307","Pasta & Sauces","Pasta Sauce","Pasta Sauce","Barilla","Barilla Pesto Rustic Basil","076808007879","Barilla Pesto Rustic Basil","3.13","0.0","Market Basket","6 oz","6 oz","X1430.jpg","","4"
"8973","Condiments & Dressings","Preserved Dips & Spreads","Spreads","Skippy","Skippy Super Chunk Extra Crunchy Peanut Butter","","Skippy Super Chunk Extra Crunchy Peanut Butter","3.09","0.0","Market Basket","16.3 oz","16.3 oz","1639.jpg","","3"
"34134","Beverages & Juices","Energy & Sports Drinks","Energy & Sports Drinks","Powerade","Powerade Sports Drink Mountain Berry Blast 8 pack","049000045659","Powerade Sports Drink Mountain Berry Blast 8 pack","6.24","0.0","Market Basket","8 x 20 fl oz","8 x 20 fl oz","X2715.jpg","","10"
"13316","Breakfast & Dairy","Dairy & Eggs","Butter","Smart Balance","Smart Balance Low Sodium Whipped Buttery Spread","","Smart Balance Low Sodium Whipped Buttery Spread","3.09","0.0","Market Basket","13 oz","13 oz","642.jpg","","1"
"32737","Frozen Food","Frozen Dinners & Entrees","Frozen Meal","Marie Callender's","Marie Callender's Turkey & Stuffing","021131506612","Marie Callender's Turkey & Stuffing","3.13","0.0","Market Basket","11.5 oz","11.5 oz","X4042.jpg","","18"
"33027","Pasta & Sauces","Raw Pasta","Raw Pasta","Market Basket","Market Basket Wide Egg Noodles","049795032756","Market Basket Wide Egg Noodles","1.88","0.0","Market Basket","12 oz","12 oz","X1682.jpg","","4"
"33023","Pasta & Sauces","Raw Pasta","Raw Pasta","Market Basket","Market Basket Rigged Lasagna","049795032787","Market Basket Rigged Lasagna","1.88","0.0","Market Basket","16 oz","16 oz","X1678.jpg","","4"
"15062","Personal Care","Personal Needs","Deodorants","Sure","Sure Anti-Perspirant & Deodorant, Original Solid, Regular Scent","","Sure Anti-Perspirant & Deodorant, Original Solid, Regular Scent","2.86","1.0","Market Basket","1.7 oz","1.7 oz","17702.jpg","","13"
"4621","Meat & Seafood","Canned Meat & Seafood","Canned Chicken","Market Basket","Market Basket Chicken Cooking Stock No Msg Fat Free","","Market Basket Chicken Cooking Stock No Msg Fat Free","2.49","0.0","Market Basket","32 oz","32 oz","Market Basket.jpg","","2"
"263","Kitchen & Cleaning","Dish Detergents","Dishwasher Detergent","Finish","Finish Gelpacs All in 1 Fast Action Deep Clean Orange Scent Automatic Dishwasher Detergent","","Finish Gelpacs All in 1 Fast Action Deep Clean Orange Scent Automatic Dishwasher Detergent","12.19","1.0","Market Basket","34.8 oz","34.8 oz","4346.jpg","","15"
"14628","Breakfast & Dairy","Tea & Coffee","Tea","Traditional Medicinals","Traditional Medicinals Seasonal Teas Gypsy Cold Care Tea Bags","","Traditional Medicinals Seasonal Teas Gypsy Cold Care Tea Bags","4.89","0.0","Market Basket","16 count","16 count","3498.jpg","","8"
"6537","Chips, Cookies & Snacks","Nuts, Seeds & Dried Fruit","Nuts, Seeds & Dried Fruit","Market Basket","Market Basket Seedless Raisins","","Market Basket Seedless Raisins","3.11","0.0","Market Basket","12 oz","12 oz","Market Basket.jpg","","6"
"3685","Fresh Produce","Fresh Fruits","Orange","Market Basket","Cara Cara Pink Navel Orange","","Cara Cara Pink Navel Orange","1.2","0.0","Market Basket","1 count","1 count","14212.jpg","","20"
"3588","Fresh Produce","Fresh Vegetables","Cherry Tomato","Market Basket","Backyard Farms. Cocktail Cherry Tomatoes","","Backyard Farms. Cocktail Cherry Tomatoes","4.93","0.0","Market Basket","10 oz","10 oz","14322.jpg","","20"
"34842","Breakfast & Dairy","Breads & Rolls","Crossaint","Thomas","Thomas Mini Croissants Plain","048121101015","Thomas Mini Croissants Plain","5.61","0.0","Market Basket","11 oz","11 oz","X2600.jpg","","18"
"13498","Breakfast & Dairy","Dairy & Eggs","Milk","Market Basket","Market Basket Half & Half Creamer","","Market Basket Half & Half Creamer","4.29","0.0","Market Basket","0.5 gal","0.5 gal","Market Basket.jpg","","1"
"32489","Condiments & Dressings","Marinades, Ketchup & Sauces","Marinades & Meat Preparation","Lawry's ","Lawry's Marinade Korean-Style BBQ Sweet Asian Flavor With Ginger & Plum Juice","021500012041","Lawry's Marinade Korean-Style BBQ Sweet Asian Flavor With Ginger & Plum Juice","2.86","0.0","Market Basket","12 fl oz","12 fl oz","X2069.jpg","","2"
"5466","Chips, Cookies & Snacks","Candy & Chocolates","Candy & Chocolate","Hershey's","Hershey's Nuggets Milk Chocolate with Almonds Candy","","Hershey's Nuggets Milk Chocolate with Almonds Candy","3.69","0.0","Market Basket","12 oz","12 oz","982.jpg","","3"
"34481","Cooking Needs","Rice & Grains","Instant Rice","Seeds of Change","Seeds of Change Organic Quinoa & Brown Rice with Garlic","748404287947","Seeds of Change Organic Quinoa & Brown Rice with Garlic","3.13","0.0","Market Basket","8.5 oz","8.5 oz","X976.jpg","","4"
"10191","Frozen Food","Ice Cream & Ice","Ice Cream & Ice","Outshine","Outshine Peach Fruit Bars","","Outshine Peach Fruit Bars","3.09","0.0","Market Basket","6 count","6 count","3164.jpg","","21"
"35300","Richardson's Farm Ice Cream","Ice Cream","Coffee","Richarson's Farm","Richarson's Farm Coffee Ice Cream 16% Butterfat","","A deep robust coffee flavor","7.99","0.0","Richardson's Farm","1-2 Gal. Container","1-2 Gal. Container","RichardsonsFarm.jpg","",""
"9883","Frozen Food","Frozen Produce","Frozen Produce","Market Basket","Market Basket Quick And Steamy Whole Green Beans","","Market Basket Quick And Steamy Whole Green Beans","1.29","0.0","Market Basket","12 oz","12 oz","Market Basket.jpg","","19"
"3765","Fresh Produce","Fresh Herbs","Sage","Market Basket","Sage","","Sage","2.86","0.0","Market Basket","1 oz bunch","1 oz bunch","14553.jpg","","20"
"14606","Beverages & Juices","Tea, Coffee, Milk & Coconut Water","Tea","Snapple","Snapple Tea, Peach, FAMILY PACK","","Snapple Tea, Peach, FAMILY PACK","8.59","0.0","Market Basket","12 x 16 oz","12 x 16 oz","3519.jpg","","10"
"31321","Breakfast & Dairy","Breads & Rolls","English Muffins","Fiber One","Fiber One English Muffins Wheat Multigrain","835841005248","Fiber One English Muffins Wheat Multigrain","4.36","0.0","Market Basket","12 oz","12 oz","X2640.jpg","","18"
"30650","Beverages & Juices","Juices & Refrigerated Drinks","Juice & Nectars","Bragg ","Bragg Apple Cider Vinegar Refreshers Prebiotic Apple Cinnamon","074305052163","Bragg Apple Cider Vinegar Refreshers Prebiotic Apple Cinnamon","3.11","0.0","Market Basket","16 fl oz","16 fl oz","X3010.jpg","","10"
"32683","Frozen Food","Frozen Pasta","Frozen Pasta","Mama Rosie's","Mama Rosie's Four Cheese Stuffed Shells","076239462155","Mama Rosie's Four Cheese Stuffed Shells","5.61","0.0","Market Basket","24 oz","24 oz","X4343.jpg","","18"
"14740","Personal Care","Body Wash, Soap & Hair Care","Hair Care","Head & Shoulders","Head & Shoulders Classic Clean Conditioner, Female Hair Care","","Head & Shoulders Classic Clean Conditioner, Female Hair Care","6.31","1.0","Market Basket","13.5 fl oz","13.5 fl oz","6581.jpg","","13"
"34902","Beverages & Juices","Juices & Refrigerated Drinks","Refrigerated Drinks","Tropicana ","Tropicana essentials PROBIOTICS Pineapple mango","","Tropicana essentials PROBIOTICS Pineapple mango","4.11","0.0","Market Basket","32 fl oz","32 fl oz","X848.jpg","","1"
"34544","Richardson's Farm Ice Cream","Ice Cream Toppings","Ice Cream Toppings","Smucker's","Smucker's Marshmallow Topping ","051500001202","Smucker's Marshmallow Topping ","2.5","0.0","Market Basket","12.25 oz","12.25 oz","X5135.jpg","","20"
"3496","Fresh Produce","Fresh Organic Vegetables","Broccoli","Market Basket","Organic Broccoli Florets","","Organic Broccoli Florets","4.94","0.0","Market Basket","3 oz","3 oz","f97.jpg","","20"
"14415","Breakfast & Dairy","Tea & Coffee","Coffee","Maxwell House","Maxwell House Breakfast Blend Ground Coffee","","Maxwell House Breakfast Blend Ground Coffee","15.89","0.0","Market Basket","29.3 oz","29.3 oz","3390.jpg","","8"
"3965","Fresh Produce","Fresh Vegetables","Root Vege/ Turnip","Market Basket","Kohlrabi","","Kohlrabi","2.74","0.0","Market Basket","1 bunch","1 bunch","f272.jpg","","20"
"14228","Breakfast & Dairy","Dairy & Eggs","Yogurt","So Delicious","So Delicious Dairy Free Coconut Milk Yogurt Alternative Vanilla","","So Delicious Dairy Free Coconut Milk Yogurt Alternative Vanilla","1.89","0.0","Market Basket","5.3 oz","5.3 oz","14657.jpg","","1"
"3722","Fresh Produce","Fresh Fruits","Strawberries","Market Basket","California Giant Strawberries","","California Giant Strawberries","6.23","0.0","Market Basket","16 oz container","16 oz container","14194.jpg","","20"
"31020","Frozen Food","Frozen Dessert","Frozen Dessert","Cool Whip ","Cool Whip Lite ","043000009567","Cool Whip Lite ","3.74","0.0","Market Basket","16 oz","16 oz","X4967.jpg","","19"
"34693","Condiments & Dressings","Marinades, Ketchup & Sauces","Marinades & Meat Preparation","Stubb's","Stubb's Beef Marinade Soy,Garlic & Red Pepper ","734756000013","Stubb's Beef Marinade Soy,Garlic & Red Pepper ","3.75","0.0","Market Basket","12 oz","12 oz","X2028.jpg","","2"
"9092","Frozen Food","Frozen Dinners & Entrees","Frozen Appetizers & Sides","Alexia","Alexia Oven Reds with Olive Oil, Parmesan and Roasted Garlic","","Alexia Oven Reds with Olive Oil, Parmesan and Roasted Garlic","3.69","0.0","Market Basket","22 oz","22 oz","2589.jpg","","18"
"253","Kitchen & Cleaning","Dish Detergents","Dish Liquid","Seventh Generation","Seventh Generation Dish Liquid Soap Lavender Floral & Mint","","Seventh Generation Dish Liquid Soap Lavender Floral & Mint","3.69","1.0","Market Basket","25 oz","25 oz","18065.jpg","","15"
"35001","Breakfast & Dairy","Breads & Rolls","Bread","Vermont Bread","Vermont Bread Organic Soft Wheat Bread","025911000505","Vermont Bread Organic Soft Wheat Bread","4.99","0.0","Market Basket","24 oz","24 oz","X2447.jpg","","18"
"15286","Personal Care","Vitamins & Proteins","Protien Drinks","Boost","Boost Plus Rich Chocolate","","Boost Plus Rich Chocolate","13.33","1.0","Market Basket","48 fl oz","48 fl oz","6748.jpg","","13"
"32887","Breakfast & Dairy","Breads & Rolls","Rolls","Market Basket","Market Basket Plain Sub Rolls","","Market Basket Plain Sub Rolls","2.24","0.0","Market Basket","19.2 oz","19.2 oz","X2424.jpg","","18"
"33886","Condiments & Dressings","Pickled Goods & Olives","Pickled Goods & Olives","Pastene","Pastene Since 1874 Golden Greak Peperoncini ","066086100959","Pastene Since 1874 Golden Greak Peperoncini ","3.11","0.0","Market Basket","12 fl oz","12 fl oz","X2323.jpg","","2"
"14572","Breakfast & Dairy","Tea & Coffee","Tea","Lipton","Lipton Peach Mango","","Lipton Peach Mango","2.99","0.0","Market Basket","18 count","18 count","3489.jpg","","8"
"314","Kitchen & Cleaning","Food Storage & Kitchen Supplies","Plastic/Cling Wrap","Reynolds","Reynolds Kitchens Plastic Coated Freezer Paper","","Reynolds Kitchens Plastic Coated Freezer Paper","2.49","1.0","Market Basket","50 sq ft","50 sq ft","4418.jpg","","12"
"33187","Frozen Food","Frozen Pizza","Frozen Pizza","Market Basket ","Market Basket Cheese Pizza 9 Slices","049705707678","Market Basket Cheese Pizza 9 Slices","2.99","0.0","Market Basket","18.30 oz","18.30 oz","X4848.jpg","","19"
"6328","Beverages & Juices","Water","Sparkling Water","Polar","Polar Orange Dry Sparkling Water Cans","","Polar Orange Dry Sparkling Water Cans","3.74","0.0","Market Basket","6 x 7.5 fl oz","6 x 7.5 fl oz","No Image.jpg","","11"
"30708","Frozen Food","Frozen Pasta","Frozen Pasta","Buitoni ","Buitoni Pesto With Basil, made with Pine Nuts and Walnuts Frozen Pasta","","Buitoni Pesto With Basil, made with Pine Nuts and Walnuts Frozen Pasta","4.99","0.0","Market Basket","17 oz","17 oz","X4665.jpg","","1"
"6531","Chips, Cookies & Snacks","Nuts, Seeds & Dried Fruit","Nuts, Seeds & Dried Fruit","Sunmaid","Sunmaid Chocolate Yogurt Covered Raisins","","Sunmaid Chocolate Yogurt Covered Raisins","3.13","0.0","Market Basket","6 box","6 box","No Image.jpg","","6"
"35071","Meat & Seafood","Packaged Meat & Seafood","Turkey","Waterhill ","Waterhill Naturals Smoked Turkey Breast ","","Waterhill Naturals Smoked Turkey Breast ","4.99","0.0","Market Basket","6 oz","6 oz","X4487.jpg","","1"
"34849","Breakfast & Dairy","Breads & Rolls","English Muffins","Thomas","Thomas English Muffins 9g of Whole Grain","048121276072","Thomas English Muffins 9g of Whole Grain","6.24","0.0","Market Basket","12 oz","12 oz","X2618.jpg","","18"
"14750","Personal Care","Body Wash, Soap & Hair Care","Hair Care","Herbal Essences","Herbal Essences Moisturizing Shampoo with Coconut Essences","","Herbal Essences Moisturizing Shampoo with Coconut Essences","4.82","1.0","Market Basket","10.1 fl oz","10.1 fl oz","18166.jpg","","13"
"35112","Frozen Food","Frozen Dinners & Entrees","Frozen Appetizers & Sides","White Castle","White Castle Jalapeno Cheese Sliders","082988011063","White Castle Jalapeno Cheese Sliders","5.36","0.0","Market Basket","11 oz","11 oz","X3999.jpg","","18"
"3882","Fresh Produce","Fresh Vegetables","Lime","Market Basket","Bagged Lime","","Bagged Lime","3.19","0.0","Market Basket","1 bag(s)","1 bag(s)","f216.jpg","","20"
"31860","Cooking Needs","Canned Food","Canned Tomatoes","Hunts","Hunts Petite Diced Tomatoes","027000378311","Hunts Petite Diced Tomatoes","1.25","0.0","Market Basket","14.5 oz","14.5 oz","X1360.jpg","","4"
"33538","Breakfast & Dairy","Granola & Oats","Granola","Nature's Path","Nature's Path Orignal Love Crunch Dark Chocolate Macroon Granola","058449771982","Nature's Path Orignal Love Crunch Dark Chocolate Macroon Granola","6.24","0.0","Market Basket","11.5 oz","11.5 oz","X3746.jpg","","5"
"33065","Breakfast & Dairy","Cereal","Cereal","Market Basket ","Market Basket Raisin Bran Cereal ","049705017999","Market Basket Raisin Bran Cereal ","3.13","0.0","Market Basket","23.5 oz","23.5 oz","X3332.jpg","","5"
"9785","Frozen Food","Frozen Produce","Frozen Produce","Birds Eye","Birds Eye Steamfresh Sweet Peas","","Birds Eye Steamfresh Sweet Peas","2.09","0.0","Market Basket","19 oz","19 oz","2471.jpg","","19"
"10092","Frozen Food","Ice Cream & Ice","Ice Cream & Ice","Hood","Hood Ice Cream Churned Under The Stars","","Hood Ice Cream Churned Under The Stars","3.09","0.0","Market Basket","1.5 quart","1.5 quart","3111.jpg","","21"
"13675","Breakfast & Dairy","Dairy & Eggs","Packaged Cheese","Tropical","Tropical Queso Fresco, Fresh Cheese","","Tropical Queso Fresco, Fresh Cheese","7.39","0.0","Market Basket","14 oz","14 oz","Market Basket.jpg","","1"
"3509","Fresh Produce","Fresh Organic Vegetables","Onion","Market Basket","Organic Bag of Vidalia Onions","","Organic Bag of Vidalia Onions","4.06","0.0","Market Basket","2 lb","2 lb","f127.jpg","","20"
"4586","Meat & Seafood","Lunch Meat","Turkey","Extra","Butterball Oven Roasted Extra Thin Sliced Turkey Breast","","Butterball Oven Roasted Extra Thin Sliced Turkey Breast","4.29","0.0","Market Basket","9 oz","9 oz","5455.jpg","","1"
"12837","Breakfast & Dairy","Breads & Rolls","Muffin","Market Basket","Market Basket Multigrain English Muffins","","Market Basket Multigrain English Muffins","1.59","0.0","Market Basket","12 oz","12 oz","Market Basket.jpg","","0"
"13651","Breakfast & Dairy","Dairy & Eggs","Packaged Cheese","Cabot Creamery","Cabot Creamery Seriously Sharp Cheddar Cheese","","Cabot Creamery Seriously Sharp Cheddar Cheese","10.99","0.0","Market Basket","2 lb","2 lb","145.jpg","","1"
"7883","Cooking Needs","Canned Food","Canned Meat & Seafood","Spam","Spam 25% Less Sodium Canned Meat","","Spam 25% Less Sodium Canned Meat","3.09","0.0","Market Basket","12 oz","12 oz","17148.jpg","","2"
"8165","Condiments & Dressings","Pickled Goods & Olives","Relish","Claussen","Claussen Premium Sweet Pickle Relish","","Claussen Premium Sweet Pickle Relish","1.49","0.0","Market Basket","10 oz","10 oz","15351.jpg","","2"
"14944","Personal Care","First Aid & Healthcare","Digestion","Topcare","Topcare Health Maximum Strength Acid Reducer Famotidine 20 Mg Tablets","","Topcare Health Maximum Strength Acid Reducer Famotidine 20 Mg Tablets","4.82","1.0","Market Basket","25 count","25 count","6657.jpg","","13"
"30277","Pasta & Sauces","Raw Pasta","Raw Pasta","Banza","Banza Pasta Rotini","857183005014","Banza Pasta Rotini","4.36","0.0","Market Basket","8 oz","8 oz","X1553.jpg","","4"
"13662","Breakfast & Dairy","Dairy & Eggs","Packaged Cheese","Digiorno","DiGiorno Shredded Parmesan Cheese","","DiGiorno Shredded Parmesan Cheese","3.09","0.0","Market Basket","5 oz","5 oz","Market Basket.jpg","","1"
"31034","Pasta & Sauces","Instant Pasta","Instant Pasta","Cracker Barrel","Cracker Barrel Macaroni & Cheese dinner Sharp White Cheddar ","021000060689","Cracker Barrel Macaroni & Cheese dinner Sharp White Cheddar ","4.99","0.0","Market Basket","14 oz","14 oz","X1185.jpg","","4"
"10152","Frozen Food","Ice Cream & Ice","Ice Cream & Ice","Market Basket","Drumstick Dairy Dessert Cones Variety Pack","","Drumstick Dairy Dessert Cones Variety Pack","6.69","0.0","Market Basket","8 count","8 count","16095.jpg","","21"
"15188","Personal Care","Personal Needs","Oral Hygiene","Crest","Crest Fluoridge Anticavity Toothpaste Baking Soda & Peroxide Whitening Fresh Mint","","Crest Fluoridge Anticavity Toothpaste Baking Soda & Peroxide Whitening Fresh Mint","2.86","1.0","Market Basket","6.4 oz","6.4 oz","6401.jpg","","13"
"8566","Cooking Needs","Oils & Vinegars","Oils & Vinegars","Pure Wesson","Pure Wesson Best Blend Oil","","Pure Wesson Best Blend Oil","4.29","0.0","Market Basket","48 fl oz","48 fl oz","1826.jpg","","2"
"32257","Condiments & Dressings","Salad Dressings & Toppings","Salad Dressing & Toppings","Ken's Steak House","Ken's Seak House Three Cheese Italian ","041335001461","Ken's Seak House Three Cheese Italian ","3.49","0.0","Market Basket","16 fl oz","16 fl oz","X425.jpg","","2"
"5048","Chips, Cookies & Snacks","Cookies & Crackers","Cookies & Cakes","Heritage Mills","Heritage Mills Classic Lunch Milk Crackers","","Heritage Mills Classic Lunch Milk Crackers","4.69","0.0","Market Basket","12.3 oz","12.3 oz","15084.jpg","","6"
"34642","Frozen Food","Frozen Dinners & Entrees","Frozen Meal","Stouffer's ","Stouffer's Classic Meatloaf ","013800100726","Stouffer's Classic Meatloaf ","3.36","0.0","Market Basket","9 7/8 oz","9 7/8 oz","X4255.jpg","","18"
"8108","Cooking Needs","Canned Food","Soup, Broth & Bouillon","Progresso","Progresso Rich and Hearty Minestrone With Italian Sausage Soup","","Progresso Rich and Hearty Minestrone With Italian Sausage Soup","2.09","0.0","Market Basket","18.5 oz","18.5 oz","5267.jpg","","9"
"14907","Personal Care","Feminine Care","Tampon","Playtex","Playtex Sport Playtex Plastic Tampons Sport Unscented Super","","Playtex Sport Playtex Plastic Tampons Sport Unscented Super","7.0","1.0","Market Basket","18 count","18 count","17802.jpg","","13"
"31941","Frozen Food","Frozen Breakfast","Frozen Breakfast","JimmyDean","JimmyDean Meat Lovers ","077900706158","JimmyDean Meat Lovers ","3.49","0.0","Market Basket","7 oz","7 oz","X4983.jpg","","19"
"33056","Condiments & Dressings","Honey, Syrup & Nectars","Syrup","Market Basket ","Market Basket Sugar Free Reduced Calorie Syrup","049705015742","Market Basket Sugar Free Reduced Calorie Syrup","2.5","0.0","Market Basket","24 fl oz","24 fl oz","X3205.jpg","","2"
"32041","Breakfast & Dairy","Cereal","Cereal","Kashi","Kashi Go Shine Coconut Almond Crunch","018627111085","Kashi Go Shine Coconut Almond Crunch","3.75","0.0","Market Basket","13.2 oz","13.2 oz","X3715.jpg","","5"
"32163","Frozen Food","Frozen Breakfast","Frozen Waffles","Kellogg's ","Kellogg's Unicorn Waffles Cotton Candy ","038000239557","Kellogg's Unicorn Waffles Cotton Candy ","3.74","0.0","Market Basket","11.60 oz","11.60 oz","X5030.jpg","","19"
"5212","Chips, Cookies & Snacks","Cookies & Crackers","Crackers","Nonni's","Nonni's THINaddictives Almond Thin Cookies Cranberry","","Nonni's THINaddictives Almond Thin Cookies Cranberry","4.36","0.0","Market Basket","6 x 4.4 oz","6 x 4.4 oz","15116.jpg","","6"
"6541","Chips, Cookies & Snacks","Nuts, Seeds & Dried Fruit","Nuts, Seeds & Dried Fruit","Market Basket","Market Basket Mediterranean Pitted Apricots","","Market Basket Mediterranean Pitted Apricots","3.74","0.0","Market Basket","6 oz","6 oz","Market Basket.jpg","","6"
"30140","Pasta & Sauces","Instant Pasta","Instant Pasta","Annie's ","Annies Homegrown Organic Shells & Real Aged Cheddar Macaroni & Cheese","013562300983","Annies Homegrown Organic Shells & Real Aged Cheddar Macaroni & Cheese","3.11","0.0","Market Basket","6 oz","6 oz","X1229.jpg","","4"
"30824","Meat & Seafood","Canned Meat & Seafood","Chicken","Carmela","Carmela Chicken Sausage In Chicken Broth Natural Smoke Flavored Added ","","Carmela Chicken Sausage In Chicken Broth Natural Smoke Flavored Added ","0.99","0.0","Market Basket","5 oz","5 oz","X1872.jpg","","2"
"6475","Chips, Cookies & Snacks","Nuts, Seeds & Dried Fruit","Nuts, Seeds & Dried Fruit","Superior Nut Company","Superior Nut Company Roasted Almonds","","Superior Nut Company Roasted Almonds","7.49","0.0","Market Basket","15 oz","15 oz","No Image.jpg","","6"
"470","Laundry & Paper Goods","Laundry","Laundry Detergent","Oxi Clean","OxiClean Laundry Dark Protect Laundry Booster 40 Loads","","OxiClean Laundry Dark Protect Laundry Booster 40 Loads","9.36","1.0","Market Basket","50 fl oz","50 fl oz","No Image.jpg","","15"
"3865","Fresh Produce","Fresh Vegetables","Ivy gourd","Market Basket","Tindora","","Tindora","4.72","0.0","Market Basket","1 lb","1 lb","f206.jpg","","20"
"6617","Beverages & Juices","Juices & Refrigerated Drinks","Refrigerated Drinks","Naked","Naked Boosted Red Machine Juice Smoothie","","Naked Boosted Red Machine Juice Smoothie","3.69","0.0","Market Basket","15.2 fl oz","15.2 fl oz","3852.jpg","","20"
"6116","Beverages & Juices","Soft Drinks & Seltzers","Soft Drinks","Dr Pepper","Dr Pepper Diet Soda","","Dr Pepper Diet Soda","5.0","0.0","Market Basket","6 x 16.9 fl oz","6 x 16.9 fl oz","No Image.jpg","","17"
"5687","Chips, Cookies & Snacks","Nuts, Seeds & Dried Fruit","Trail Mix & Snack Mix","Market Basket","Market Basket Chewy Fruit & Nut Trail Mix","","Market Basket Chewy Fruit & Nut Trail Mix","2.49","0.0","Market Basket","1 ct","1 ct","Market Basket.jpg","","5"
"7114","Cooking Needs","Oils & Vinegars","Oils & Vinegars","LouAna","LouAna Organic Coconut Oil","","LouAna Organic Coconut Oil","7.39","0.0","Market Basket","14 fl oz","14 fl oz","15516.jpg","","2"
"10306","Pasta & Sauces","Raw Pasta","Raw Pasta","No Yolks","No Yolks Cholesterol Free Egg White Pasta Extra Broad Noodles","","No Yolks Cholesterol Free Egg White Pasta Extra Broad Noodles","2.49","0.0","Market Basket","12 oz","12 oz","17341.jpg","","4"
"9765","Frozen Food","Frozen Produce","Frozen Produce","Birds Eye","Birds Eye Creamed Spinach","","Birds Eye Creamed Spinach","1.69","0.0","Market Basket","9 oz","9 oz","2434.jpg","","19"
"8116","Cooking Needs","Canned Food","Soup, Broth & Bouillon","Progresso","Progresso Soup, Vegetable Classics, Creamy Mushroom Soup, Gluten Free","","Progresso Soup, Vegetable Classics, Creamy Mushroom Soup, Gluten Free","2.49","0.0","Market Basket","18 oz","18 oz","5294.jpg","","2"
"7298","Cooking Needs","Spices & Seasonings","Spices & Seasonings","McCormick","McCormick GourmetÃ¢âÂ¢ Organic Rubbed Sage","","McCormick GourmetÃ¢âÂ¢ Organic Rubbed Sage","6.09","0.0","Market Basket","0.75 oz","0.75 oz","2208.jpg","","9"
"32417","Pasta & Sauces","Instant Pasta","Instant Pasta","Kraft","Kraft Macaroni & Cheese Spirals Original Cheese flavor ","021000658978","Kraft Macaroni & Cheese Spirals Original Cheese flavor ","1.66","0.0","Market Basket","5.5 oz","5.5 oz","X1203.jpg","","4"
"13671","Breakfast & Dairy","Dairy & Eggs","Packaged Cheese","Chevrine","Chevrine Fresh Goat Cheese Natural","","Chevrine Fresh Goat Cheese Natural","3.09","0.0","Market Basket","4 oz","4 oz","Market Basket.jpg","","1"
"32858","Breakfast & Dairy","Breads & Rolls","Bread","Market Basket","Market Basket Canadian White Bread","049705638340","Market Basket Canadian White Bread","2.5","0.0","Market Basket","22 oz","22 oz","X2383.jpg","","18"
"33193","Frozen Food","Frozen Pizza","Frozen Pizza","Market Basket ","Market Basket Bake & Rise Three Meat Pizza ","049705708163","Market Basket Bake & Rise Three Meat Pizza ","4.99","0.0","Market Basket","30.50 oz","30.50 oz","X4920.jpg","","19"
"32158","Frozen Food","Frozen Breakfast","Frozen Waffles","Kellogg's ","Kellogg's Eggo Paw Patrol Homestyle ","038000196027","Kellogg's Eggo Paw Patrol Homestyle ","2.99","0.0","Market Basket","12.3 oz","12.3 oz","X5025.jpg","","19"
"6316","Beverages & Juices","Water","Sparkling Water","Poland Spring","Poland Spring Sparkling Water, Ruby Red Grapefruit","","Poland Spring Sparkling Water, Ruby Red Grapefruit","3.74","0.0","Market Basket","8 x 12 fl oz","8 x 12 fl oz","No Image.jpg","","11"
"6214","Beverages & Juices","Soft Drinks & Seltzers","Soft Drinks","Sunkist","Sunkist Orange Soda","","Sunkist Orange Soda","2.11","0.0","Market Basket","2 L","2 L","16597.jpg","","17"
"6243","Beverages & Juices","Ginger Ale & Ginger Beer","Ginger Beer","Fever-Tree","Fever-Tree Premium Light Ginger Beer","","Fever-Tree Premium Light Ginger Beer","7.49","0.0","Market Basket","6.8 fl oz","6.8 fl oz","No Image.jpg","","11"
"30114","Breakfast & Dairy","Bars & Pastries","Granola Bars","Annie's","Annie's Organic Chewy Granola Bars Double Chocolate Chip","013562460502","Annie's Organic Chewy Granola Bars Double Chocolate Chip","3.75","0.0","Market Basket","5 x 0.98 oz","5 x 0.98 oz","X3930.jpg","","5"
"5196","Chips, Cookies & Snacks","Cookies & Crackers","Crackers","Milton's","Milton's Craft Bakers Gluten Free Baked Crackers Multi Grain","","Milton's Craft Bakers Gluten Free Baked Crackers Multi Grain","3.91","0.0","Market Basket","4.5 oz","4.5 oz","15172.jpg","","6"
"5629","Chips, Cookies & Snacks","Chips & Fruit Snacks","Fruit & Vegetable Snacks","Sensible Portions","Sensible Portions Garden Veggie Straws Vegetable And Potato Snack Zesty Ranch","","Sensible Portions Garden Veggie Straws Vegetable And Potato Snack Zesty Ranch","3.69","0.0","Market Basket","5 oz","5 oz","15342.jpg","","0"
"31423","Beverages & Juices","Energy & Sports Drinks","Energy & Sports Drinks","Gatorade","Gatorade Thirst Quencher Fruit Punch 8 pack","052000208061","Gatorade Thirst Quencher Fruit Punch 8 pack","7.49","0.0","Market Basket","8 x 20 fl oz","8 x 20 fl oz","X2670.jpg","","10"
"32338","Condiments & Dressings","Marinades, Ketchup & Sauces","Sauce","Kitchens Of India","Kitchens Of India Navratan Korma ","041905010615","Kitchens Of India Navratan Korma ","3.74","0.0","Market Basket","10 oz","10 oz","X5343.jpg","","3"
"33028","Pasta & Sauces","Raw Pasta","Raw Pasta","Market Basket","Market Basket Pasta Ribbons","049795032770","Market Basket Pasta Ribbons","1.88","0.0","Market Basket","12 oz","12 oz","X1683.jpg","","4"
"35291","Richardson's Farm Ice Cream","Ice Cream","Chocolate","Richarson's Farm","Richarson's Farm Chocolate Peanut Butter Ice Cream 16% Butterfat","","Chocolate ice cream with peanut butter twirl","32.99","0.0","Richardson's Farm","3 Gal. Tub","3 Gal. Tub","RichardsonsFarm.jpg","",""
"6770","Breakfast & Dairy","Bars & Pastries","Other Pastries","Rice Krispies","Rice Krispies Treats Crispy Marshmallow Squares Original","","Rice Krispies Treats Crispy Marshmallow Squares Original","9.79","0.0","Market Basket","40 Ct","40 Ct","17669.jpg","","5"
"33218","Meat & Seafood","Packaged Meat & Seafood","Meatballs","Market Basket ","Market Basket Fully Cooked Turbey Meatballs","","Market Basket Fully Cooked Turbey Meatballs","8.11","0.0","Market Basket","32 oz","32 oz","X4685.jpg","","1"
"3710","Fresh Produce","Fresh Fruits","Pineapple","Market Basket","Pineapple Chunks","","Pineapple Chunks","3.74","0.0","Market Basket","1 lb","1 lb","FP4.jpg","","20"
"34334","Frozen Food","Frozen Pizza","Frozen Pizza","Red Baron ","Red Baron Four Cheese Pizza ","072180634290","Red Baron Four Cheese Pizza ","4.61","0.0","Market Basket","21.06 oz","21.06 oz","X4899.jpg","","19"
"14729","Personal Care","Body Wash, Soap & Hair Care","Hair Care","Garnier","Garnier Fructis For Dry, Damaged Hair Triple Nutrition Shampoo","","Garnier Fructis For Dry, Damaged Hair Triple Nutrition Shampoo","4.93","1.0","Market Basket","13 fl oz","13 fl oz","6607.jpg","","13"
"13345","Breakfast & Dairy","Dairy & Eggs","Cream","Garelick Farms","Garelick Farms DairyPure Half & Half","","Garelick Farms DairyPure Half & Half","3.69","0.0","Market Basket","32 fl oz","32 fl oz","588.jpg","","1"
"30155","Beverages & Juices","Juices & Refrigerated Drinks","Juice & Nectars","Apple & Eve","Apple & Eve Fruit Punch Juice","076301845121","Apple & Eve Fruit Punch Juice","3.13","0.0","Market Basket","8 x 6.75 fl oz","8 x 6.75 fl oz","X3106.jpg","","10"
"32879","Breakfast & Dairy","Breads & Rolls","Rolls","Market Basket","Market Basket 8 Sliced Hot Dog Rolls","049705811153","Market Basket 8 Sliced Hot Dog Rolls","1.61","0.0","Market Basket","11.5 oz","11.5 oz","X2364.jpg","","18"
"13416","Breakfast & Dairy","Dairy & Eggs","Eggs","Farm Fresh","Cage Free Organic Grade A Larger Brown Eggs","","Cage Free Organic Grade A Larger Brown Eggs","4.86","0.0","Market Basket","6 count","6 count","Market Basket.jpg","","1"
"30209","Condiments & Dressings","Marinades, Ketchup & Sauces","Sauce","Asian Fusion ","Asian Fusion Sesame Teri Yaki  Marinade & Dipping Souce ","076050100007","Asian Fusion Sesame Teri Yaki  Marinade & Dipping Souce ","4.99","0.0","Market Basket","15 oz","15 oz","X5319.jpg","","3"
"32452","Frozen Food","Frozen Produce","Frozen Produce","La Fe","La Fe Yuca Cassava","023545002834","La Fe Yuca Cassava","6.24","0.0","Market Basket","5 lb","5 lb","X4418.jpg","","18"
"4631","Meat & Seafood","Canned Meat & Seafood","Canned Sardines","Brunswick","Brunswick in Soybean Oil Sardines","","Brunswick in Soybean Oil Sardines","1.09","0.0","Market Basket","3.75 oz","3.75 oz","17158.jpg","","2"
"7424","Cooking Needs","Canned Food","Canned & Jarred Vegetables","El Jibarito","El Jibarito Pigeon Peas, Can","","El Jibarito Pigeon Peas, Can","1.49","0.0","Market Basket","15.5 oz","15.5 oz","17101.jpg","","9"
"5518","Chips, Cookies & Snacks","Candy & Chocolates","Candy & Chocolate","M&M's","M&M's Peanut Butter","","M&M's Peanut Butter","3.69","0.0","Market Basket","11.4 oz","11.4 oz","1018.jpg","","3"
"33774","Frozen Food","Frozen Dinners & Entrees","Frozen Meal","P.F.Chang's","P.F.Chang's Mongolian style beef","031000670009","P.F.Chang's Mongolian style beef","8.11","0.0","Market Basket","22 oz","22 oz","X3975.jpg","","18"
"5554","Chips, Cookies & Snacks","Candy & Chocolates","Candy & Chocolate","Milky Way","Milky Way Us Milk Chocolate Fun Size Candy Bars","","Milky Way Us Milk Chocolate Fun Size Candy Bars","1.29","0.0","Market Basket","3.36 oz","3.36 oz","14932.jpg","","3"
"407","Laundry & Paper Goods","Paper Goods","Bathroom Tissues / Toilet Paper","Market Basket","Market Basket Bathroom Tissue","","Market Basket Bathroom Tissue","8.74","1.0","Market Basket","12 count","12 count","Market Basket.jpg","","14"
"3533","Fresh Produce","Fresh Vegetables","Baby Carrot","Bolthouse FarmsÃâÃÂ®","Bolthouse Farms Baby-Cut Carrots","","Bolthouse Farms Baby-Cut Carrots","2.17","0.0","Market Basket","16 oz","16 oz","14301.jpg","","20"
"14435","Breakfast & Dairy","Tea & Coffee","Coffee","Nescafe","Nescafe Taster's Choice House Blend Instant Coffee","","Nescafe Taster's Choice House Blend Instant Coffee","10.39","0.0","Market Basket","7 oz","7 oz","3398.jpg","","8"
"13860","Breakfast & Dairy","Dairy & Eggs","Refrigerated Pudding & Desserts","Swiss Miss","Swiss Miss Triple Chocolate Dream Pudding","","Swiss Miss Triple Chocolate Dream Pudding","3.09","0.0","Market Basket","6 x 4 oz","6 x 4 oz","825.jpg","","19"
"6817","Cooking Needs","Baking & Cooking","Baking Ingredients","Diamond","Diamond Of California Chopped Walnuts","","Diamond Of California Chopped Walnuts","5.49","0.0","Market Basket","8 oz","8 oz","15710.jpg","","8"
"3844","Fresh Produce","Fresh Organic Vegetables","Tomato","Market Basket","Sunset Organic Campari Tomatoes","","Sunset Organic Campari Tomatoes","4.93","0.0","Market Basket","12 oz","12 oz","14318.jpg","","20"
"32702","Breakfast & Dairy","Pancake & Waffle Mix","Pancake & Waffle Mix","Maple Grove Farms","Maple Grove Farms Complete Pancake and Waffle Mix","074683000046","Maple Grove Farms Complete Pancake and Waffle Mix","4.99","0.0","Market Basket","24 oz","24 oz","X3171.jpg","","2"
"162","Kitchen & Cleaning","Cleaning Products","Other Cleaning Products","Method","Method All-Purpose Surface Cleaner Pink Grapefruit","","Method All-Purpose Surface Cleaner Pink Grapefruit","3.69","1.0","Market Basket","28 fl oz","28 fl oz","16765.jpg","","15"
"5595","Chips, Cookies & Snacks","Candy & Chocolates","Candy & Chocolate","Swedish Fish","Swedish Fish Soft & Chewy Candy","","Swedish Fish Soft & Chewy Candy","1.29","0.0","Market Basket","3.1 oz","3.1 oz","14949.jpg","","3"
"8278","Condiments & Dressings","Fresh Dips & Tapenades","Hommus","Cedar","Cedar Garlic Hommus","","Cedar Garlic Hommus","7.09","0.0","Market Basket","16 oz","16 oz","5512.jpg","","1"
"12785","Breakfast & Dairy","Breads & Rolls","Bread","Udi's","Udi's Gluten Free Ancient Grain Bread","","Udi's Gluten Free Ancient Grain Bread","4.89","0.0","Market Basket","14.3 oz","14.3 oz","17010.jpg","","19"
"13719","Breakfast & Dairy","Dairy & Eggs","Packaged Cheese","Market Basket","Greek Mountain Feta Cheese","","Greek Mountain Feta Cheese","8.59","0.0","Market Basket","14 oz","14 oz","Market Basket.jpg","","1"
"34994","Pasta & Sauces","Instant Pasta","Instant Pasta","Kraft","Kraft Liquid Gold Velveeta Shells & Cheese Original Shell Pasta & Creamy Cheese Sauce Made with Real Cheese","021000654925","Kraft Liquid Gold Velveeta Shells & Cheese Original Shell Pasta & Creamy Cheese Sauce Made with Real Cheese","3.75","0.0","Market Basket","12 oz","12 oz","X1187.jpg","","4"
"9799","Frozen Food","Frozen Produce","Frozen Produce","Dole","Dole Mixed Fruit","","Dole Mixed Fruit","3.69","0.0","Market Basket","16 oz","16 oz","2480.jpg","","19"
"31568","Frozen Food","Frozen Dinners & Entrees","Frozen Appetizers & Sides","Gorton's","Gorton's Cod Fish Sticks Crunchy Panko BreadCrumbs","044400138307","Gorton's Cod Fish Sticks Crunchy Panko BreadCrumbs","7.49","0.0","Market Basket","14.6 oz","14.6 oz","X4377.jpg","","18"
"32526","Frozen Food","Frozen Dinners & Entrees","Frozen Meal","Lean Cuisine ","Lean Cuisine Chicken in Sweet BBQ Sauce","013800318404","Lean Cuisine Chicken in Sweet BBQ Sauce","3.13","0.0","Market Basket","8 1/2 oz","8 1/2 oz","X4247.jpg","","18"
"34047","Chips, Cookies & Snacks","Chips & Fruit Snacks","Popcorn","Pop Secret ","Pop Secret Double Butter ","023896287867","Pop Secret Double Butter ","2.5","0.0","Market Basket","9.6 oz","9.6 oz","X4947.jpg","","19"
"8970","Condiments & Dressings","Preserved Dips & Spreads","Spreads","Skippy","Skippy Extra Crunchy Super Chunk Peanut Butter","","Skippy Extra Crunchy Super Chunk Peanut Butter","6.89","0.0","Market Basket","40 Oz","40 Oz","1643.jpg","","3"
"97","Kitchen & Cleaning","Cleaning Products","Bathroom Cleaner","Kaboom","Kaboom OxiClean Stain Fighters Shower, Tub, and Tile Bathroom Cleaner","","Kaboom OxiClean Stain Fighters Shower, Tub, and Tile Bathroom Cleaner","4.89","1.0","Market Basket","32 fl oz","32 fl oz","16832.jpg","","15"
"13547","Breakfast & Dairy","Dairy & Eggs","Other Creams & Cheeses","Cabot Creamery","Cabot Creamery Vermont Style Cottage Cheese With Vitamin D","","Cabot Creamery Vermont Style Cottage Cheese With Vitamin D","2.49","0.0","Market Basket","1 lb","1 lb","696.jpg","","1"
"3627","Fresh Produce","Fresh Fruits","Apple","Market Basket","Granny Smith Apples","","Granny Smith Apples","0.75","0.0","Market Basket","1 count","1 count","14192.jpg","","20"
"32550","Condiments & Dressings","Pickled Goods & Olives","Pickled Goods & Olives","Levant ","Levant  Mediterranean Delicacies Pistachio Halva ","859215007027","Levant  Mediterranean Delicacies Pistachio Halva ","3.74","0.0","Market Basket","12.3 oz","12.3 oz","X2290.jpg","","2"
"32603","Chips, Cookies & Snacks","Candy & Chocolates","Candy & Chocolate","Loacker","Loacker Specially Dark Creme","","Loacker Specially Dark Creme","1.25","0.0","Market Basket","1.94 oz","1.94 oz","X488.jpg","","3"
"14756","Personal Care","Body Wash, Soap & Hair Care","Hair Care","L'Oreal","L'oreal KidsÂ® Extra Gentle 2 in 1 Shampoo Sunny Orange Swim","","L'oreal KidsÂ® Extra Gentle 2 in 1 Shampoo Sunny Orange Swim","4.93","1.0","Market Basket","9 fl oz","9 fl oz","17826.jpg","","13"
"35269","Richardson's Farm Ice Cream","Ice Cream","Toffee","Richarson's Farm","Richarson's Farm Toffee Crunch with Heath Barï¿½ Ice Cream 16% Butterfat","","Toffee flavored ice cream with chocolate chips and Heathï¿½ Bar","32.99","0.0","Richardson's Farm","3 Gal. Tub","3 Gal. Tub","RichardsonsFarm.jpg","",""
"31188","Cooking Needs","Baking & Cooking","Pizza Sauce","Don Pepimo","Don Pepimo Pizza Sauce Gluten Free","030271034077","Don Pepimo Pizza Sauce Gluten Free","1.88","0.0","Market Basket","14.5 oz","14.5 oz","X1315.jpg","","4"
"13493","Breakfast & Dairy","Dairy & Eggs","Milk","Market Basket","Market Basket 2% Reduced Fat Milk","","Market Basket 2% Reduced Fat Milk","3.74","0.0","Market Basket","0.5 gal","0.5 gal","Market Basket.jpg","","1"
"32929","Breakfast & Dairy","Dairy & Eggs","Yogurt","Market Basket","Market Basket Whole Milk Greek Yogurt Vanilla","","Market Basket Whole Milk Greek Yogurt Vanilla","4.86","0.0","Market Basket","32 oz","32 oz","X567.jpg","","1"
"6014","Beverages & Juices","Energy & Sports Drinks","Energy & Sports Drinks","Red Bull","Red Bull The Coconut Edition - Coconut Berry","","Red Bull The Coconut Edition - Coconut Berry","9.36","0.0","Market Basket","4 x 8.4 fl oz","4 x 8.4 fl oz","No Image.jpg","","17"
"32602","Meat & Seafood","Packaged Meat & Seafood","Meatballs","LLL S No Style ","LLS NO Style Meatballs Italian Style ","","LLS NO Style Meatballs Italian Style ","8.74","0.0","Market Basket","32 oz","32 oz","X4688.jpg","","1"
"7490","Cooking Needs","Canned Food","Canned & Jarred Vegetables","Joseph Russi","Joseph Russo Peeled Tomatoes","","Joseph Russo Peeled Tomatoes","2.49","0.0","Market Basket","35 oz","35 oz","No Image.jpg","","9"
"6445","Beverages & Juices","Soft Drinks & Seltzers","Soft Drinks","Market Basket","Market Basket Diet Orange Soda","","Market Basket Diet Orange Soda","3.75","0.0","Market Basket","12 x 12 fl oz","12 x 12 fl oz","Market Basket.jpg","","17"
"10401","Cooking Needs","Canned Food","Canned Food","Goya","Goya 16 Bean Soup Mix","","Goya 16 Bean Soup Mix","2.69","0.0","Market Basket","16 oz","16 oz","5820.jpg","","7"
"4689","Meat & Seafood","Canned Meat & Seafood","Canned Tuna","StarKistÃÂ®","StarKistÃÂ® StarKist Albacore Tuna In Water","","StarKistÃÂ® StarKist Albacore Tuna In Water","3.69","0.0","Market Basket","6.4 oz","6.4 oz","5205.jpg","","2"
"30052","Meat & Seafood","Packaged Meat & Seafood","Sausage","Alfresco ","Alfresco Sweet And Smoky BBQ With Chili Papers Chicken Sausage ","","Alfresco Sweet And Smoky BBQ With Chili Papers Chicken Sausage ","6.24","0.0","Market Basket","11 oz","11 oz","X4629.jpg","","1"
"33866","Condiments & Dressings","Pickled Goods & Olives","Olives","Pastene","Pastene Imported Since 1874 Stuffed Manzanilla Olives ","066086130253","Pastene Imported Since 1874 Stuffed Manzanilla Olives ","2.99","0.0","Market Basket","7 oz","7 oz","X2334.jpg","","2"
"9959","Frozen Food","Ice Cream & Ice","Ice Cream & Ice","Ben & Jerry's","Ben & Jerry's Ice Cream Triple Caramel Chunk","","Ben & Jerry's Ice Cream Triple Caramel Chunk","4.59","0.0","Market Basket","1 pint","1 pint","2989.jpg","","21"
"13424","Breakfast & Dairy","Dairy & Eggs","Eggs","Market Basket","Market Basket Eggs","","Market Basket Eggs","2.69","0.0","Market Basket","18 count","18 count","Market Basket.jpg","","1"
"5405","Chips, Cookies & Snacks","Cookies & Crackers","Crackers","Back to Nature","Back to Nature Organic Roasted Garlic & Herb Stoneground Wheat Cracker","","Back to Nature Organic Roasted Garlic & Herb Stoneground Wheat Cracker","6.23","0.0","Market Basket","6 oz","6 oz","No Image.jpg","","6"
"31825","Condiments & Dressings","Marinades, Ketchup & Sauces","Sauce","House Of Tsang ","Hous Of Tsang Stir-Fry Classic Sauce ","075050006104","Hous Of Tsang Stir-Fry Classic Sauce ","4.99","0.0","Market Basket","11.50 oz","11.50 oz","X5316.jpg","","3"
"35285","Richardson's Farm Ice Cream","Ice Cream","Custard","Richarson's Farm","Richarson's Farm Grapenut Custard Ice Cream 16% Butterfat","","Custard based ice cream with grapenuts","32.99","0.0","Richardson's Farm","3 Gal. Tub","3 Gal. Tub","RichardsonsFarm.jpg","",""
"34384","Cooking Needs","Rice & Grains","Grains, Rice & Dried Goods","Rice Select","Rice Select White Texmati Signature Variety American Style Basmati Rice Gluten Free","074401110415","Rice Select White Texmati Signature Variety American Style Basmati Rice Gluten Free","7.49","0.0","Market Basket","32 oz","32 oz","X1118.jpg","","4"
"13401","Breakfast & Dairy","Dairy & Eggs","Eggs","Egg Beaters","Egg Beaters Southwestern","","Egg Beaters Southwestern","3.09","0.0","Market Basket","15 oz","15 oz","601.jpg","","1"
"30210","Condiments & Dressings","Marinades, Ketchup & Sauces","Sauce","Asian Fusion ","Asian Fusion Low Sodium Teri Yaki  Marinade & Dipping Souce ","076050100014","Asian Fusion Low Sodium Teri Yaki  Marinade & Dipping Souce ","4.99","0.0","Market Basket","15 oz","15 oz","X5320.jpg","","3"
"34733","Breakfast & Dairy","Bars & Pastries","Granola Bars","Sunbelt Bakery ","Sunbelt Bakery DFudge Dipped Coconut Granola Bars","024300031045","Sunbelt Bakery DFudge Dipped Coconut Granola Bars","3.13","0.0","Market Basket","10.21 oz","10.21 oz","X3793.jpg","","5"
"8368","Condiments & Dressings","Honey, Syrup & Nectars","Syrup","Hershey's","Hershey's Syrup Sugar Free Genuine Chocolate Flavor","","Hershey's Syrup Sugar Free Genuine Chocolate Flavor","4.29","0.0","Market Basket","17.5 oz","17.5 oz","1595.jpg","","3"
"4318","Meat & Seafood","Meat & Seafood Counter","Pork","Market Basket","Market Basket Pork Baby Back Ribs","","Market Basket Pork Baby Back Ribs","7.63","0.0","Market Basket","Approx: 1.56 lb at $4.89/lb","Approx: 1.56 lb at $4.89/lb","Market Basket.jpg","","22"
"446","Kitchen & Cleaning","Trash Bags & Liners","Tall Trash Bags","Hefty","Hefty Ultra Strong Tall Drawstring Crisp Orchard Apple Kitchen Bags","","Hefty Ultra Strong Tall Drawstring Crisp Orchard Apple Kitchen Bags","8.59","1.0","Market Basket","40 x 1 gal","40 x 1 gal","4689.jpg","","12"
"4476","Meat & Seafood","Hot Dogs, Bacon & Sausage","Sausage","Market Basket","Market Basket Ground Sweet Italian Sausage","","Market Basket Ground Sweet Italian Sausage","6.09","0.0","Market Basket","1 pack","1 pack","Market Basket.jpg","","1"
"15231","Personal Care","Personal Needs","Oral Hygiene","Market Basket","Market Basket Smartgrip Contour Toothbrush Medium","","Market Basket Smartgrip Contour Toothbrush Medium","1.83","1.0","Market Basket","1 count","1 count","Market Basket.jpg","","13"
"5368","Chips, Cookies & Snacks","Cookies & Crackers","Cookies & Cakes","Homefree","Homefree Vanilla Mini Cookies","","Homefree Vanilla Mini Cookies","6.23","0.0","Market Basket","5 oz","5 oz","No Image.jpg","","6"
"31721","Chips, Cookies & Snacks","Candy & Chocolates","Candy & Chocolate","Hi-CHew","HI-Chew Naturally And Artificially Flavored Fruit Chews Kiwi Pineapple And Mango","","HI-Chew Naturally And Artificially Flavored Fruit Chews Kiwi Pineapple And Mango","1.88","0.0","Market Basket","3.53 oz","3.53 oz","X330.jpg","","3"
"35308","Richardson's Farm Ice Cream","Ice Cream","Brownie","Richarson's Farm","Richarson's Farm Kahlua Brownie Ice Cream 16% Butterfat","","Kahlua ice cream with fudge brownies","7.99","0.0","Richardson's Farm","1-2 Gal. Container","1-2 Gal. Container","RichardsonsFarm.jpg","",""
"34485","Breakfast & Dairy","Dairy & Eggs","Yogurt","Siggi's","Siggi's Icelandic cream-Skyr 2% Milk Strained Lowfat Yogurt Vanilla & Cinnamon 15 g Protein ","","Siggi's Icelandic cream-Skyr 2% Milk Strained Lowfat Yogurt Vanilla & Cinnamon 15 g Protein ","1.56","0.0","Market Basket","5.3 oz","5.3 oz","X755.jpg","","1"
"34552","Beverages & Juices","Juices & Refrigerated Drinks","Juice & Nectars","Snapple","Snapple All Natural Fruit Punch","076183003138","Snapple All Natural Fruit Punch","1.86","0.0","Market Basket","16 fl oz","16 fl oz","X2974.jpg","","10"
"31907","Breakfast & Dairy","Dairy & Eggs","Coffee Creamer","International Delight","ZERO SUGAR FRENCH VANILLA INTERNATIONAL Delight","","ZERO SUGAR FRENCH VANILLA INTERNATIONAL Delight","3.99","0.0","Market Basket","32 fl oz","32 fl oz","X375.jpg","","1"
"9965","Frozen Food","Ice Cream & Ice","Ice Cream & Ice","Ben & Jerry's","Ben & Jerry's Vanilla","","Ben & Jerry's Vanilla","4.09","0.0","Market Basket","1 pint","1 pint","Market Basket.jpg","","21"
"5907","Beverages & Juices","Tea, Coffee, Milk & Coconut Water","Single To-Go Coffee","StarBucks","Starbucks Frappuccino Mocha Almondmilk","","Starbucks Frappuccino Mocha Almondmilk","3.36","0.0","Market Basket","13.7 fl oz","13.7 fl oz","No Image.jpg","","17"
"34002","Breakfast & Dairy","Breads & Rolls","Swirl Bread","Pepperidge Farm","Pepperidge Farm Swirl Brown Sugar Cinnamon Bread","014100087229","Pepperidge Farm Swirl Brown Sugar Cinnamon Bread","3.74","0.0","Market Basket","16 oz","16 oz","X2626.jpg","","18"
"579","Laundry & Paper Goods","Laundry","Scent Booster","Downy","Downy Unstoppables inwash scent booster Outdoor fresh","","Downy Unstoppables inwash scent booster Outdoor fresh","8.74","1.0","Market Basket","285 g","285 g","No Image.jpg","","15"
"30453","Breakfast & Dairy","Granola & Oats","Cup Oatmeal","Bob's Red Mill","Bob's Red Mill Gluten Free OatmealApple Pecan & Cinnamon","039978001849","Bob's Red Mill Gluten Free OatmealApple Pecan & Cinnamon","2.5","0.0","Market Basket","2.36 oz","2.36 oz","X3621.jpg","","5"
"3572","Fresh Produce","Fresh Vegetables","Carrot","Market Basket","Carrot Sticks pack","","Carrot Sticks pack","4.24","0.0","Market Basket","1 count","1 count","FP102.jpg","","20"
"3603","Fresh Produce","Fresh Vegetables","Cucumber","Market Basket","Seedless Cucumbers","","Seedless Cucumbers","1.83","0.0","Market Basket","1 count","1 count","FP134.jpg","","20"
"13907","Breakfast & Dairy","Dairy & Eggs","Soy & Lactose-Free","Silk","Silk Unsweet Vanilla Almondmilk","","Silk Unsweet Vanilla Almondmilk","3.09","0.0","Market Basket","64 fl oz","64 fl oz","711.jpg","","1"
"34226","Breakfast & Dairy","Bars & Pastries","Chewy Bars","Quaker","Quaker Chewy Variety Pack ","030000451304","Quaker Chewy Variety Pack ","4.61","0.0","Market Basket","18 x 0.84 oz","18 x 0.84 oz","X3874.jpg","","5"
"7311","Cooking Needs","Spices & Seasonings","Spices & Seasonings","McCormick","McCormick Grill Mates Sweet & Smoky Rub","","McCormick Grill Mates Sweet & Smoky Rub","3.69","0.0","Market Basket","4.76 oz","4.76 oz","2269.jpg","","9"
"13865","Breakfast & Dairy","Dairy & Eggs","Soy & Lactose-Free","Blue Diamond Almond Breeze","Blue Diamond Almond Breeze Blue Diamond Almonds Almond Breeze Almondmilk Unsweetened Original Family Size","","Blue Diamond Almond Breeze Blue Diamond Almonds Almond Breeze Almondmilk Unsweetened Original Family Size","5.79","0.0","Market Basket","64 oz","64 oz","755.jpg","","1"
"33219","Meat & Seafood","Packaged Meat & Seafood","Meatballs","Market Basket ","Market Basket Fully Cooked Meatballs Swedish Style","","Market Basket Fully Cooked Meatballs Swedish Style","8.11","0.0","Market Basket","32 oz","32 oz","X4686.jpg","","1"
"31587","Frozen Food","Frozen Fruit & Juice","Frozen Fruit","Goya","Goya Fruta Papaya Pulp","041331090834","Goya Fruta Papaya Pulp","2.49","0.0","Market Basket","14 oz","14 oz","X4432.jpg","","18"
"35091","Condiments & Dressings","Preserved Dips & Spreads","Spreads","Welch's","Welch's Taste the Tropics Welch's FAMILY FARMER OWNED Passion Fruit Beverage","","Welch's Taste the Tropics Welch's FAMILY FARMER OWNED Passion Fruit Beverage","2.5","0.0","Market Basket","59 fl oz","59 fl oz","X893.jpg","","3"
"32523","Frozen Food","Frozen Dinners & Entrees","Frozen Meal","Lean Cuisine ","Lean Cuisine Grilled Chicken Caesar","013800552419","Lean Cuisine Grilled Chicken Caesar","2.5","0.0","Market Basket","8 1/2 oz","8 1/2 oz","X4244.jpg","","18"
"10039","Frozen Food","Ice Cream & Ice","Ice Cream & Ice","Friendly's","Friendly's Premium Ice Cream Chocolate Chip","","Friendly's Premium Ice Cream Chocolate Chip","3.69","0.0","Market Basket","1.5 quart","1.5 quart","3057.jpg","","21"
"3787","Fresh Produce","Fresh Organic Fruits","Pear","Market Basket","Organic Bosc Pear","","Organic Bosc Pear","1.44","0.0","Market Basket","1 count","1 count","14239.jpg","","20"
"9958","Frozen Food","Ice Cream & Ice","Ice Cream & Ice","Ben & Jerry's","Ben & Jerry's Ice Cream The Tonight DoughÃ¢âÂ¢","","Ben & Jerry's Ice Cream The Tonight DoughÃ¢âÂ¢","4.59","0.0","Market Basket","1 pint","1 pint","18019.jpg","","21"
"34344","Condiments & Dressings","Marinades, Ketchup & Sauces","Marinades & Meat Preparation","RedHot ","RedHot Frank's Since 1920 Original Cayenne Pepper Sauce ","041500805054","RedHot Frank's Since 1920 Original Cayenne Pepper Sauce ","4.36","0.0","Market Basket","40 oz","40 oz","X2039.jpg","","2"
"4930","Chips, Cookies & Snacks","Chips & Fruit Snacks","Chips & Pretzels","Snack Factory","Snack Factory Pretzel Crisps, Honey Mustard and Onion","","Snack Factory Pretzel Crisps, Honey Mustard and Onion","3.13","0.0","Market Basket","7.2 oz","7.2 oz","14872.jpg","","0"
"30341","Pasta & Sauces","Raw Pasta","Raw Pasta","Barilla","Barilla Pasta Orzo","076808513981","Barilla Pasta Orzo","1.74","0.0","Market Basket","1 lb","1 lb","X1645.jpg","","4"
"6463","Chips, Cookies & Snacks","Nuts, Seeds & Dried Fruit","Nuts, Seeds & Dried Fruit","Planters","Planters Honey Roasted Peanuts","","Planters Honey Roasted Peanuts","3.74","0.0","Market Basket","16 oz","16 oz","No Image.jpg","","6"
"6653","Beverages & Juices","Tea, Coffee, Milk & Coconut Water","Tea","Pure Leaf","Pure Leaf Lemon Real Brewed Tea ","012000181672","Pure Leaf Lemon Real Brewed Tea ","7.49","0.0","Market Basket","6 x 16.9 fl oz","6 x 16.9 fl oz","X2959.jpg","","10"
"6830","Cooking Needs","Baking & Cooking","Baking Ingredients","Duncan Hines","Duncan Hines Pie Filling & Topping, Apple","","Duncan Hines Pie Filling & Topping, Apple","3.09","0.0","Market Basket","21 oz","21 oz","15739.jpg","","8"
"204","Kitchen & Cleaning","Cleaning Products","Scrub Sponge","Scotch-Brite","Scotch-Brite Non-Scratch Scrub Sponges","","Scotch-Brite Non-Scratch Scrub Sponges","2.99","1.0","Market Basket","3 count","3 count","4300.jpg","","15"
"32234","Condiments & Dressings","Salad Dressings & Toppings","Salad Dressing & Toppings","Ken's Steak House","Ken's Seak House Lite Ranch Dressing ","041335000631","Ken's Seak House Lite Ranch Dressing ","3.49","0.0","Market Basket","16 fl oz","16 fl oz","X402.jpg","","2"
"30386","Chips, Cookies & Snacks","Chips & Fruit Snacks","Fruit & Vegetable Snacks","Betty Crocker","Betty Crocker Pixar Fruit Flavored Snacks ","016000164529","Betty Crocker Pixar Fruit Flavored Snacks ","2.5","0.0","Market Basket","8 oz","8 oz","X5163.jpg","","19"
"4738","Meat & Seafood","Frozen Meat & Seafood","Chicken Products","Perdue","Perdue Chicken Breast Patties","","Perdue Chicken Breast Patties","6.09","0.0","Market Basket","1.8 lb","1.8 lb","2889.jpg","","22"
"14901","Personal Care","Feminine Care","Pantiliner","Market Basket","Market Basket Sensitive Pantiliners Unscented Regular","","Market Basket Sensitive Pantiliners Unscented Regular","3.21","1.0","Market Basket","64 count","64 count","Market Basket.jpg","","13"
"30157","Beverages & Juices","Juices & Refrigerated Drinks","Juice & Nectars","Apple & Eve","Apple & Eve Organics Fruit Punch Juice","076301232129","Apple & Eve Organics Fruit Punch Juice","3.74","0.0","Market Basket","8 x 6.75 fl oz","8 x 6.75 fl oz","X3108.jpg","","10"
"30387","Chips, Cookies & Snacks","Chips & Fruit Snacks","Fruit & Vegetable Snacks","Betty Crocker","Betty Crocker Desney Frozen II Fruit Flavored Snacks","016000152274","Betty Crocker Desney Frozen II Fruit Flavored Snacks","2.5","0.0","Market Basket","8 oz","8 oz","X5164.jpg","","19"
"32894","Breakfast & Dairy","Granola & Oats","Oats","Market Basket","Market Basket Old Fashioned Oats ","049705113127","Market Basket Old Fashioned Oats ","1.88","0.0","Market Basket","18 oz","18 oz","X3570.jpg","","5"
"34058","Chips, Cookies & Snacks","Chips & Fruit Snacks","Popcorn","Pop Secret ","Pop Secret Movie Theater Butter Natural Flavor","023896800219","Pop Secret Movie Theater Butter Natural Flavor","6.24","0.0","Market Basket","21 oz","21 oz","X4962.jpg","","19"
"31916","Condiments & Dressings","Pickled Goods & Olives","Olives","Italica ","Italica Manzanilla Olives With Pimiento Naturally Gluten Free","070118000056","Italica Manzanilla Olives With Pimiento Naturally Gluten Free","1.61","0.0","Market Basket","4.25 oz","4.25 oz","X2265.jpg","","2"
"3573","Fresh Produce","Fresh Vegetables","Cauliflower","Market Basket","Cauliflower","","Cauliflower","2.99","0.0","Market Basket","1 count","1 count","14303.jpg","","20"
"34265","Breakfast & Dairy","Granola & Oats","Oats","Quaker ","Quaker Banana & Oatmeal  Instant Oatmeal","030000560938","Quaker Banana & Oatmeal  Instant Oatmeal","3.13","0.0","Market Basket","8 x 1.51 oz","8 x 1.51 oz","X3581.jpg","","5"
"255","Kitchen & Cleaning","Dish Detergents","Dish Liquid & Hand Soap","Ajax","Ajax Ultra Triple Action Dish Liquid Hand Soap Orange","","Ajax Ultra Triple Action Dish Liquid Hand Soap Orange","2.49","1.0","Market Basket","28 fl oz","28 fl oz","4375.jpg","","15"
"8297","Condiments & Dressings","Fresh Dips & Tapenades","Fresh Dips & Tapenades","El Yucatan","El Yucatan Guacamole Organic","","El Yucatan Guacamole Organic","4.89","0.0","Market Basket","8 oz","8 oz","5557.jpg","","1"
"10498","Cooking Needs","Rice & Grains","Instant Food","Idahoan","Idahoan Mashed Potatoes Original","","Idahoan Mashed Potatoes Original","3.69","0.0","Market Basket","26.2 oz","26.2 oz","17375.jpg","","9"
"35244","Richardson's Farm Ice Cream","Ice Cream","Vanilla","Richarson's Farm","Richarson's Farm French Vanilla Ice Cream 16% Butterfat","","Traditional vanilla with egg yolks for a rich flavor","32.99","0.0","Richardson's Farm","3 Gal. Tub","3 Gal. Tub","RichardsonsFarm.jpg","",""
"30046","Meat & Seafood","Packaged Meat & Seafood","Meatballs","Alfresco ","Alfresco Gourmet Chicken Meatballs Italian Style ","","Alfresco Gourmet Chicken Meatballs Italian Style ","8.74","0.0","Market Basket","18 oz","18 oz","X4704.jpg","","1"
"7694","Cooking Needs","Canned Food","Baked Beans","B&M","B&M Brick Oven Baked Vegetarain Baked Beans","","B&M Brick Oven Baked Vegetarain Baked Beans","3.0","0.0","Market Basket","16 oz","16 oz","X1816.jpg","","2"
"13749","Breakfast & Dairy","Dairy & Eggs","Packaged Cheese","Market Basket","Market Basket Muenster Cheese Block","","Market Basket Muenster Cheese Block","6.09","0.0","Market Basket","24 oz","24 oz","Market Basket.jpg","","1"
"32994","Pasta & Sauces","Pasta Sauce","Pasta Sauce","Market Basket","Market Basket Pasta Sauce Chunky Garden","049705034941","Market Basket Pasta Sauce Chunky Garden","1.88","0.0","Market Basket","24 oz","24 oz","X1459.jpg","","4"
"5092","Chips, Cookies & Snacks","Cookies & Crackers","Cookies & Cakes","Nabisco","Nabisco Nutter Butter Peanut Butter Sandwich Cookies Family Size","","Nabisco Nutter Butter Peanut Butter Sandwich Cookies Family Size","5.77","0.0","Market Basket","16 oz","16 oz","1145.jpg","","6"
"30369","Frozen Food","Frozen Dinners & Entrees","Frozen Meal","Benihana ","Benihana Yakisoba Chicken","021000070718","Benihana Yakisoba Chicken","4.99","0.0","Market Basket","10 oz","10 oz","X4094.jpg","","18"
"13938","Breakfast & Dairy","Dairy & Eggs","Specialty Cheeses","BelGioioso","BelGioioso Fresh Mozzarella Cheese","","BelGioioso Fresh Mozzarella Cheese","3.69","0.0","Market Basket","8 oz","8 oz","Market Basket.jpg","","1"
"14958","Personal Care","First Aid & Healthcare","First Aid","Cortizone-10","Cortizone-10 Maximum Strength Anti-Itch Ointment","","Cortizone-10 Maximum Strength Anti-Itch Ointment","7.69","1.0","Market Basket","1 oz","1 oz","6532.jpg","","13"
"15137","Personal Care","Personal Needs","Oral Hygiene","Abreva","Abreva Cold Sore and Fever Blister Treatment","","Abreva Cold Sore and Fever Blister Treatment","28.05","1.0","Market Basket","0.07 oz","0.07 oz","17790.jpg","","13"
"349","Kitchen & Cleaning","Food Storage & Kitchen Supplies","Storage Bags","Ziploc","Ziploc Storage Bags Quart","","Ziploc Storage Bags Quart","4.89","1.0","Market Basket","48 count","48 count","4392.jpg","","12"
"4025","Fresh Produce","Fresh Vegetables","Tomato","Market Basket","Value Pack Cherub Tomatoes","","Value Pack Cherub Tomatoes","5.99","0.0","Market Basket","1 lb","1 lb","f300.jpg","","20"
"32494","Frozen Food","Frozen Dinners & Entrees","Frozen Meal","Lean Cuisine ","Lean Cuisine Glazed Chicken","013800443441","Lean Cuisine Glazed Chicken","3.61","0.0","Market Basket","                10 1/4 oz","                10 1/4 oz","X4210.jpg","","18"
"31863","Cooking Needs","Canned Food","Canned Tomatoes","Hunts","Hunts Diced Tomatoes No Salt Added","027000001042","Hunts Diced Tomatoes No Salt Added","1.88","0.0","Market Basket","28 oz","28 oz","X1370.jpg","","4"
"33389","Condiments & Dressings","Pickled Goods & Olives","Dill Spears","Mt. Olive","Mt.Olive Zesty Garlic Kosher Dill Spears Snice 1926","090300187084","Mt.Olive Zesty Garlic Kosher Dill Spears Snice 1926","2.74","0.0","Market Basket","24 fl oz","24 fl oz","X3293.jpg","","2"
"31068","Breakfast & Dairy","Dairy & Eggs","Yogurt","Daiya","Daiya Strawberry Made With Coconut Cream Yogurt Alternative","","Daiya Strawberry Made With Coconut Cream Yogurt Alternative","2.36","0.0","Market Basket","5.3 oz","5.3 oz","X173.jpg","","1"
"6252","Beverages & Juices","Water","Water","Crystal Geyser","Crystal Geyser Natural Alpine Spring Water","","Crystal Geyser Natural Alpine Spring Water","2.08","0.0","Market Basket","12 x 8 fl oz","12 x 8 fl oz","16244.jpg","","11"
"3885","Fresh Produce","Fresh Vegetables","Melon","Market Basket","Indian Bitter Melon Pack","","Indian Bitter Melon Pack","2.89","0.0","Market Basket","Approx. 0.80 lb per 12.8 oz","Approx. 0.80 lb per 12.8 oz","f231.jpg","","20"
"33479","Cooking Needs","Rice & Grains","Grains, Rice & Dried Goods","Nature's Earthly Choice","Nature's Earthly Choice Organic Tri-Color Quinoa ","679948100297","Nature's Earthly Choice Organic Tri-Color Quinoa ","4.99","0.0","Market Basket","12 oz","12 oz","X1092.jpg","","4"
"7326","Cooking Needs","Spices & Seasonings","Spices & Seasonings","McCormick","McCormick Italian Herb Seasoning Grinder","","McCormick Italian Herb Seasoning Grinder","2.49","0.0","Market Basket","0.77 oz","0.77 oz","2155.jpg","","9"
"35181","Condiments & Dressings","Marinades, Ketchup & Sauces","Sauce","World Harbors ","World Harbors Teriyaki Sauce & Marinade ","715364100012","World Harbors Teriyaki Sauce & Marinade ","3.13","0.0","Market Basket","16 fl oz","16 fl oz","X5369.jpg","","3"
"13683","Breakfast & Dairy","Dairy & Eggs","Packaged Cheese","Galbani","Galbani Cheese, Pre Sliced, Mozzarella Fresca","","Galbani Cheese, Pre Sliced, Mozzarella Fresca","4.89","0.0","Market Basket","16 count","16 count","149.jpg","","1"
"9114","Frozen Food","Frozen Dinners & Entrees","Frozen Appetizers & Sides","Ore-Ida","Ore Ida Ready in 5 Extra Crispy Golden Fries","","Ore Ida Ready in 5 Extra Crispy Golden Fries","1.29","0.0","Market Basket","4.25 oz","4.25 oz","2567.jpg","","19"
"3535","Fresh Produce","Fresh Vegetables","Beans","Market Basket","Green Beans","","Green Beans","3.29","0.0","Market Basket","1.5 lb","1.5 lb","f149.jpg","","20"
"15054","Personal Care","Personal Needs","Deodorants","Speed Stick","Speed Stick by Mennen Regular Deodorant","","Speed Stick by Mennen Regular Deodorant","3.55","1.0","Market Basket","3.25 oz","3.25 oz","17701.jpg","","13"
"8330","Condiments & Dressings","Fresh Dips & Tapenades","Fresh Dips & Tapenades","Marzetti","Marzetti Light French Onion Veggie Dip","","Marzetti Light French Onion Veggie Dip","3.69","0.0","Market Basket","14 oz","14 oz","5536.jpg","","1"
"12960","Breakfast & Dairy","Breads & Rolls","Tortillas & Flat Bread","Joseph's","Joseph's Enriched Pita Bread","","Joseph's Enriched Pita Bread","2.19","0.0","Market Basket","8 oz","8 oz","4799.jpg","","7"
"34657","Frozen Food","Frozen Dinners & Entrees","Frozen Meal","Stouffer's ","Stouffer's Bowl-Fulls Classic Pub Meatballs & Potatoes","013800118141","Stouffer's Bowl-Fulls Classic Pub Meatballs & Potatoes","4.11","0.0","Market Basket","14 oz","14 oz","X4271.jpg","","18"
"559","Laundry & Paper Goods","Laundry","Laundry Detergent","Xtra","Xtra Plus OXI Clean Crystal Clean 40 Loads Laundry Detergent","","Xtra Plus OXI Clean Crystal Clean 40 Loads Laundry Detergent","3.74","1.0","Market Basket","75 fl oz","75 fl oz","No Image.jpg","","15"
"34431","Breakfast & Dairy","Breads & Rolls","Pizza Crust","Rustic Crust","Rustic Crust Flatbreads Sea Salt & Basil Ciabatta ","794716912107","Rustic Crust Flatbreads Sea Salt & Basil Ciabatta ","3.74","0.0","Market Basket","13 oz","13 oz","X1338.jpg","","4"
"34346","Condiments & Dressings","Preserved Dips & Spreads","Spreads","Reese","Reese Hot Pepper Jelly Made With Red Jalapenos For Zesty Glezes & Hos Doenures ","","Reese Hot Pepper Jelly Made With Red Jalapenos For Zesty Glezes & Hos Doenures ","3.74","0.0","Market Basket","4 oz","4 oz","X739.jpg","","3"
"31718","Beverages & Juices","Juices & Refrigerated Drinks","Juice & Nectars","Hi-C","Hi-C Flashin Fruit Punch","025000101304","Hi-C Flashin Fruit Punch","2.24","0.0","Market Basket","8 x 6 fl oz","8 x 6 fl oz","X3065.jpg","","10"
"30488","Cooking Needs","Rice & Grains","Grains, Rice & Dried Goods","Bob's Red Mill","Bob's Red Mill Organic Whole Grain Amaranth Gluten Free","039978029102","Bob's Red Mill Organic Whole Grain Amaranth Gluten Free","9.99","0.0","Market Basket","24 oz","24 oz","X1076.jpg","","4"
"34153","Personal Care","Vitamins & Proteins","Protien Powders","Premier Protien ","Premier Protien Strowberry & Cream","643843714668","Premier Protien Strowberry & Cream","9.99","0.0","Market Basket","44 fl oz","44 fl oz","X5182.jpg","","3"
"35253","Richardson's Farm Ice Cream","Ice Cream","Oreo","Richarson's Farm","Richarson's Farm Oreo Cookie Ice Cream 16% Butterfat","","Vanilla ice cream with real Oreo Cookies","32.99","0.0","Richardson's Farm","3 Gal. Tub","3 Gal. Tub","RichardsonsFarm.jpg","",""
"30139","Pasta & Sauces","Instant Pasta","Instant Pasta","Annie's ","Annies Homegrown Organic Shells & White Cheddar Macaroni & Cheese","013562300631","Annies Homegrown Organic Shells & White Cheddar Macaroni & Cheese","3.11","0.0","Market Basket","6 oz","6 oz","X1228.jpg","","4"
"30200","Breakfast & Dairy","Breads & Rolls","Bread","Arnold","Arnold Country Style Butter Bread","073410956915","Arnold Country Style Butter Bread","5.86","0.0","Market Basket","24 oz","24 oz","X2495.jpg","","18"
"33702","Meat & Seafood","Packaged Meat & Seafood","Hot Dogs & Franks","Old Neighborhood ","Old Neighborhood Beef Franks ","","Old Neighborhood Beef Franks ","5.74","0.0","Market Basket","12 oz","12 oz","X4560.jpg","","1"
"371","Kitchen & Cleaning","Food Storage & Kitchen Supplies","Utensils & Kitchen Supplies","Good Cook","Good Cook Cheesecloth","","Good Cook Cheesecloth","3.69","1.0","Market Basket","1 ct","1 ct","4476.jpg","","12"
"4370","Meat & Seafood","Meat & Seafood Counter","Tuna","Market Basket","Market Basket Tuna Steaks","","Market Basket Tuna Steaks","18.29","0.0","Market Basket","Approx: 1.00 lb at $18.2/lb","Approx: 1.00 lb at $18.2/lb","Market Basket.jpg","","22"
"5463","Chips, Cookies & Snacks","Candy & Chocolates","Candy & Chocolate","Hershey's","Hershey's Nuggets Milk Chocolate","","Hershey's Nuggets Milk Chocolate","4.59","0.0","Market Basket","10.8 oz","10.8 oz","986.jpg","","3"
"31022","Pasta & Sauces","Raw Pasta","Raw Pasta","CoraBella","CoraBella Organic Pasta Red Lentil Strozzapreti Pasta","685484002025","CoraBella Organic Pasta Red Lentil Strozzapreti Pasta","3.13","0.0","Market Basket","8.8 oz","8.8 oz","X1588.jpg","","4"
"33926","Condiments & Dressings","Pickled Goods & Olives","Olives","Pearls ","Pearls Sliced Ripe Olives To Go ","072999804037","Pearls Sliced Ripe Olives To Go ","3.74","0.0","Market Basket","18 oz","18 oz","X2269.jpg","","2"
"34895","Beverages & Juices","Tea, Coffee, Milk & Coconut Water","Tea","Tripple Leaf Brand","Tripple Leaf Brand Slimming Special Herbal Tea ","023991251039","Tripple Leaf Brand Slimming Special Herbal Tea ","5.36","0.0","Market Basket","1 x 2 oz","1 x 2 oz","X3209.jpg","","2"
"30599","Personal Care","Vitamins & Proteins","Protien Powders","Body Fortress ","Body Fortress Super Advance Whey Protein","074312553677","Body Fortress Super Advance Whey Protein","24.99","0.0","Market Basket","2 lb","2 lb","X5210.jpg","","3"
"31822","Chips, Cookies & Snacks","Candy & Chocolates","Candy & Chocolate","Hot Tamales","Hot Tamales Fierce Cinnamon Soft & Chewy Bites ","","Hot Tamales Fierce Cinnamon Soft & Chewy Bites ","1.61","0.0","Market Basket","4 oz","4 oz","X358.jpg","","3"
"32810","Chips, Cookies & Snacks","Candy & Chocolates","Candy & Chocolate","Market Basket","Market Basket Butterscotch ","","Market Basket Butterscotch ","1.88","0.0","Market Basket","13 oz","13 oz","X526.jpg","","3"
"32831","Breakfast & Dairy","Breads & Rolls","Bagels","Market Basket","Market Basket Bagels The Works","049705111956","Market Basket Bagels The Works","2.5","0.0","Market Basket","22 oz","22 oz","X2412.jpg","","18"
"30481","Breakfast & Dairy","Cereal","Wheat Germ","Bob's Red Mill","Bob's Red Mill Premium Quality Wheat Germ","039978121509","Bob's Red Mill Premium Quality Wheat Germ","3.11","0.0","Market Basket","12 oz","12 oz","X3662.jpg","","5"
"32002","Chips, Cookies & Snacks","Candy & Chocolates","Candy & Chocolate","Justin's","Justin's Mini Dark Chocolate Peanut Butter Cups Organic ","","Justin's Mini Dark Chocolate Peanut Butter Cups Organic ","6.24","0.0","Market Basket","4.7 oz","4.7 oz","X390.jpg","","3"
"221","Kitchen & Cleaning","Cleaning Products","Toilet Cleaner","Glade","Pledge with Glade Everyday Cleaner Multi Surface Rainshower","","Pledge with Glade Everyday Cleaner Multi Surface Rainshower","6.19","1.0","Market Basket","9.7 oz","9.7 oz","16830.jpg","","15"
"30907","Breakfast & Dairy","Dairy & Eggs","Yogurt","Chobani","Chobani Greek Yogurt Orange & Cream Blended ","","Chobani Greek Yogurt Orange & Cream Blended ","1.25","0.0","Market Basket","5.3 oz","5.3 oz","X114.jpg","","1"
"3512","Fresh Produce","Fresh Organic Vegetables","Onion","Market Basket","Organic Yellow Onions","","Organic Yellow Onions","4.39","0.0","Market Basket","2 lb","2 lb","f130.jpg","","20"
"33454","Breakfast & Dairy","Bars & Pastries","Oatmeal Squares","Nature Valley","Nature Valley Soft-baked Oatmeal Squares Peanut Butter","016000458970","Nature Valley Soft-baked Oatmeal Squares Peanut Butter","3.75","0.0","Market Basket","6 x 1.24 oz","6 x 1.24 oz","X3834.jpg","","5"
"32889","Breakfast & Dairy","Granola & Oats","Granola","Market Basket","Market Basket French Vanilla Almond Granola","049705118016","Market Basket French Vanilla Almond Granola","3.75","0.0","Market Basket","12 oz","12 oz","X3770.jpg","","5"
"31680","Frozen Food","Frozen Pasta","Frozen Pasta","Healthy Choice","Healthy Choice Three Cheese Tortellini ","072655454569","Healthy Choice Three Cheese Tortellini ","3.74","0.0","Market Basket","9 oz","9 oz","X4076.jpg","","18"
"6267","Beverages & Juices","Water","Water","Glaceau","Glaceau Vapor Distilled Premium Water Bottle Antitoxidant","","Glaceau Vapor Distilled Premium Water Bottle Antitoxidant","16.24","0.0","Market Basket","12 x 1 L","12 x 1 L","No Image.jpg","","11"
"15316","Personal Care","Vitamins & Proteins","Vitamins & Supplements","Citracal","Citracal Calcium Supplement Coated Caplets Maximum Plus","","Citracal Calcium Supplement Coated Caplets Maximum Plus","18.27","1.0","Market Basket","120 count","120 count","6714.jpg","","13"
"506","Laundry & Paper Goods","Laundry","Laundry Detergent","Tide","Tide Pods Fresh Coral Blast Laundry Detergent","","Tide Pods Fresh Coral Blast Laundry Detergent","16.24","1.0","Market Basket","42 pack","42 pack","No Image.jpg","","15"
"5875","Beverages & Juices","Cocoa & Drink Mixes","Cocoa & Drink Mixes","4C","4C Half & Half Iced Tea Lemonade","","4C Half & Half Iced Tea Lemonade","4.99","0.0","Market Basket","13.9 oz","13.9 oz","No Image.jpg","","17"
"9035","Condiments & Dressings","Preserved Dips & Spreads","Spreads","Skippy","Skippy Natural Creamy Peanut Butter Spread","","Skippy Natural Creamy Peanut Butter Spread","3.09","0.0","Market Basket","15 oz","15 oz","1634.jpg","","3"
"8357","Condiments & Dressings","Honey, Syrup & Nectars","Syrup","Coombs Family Farms","Coombs Family Farms Organic Maple Syrup","","Coombs Family Farms Organic Maple Syrup","6.24","0.0","Market Basket","8 oz","8 oz","1603.jpg","","3"
"32428","Condiments & Dressings","Marinades, Ketchup & Sauces","Sauces","Krinos ","Krinos Imported Tahini Ground Sesame Seeds","075013285003","Krinos Imported Tahini Ground Sesame Seeds","3.13","0.0","Market Basket","31 oz","31 oz","X2140.jpg","","2"
"10099","Frozen Food","Ice Cream & Ice","Ice Cream & Ice","Hood","Hood Ice Cream New England Creamery Bear Creek Caramel","","Hood Ice Cream New England Creamery Bear Creek Caramel","3.69","0.0","Market Basket","1.5 quart","1.5 quart","3099.jpg","","21"
"5067","Chips, Cookies & Snacks","Cookies & Crackers","Cookies & Cakes","Lu","Lu Petit Ecolier 70% Cocoa Extra Dark Chocolate Biscuits","","Lu Petit Ecolier 70% Cocoa Extra Dark Chocolate Biscuits","4.69","0.0","Market Basket","5.29 oz","5.29 oz","15069.jpg","","6"
"12971","Breakfast & Dairy","Breads & Rolls","Tortillas & Flat Bread","Market Basket","Market Basket Flour Tortillas Burrito Size 10""","","Market Basket Flour Tortillas Burrito Size 10""","2.49","0.0","Market Basket","19 oz","19 oz","Market Basket.jpg","","7"
"30302","Pasta & Sauces","Instant Pasta","Instant Pasta","Barilla","Barilla Ready Pasta Gemelli","076808006858","Barilla Ready Pasta Gemelli","2.11","0.0","Market Basket","8.5 oz","8.5 oz","X1620.jpg","","4"
"33979","Breakfast & Dairy","Breads & Rolls","Bread","Pepperidge Farm","Pepperidge Farm Italian White Bread","014100095279","Pepperidge Farm Italian White Bread","3.36","0.0","Market Basket","20 oz","20 oz","X2546.jpg","","18"
"30489","Cooking Needs","Rice & Grains","Grains, Rice & Dried Goods","Bob's Red Mill","Bob's Red Mill Organic Whole Grain Cracked Freekeh Whole Grain Non GMO Organic","039978018564","Bob's Red Mill Organic Whole Grain Cracked Freekeh Whole Grain Non GMO Organic","6.24","0.0","Market Basket","14 oz","14 oz","X1077.jpg","","4"
"30499","Cooking Needs","Rice & Grains","Grains, Rice & Dried Goods","Bob's Red Mill","Bob's Red Mill Tri-Color Pearl Couscous Quick Cooking Non GMO ","039978044983","Bob's Red Mill Tri-Color Pearl Couscous Quick Cooking Non GMO ","4.99","0.0","Market Basket","16 oz","16 oz","X1087.jpg","","4"
"6940","Cooking Needs","Baking & Cooking","Doughs, Gelatins & Bake Mixes","Betty Crocker","Betty Crocker Peanut Butter Cookie Mix","","Betty Crocker Peanut Butter Cookie Mix","2.49","0.0","Market Basket","17.5 oz","17.5 oz","2079.jpg","","8"
"33953","Breakfast & Dairy","Breads & Rolls","Bread","Pepperidge Farm","Pepperidge Farm Party Appetizers Dark Pump Bread","014100077077","Pepperidge Farm Party Appetizers Dark Pump Bread","3.74","0.0","Market Basket","12 oz","12 oz","X2520.jpg","","18"
"10071","Frozen Food","Ice Cream & Ice","Ice Cream & Ice","Haagen-dazs","Haagen dazs Ice Cream Dulce De Leche Caramel","","Haagen dazs Ice Cream Dulce De Leche Caramel","4.79","0.0","Market Basket","14 oz","14 oz","3071.jpg","","21"
"32976","Cooking Needs","Canned Food","Canned Tomatoes","Market Basket","Market Basket Italian Style Diced Tomatoes in Tomato Juice","049705037102","Market Basket Italian Style Diced Tomatoes in Tomato Juice","1.49","0.0","Market Basket","28 oz","28 oz","X1390.jpg","","4"
"5910","Beverages & Juices","Tea, Coffee, Milk & Coconut Water","Single To-Go Coffee","StarBucks","Starbucks Frappuccino Coffee Bottles 4 Pack","","Starbucks Frappuccino Coffee Bottles 4 Pack","6.24","0.0","Market Basket","4 x 9.5 fl oz","4 x 9.5 fl oz","No Image.jpg","","17"
"4365","Meat & Seafood","Meat & Seafood Counter","Steak","Thin 'n Trim","Thin 'n Trim Thin Cut Bottom Round Steak","","Thin 'n Trim Thin Cut Bottom Round Steak","7.39","0.0","Market Basket","1 lb","1 lb","No Image.jpg","","1"
"8781","Condiments & Dressings","Preserved Dips & Spreads","Preserved Dips & Salsa","Tostitos","Tostitos Salsa Con Queso Medium","","Tostitos Salsa Con Queso Medium","3.69","0.0","Market Basket","15 oz","15 oz","1993.jpg","","0"
"13412","Breakfast & Dairy","Dairy & Eggs","Eggs","Land O' Lakes","Land O' Lakes Eggs, Brown, Grade A, Large","","Land O' Lakes Eggs, Brown, Grade A, Large","4.29","0.0","Market Basket","18 count","18 count","603.jpg","","1"
"5380","Chips, Cookies & Snacks","Cookies & Crackers","Crackers","Schar","Schar Gluten Free Vanilla Wafers","","Schar Gluten Free Vanilla Wafers","4.67","0.0","Market Basket","4.4 oz","4.4 oz","No Image.jpg","","6"
"33696","Breakfast & Dairy","Dairy & Eggs","Yogurt","Oikos","Oikos Triple Zero Blended Greek Yogurt Vanilla With Other Natural Flavors ","","Oikos Triple Zero Blended Greek Yogurt Vanilla With Other Natural Flavors ","5.49","0.0","Market Basket","32 oz","32 oz","X694.jpg","","1"
"13399","Breakfast & Dairy","Dairy & Eggs","Eggs","Egg Beaters","Egg Beaters Original","","Egg Beaters Original","5.59","0.0","Market Basket","32 oz","32 oz","600.jpg","","1"
"35326","Richardson's Farm Ice Cream","Frozen Yogurt","Mint","Richarson's Farm","Richarson's Farm Mint Patty Frozen Yogurt 95% Fat Free","","Mint yogurt with chocolate chips and peppermint patties","29.99","0.0","Richardson's Farm","3 Gal. Tub","3 Gal. Tub","RichardsonsFarm.jpg","",""
"32733","Frozen Food","Frozen Dinners & Entrees","Frozen Meal","Marie Callender's","Marie Callender's Meat Loaf & Gravy","021131905323","Marie Callender's Meat Loaf & Gravy","3.13","0.0","Market Basket","12.4 oz","12.4 oz","X4038.jpg","","18"
"3960","Fresh Produce","Fresh Vegetables","Red Onion","Market Basket","Jumbo Red Onions","","Jumbo Red Onions","2.29","0.0","Market Basket","2 lb bag","2 lb bag","14310.jpg","","20"
"32263","Condiments & Dressings","Salad Dressings & Toppings","Salad Dressing & Toppings","Ken's Steak House","Ken's Seak House Creamy Parmesan Dressing ","041335001263","Ken's Seak House Creamy Parmesan Dressing ","3.49","0.0","Market Basket","16 fl oz","16 fl oz","X431.jpg","","2"
"3822","Fresh Produce","Fresh Organic Vegetables","Eggplant","Market Basket","Organic Whole Trade Eggplant","","Organic Whole Trade Eggplant","4.24","0.0","Market Basket","1 lb","1 lb","FP125.jpg","","20"
"32183","Breakfast & Dairy","Bars & Pastries","Breakfast Bars","Kellogg's ","Kellogg's Rice Krispies Treats M & M mini","038000151125","Kellogg's Rice Krispies Treats M & M mini","3.13","0.0","Market Basket","8 x 0.7 oz","8 x 0.7 oz","X3538.jpg","","5"
"31885","Meat & Seafood","Packaged Meat & Seafood","Burger","Incogmeato ","Incogmeato 100% Plant Protein Plant-Based  Ground ","","Incogmeato 100% Plant Protein Plant-Based  Ground ","6.86","0.0","Market Basket","12 oz","12 oz","X4717.jpg","","1"
"34622","Breakfast & Dairy","Dairy & Eggs","Yogurt","Stonyfield","Stonyfield Organic Whole Milk Pear Spinach Mango Real Fruit & Veggie Yogurt Drink","","Stonyfield Organic Whole Milk Pear Spinach Mango Real Fruit & Veggie Yogurt Drink","1.25","0.0","Market Basket","3.5 oz","3.5 oz","X795.jpg","","1"
"14428","Breakfast & Dairy","Tea & Coffee","Coffee","Melitta","Melitta Super Premium White Cone Coffee Filters","","Melitta Super Premium White Cone Coffee Filters","3.69","0.0","Market Basket","100 count","100 count","3392.jpg","","8"
"32323","Cooking Needs","Rice & Grains","Grains, Rice & Dried Goods","Kitchen & Love","Kitchen & Love Cauliflower Quick Cup Peruvian Vegetable Ceviche Fully Cooked","7.28119E+11","Kitchen & Love Cauliflower Quick Cup Peruvian Vegetable Ceviche Fully Cooked","4.99","0.0","Market Basket","7.9 oz","7.9 oz","X1056.jpg","","4"
"5360","Chips, Cookies & Snacks","Cookies & Crackers","Cookies & Cakes","Tate's Bake Shop","Tate's Bake Shop Oatmeal Rasin Cookies","","Tate's Bake Shop Oatmeal Rasin Cookies","6.23","0.0","Market Basket","7 oz","7 oz","No Image.jpg","","6"
"8610","Condiments & Dressings","Pickled Goods & Olives","Pickled Goods & Olives","Goya","Goya Alcaparrado Manzanilla Olives Pimientos & Capers Pitted","","Goya Alcaparrado Manzanilla Olives Pimientos & Capers Pitted","2.79","0.0","Market Basket","9.5 oz","9.5 oz","1878.jpg","","7"
"7745","Cooking Needs","Canned Food","Canned Meals & Beans","Goya","Goya Casero Refried Black Beans","","Goya Casero Refried Black Beans","1.89","0.0","Market Basket","16 oz","16 oz","5112.jpg","","7"
"13314","Breakfast & Dairy","Dairy & Eggs","Butter","Smart Balance","Smart Balance Light Omega 3 EPA/DHA & ALA Buttery Spread","","Smart Balance Light Omega 3 EPA/DHA & ALA Buttery Spread","3.09","0.0","Market Basket","15 oz","15 oz","643.jpg","","1"
"35084","Beverages & Juices","Juices & Refrigerated Drinks","Juice & Nectars","Welch's","Welch's Mango Passion Fruit","041800346103","Welch's Mango Passion Fruit","1.74","0.0","Market Basket","16 fl oz","16 fl oz","X3147.jpg","","10"
"224","Kitchen & Cleaning","Cleaning Products","Toilet Cleaner","Lysol","Lysol With Hydrogen Peroxide Toilet Bowl Cleaner","","Lysol With Hydrogen Peroxide Toilet Bowl Cleaner","2.49","1.0","Market Basket","24 fl oz","24 fl oz","4254.jpg","","15"
"34212","Beverages & Juices","Juices & Refrigerated Drinks","Juice & Nectars","Purity Organic","Purity Organic Orange Mango Paradise","892809000356","Purity Organic Orange Mango Paradise","2.24","0.0","Market Basket","16.9 fl oz","16.9 fl oz","X3025.jpg","","10"
"31374","Frozen Food","Frozen Pizza","Frozen Pizza","Freschetta ","Freschetta Canadian Style Bacon & Pineapple ","072180630698","Freschetta Canadian Style Bacon & Pineapple ","6.24","0.0","Market Basket","27.51 oz","27.51 oz","X4922.jpg","","19"
"30705","Breakfast & Dairy","Dairy & Eggs","Fruit Drink","Buddy Fruits","Buddy Fruits Blended Fruits All Natural MultiFruit & Apple No Added Sugers No Preservatives ","","Buddy Fruits Blended Fruits All Natural MultiFruit & Apple No Added Sugers No Preservatives ","2.5","0.0","Market Basket","12.8 oz","12.8 oz","X88.jpg","","1"
"31693","Condiments & Dressings","Marinades, Ketchup & Sauces","Ketchup","Heinz ","Heinz Est 1869 Tomato Ketchup 57 Varieties","01364008","Heinz Est 1869 Tomato Ketchup 57 Varieties","7.49","0.0","Market Basket","12 oz","12 oz","X2122.jpg","","2"
"6489","Chips, Cookies & Snacks","Nuts, Seeds & Dried Fruit","Nuts, Seeds & Dried Fruit","Emerald","Emerald Almonds & Walnuts Unsalted","","Emerald Almonds & Walnuts Unsalted","3.75","0.0","Market Basket","3.92 oz","3.92 oz","No Image.jpg","","6"
"5139","Chips, Cookies & Snacks","Cookies & Crackers","Cookies & Cakes","Stauffer's","Stauffer's Animal Cookies Iced","","Stauffer's Animal Cookies Iced","2.64","0.0","Market Basket","14.5 oz","14.5 oz","14985.jpg","","6"
"7865","Cooking Needs","Canned Food","Canned Meat & Seafood","Libby's","Libby's Vienna Sausage","","Libby's Vienna Sausage","0.69","0.0","Market Basket","4.6 oz","4.6 oz","17152.jpg","","2"
"13383","Breakfast & Dairy","Dairy & Eggs","Cream","Nestle","NestlÃÂ© Coffee Mate Fat Free The Original Powder Coffee Creamer","","NestlÃÂ© Coffee Mate Fat Free The Original Powder Coffee Creamer","4.29","0.0","Market Basket","16 oz","16 oz","542.jpg","","1"
"9384","Frozen Food","Frozen Fruit & Juice","Frozen Juice","Seneca","Seneca 100% Apple Juice Concentrate","","Seneca 100% Apple Juice Concentrate","1.99","0.0","Market Basket","12 fl oz","12 fl oz","16063.jpg","","21"
"6313","Beverages & Juices","Water","Sparkling Water","Poland Spring","Poland Spring Sparkling Water, Black Cherry","","Poland Spring Sparkling Water, Black Cherry","3.74","0.0","Market Basket","8 x 12 fl oz","8 x 12 fl oz","No Image.jpg","","11"
"30226","Cooking Needs","Canned Food","Baked Beans","B&M","B&M Brick Oven Baked Maple Baked Beans With Molasses & Spices","","B&M Brick Oven Baked Maple Baked Beans With Molasses & Spices","2.11","0.0","Market Basket","28 oz","28 oz","X1841.jpg","","2"
"5639","Chips, Cookies & Snacks","Candy & Chocolates","Mint & Gum","Eclipse","Eclipse Polar Ice Sugarfree Gum","","Eclipse Polar Ice Sugarfree Gum","3.09","0.0","Market Basket","3 x ct","3 x ct","1507.jpg","","3"
"34025","Frozen Food","Frozen Dessert","Frozen Dessert","Pillsbury","Pillsbury Toster Strudel Pestries Cinnamon Roll","018000426928","Pillsbury Toster Strudel Pestries Cinnamon Roll","3.13","0.0","Market Basket","11.7 oz","11.7 oz","X5075.jpg","","19"
"34285","Beverages & Juices","Juices & Refrigerated Drinks","Juice & Nectars","R.W. Knudsen","R.W. Knudsen Organic Cranberry Blueberry Juice 100% Juice from Concentrate","074682107807","R.W. Knudsen Organic Cranberry Blueberry Juice 100% Juice from Concentrate","6.24","0.0","Market Basket","32 fl oz","32 fl oz","X2898.jpg","","10"
"8774","Condiments & Dressings","Preserved Dips & Spreads","Preserved Dips & Salsa","Smucker's","Red Raspberry Preserves","","Red Raspberry Preserves","2.49","0.0","Market Basket","12 oz","12 oz","No Image.jpg","","1"
"15197","Personal Care","Personal Needs","Oral Hygiene","Crest","Crest Toothpaste","","Crest Toothpaste","4.24","1.0","Market Basket","4.2 count","4.2 count","6414.jpg","","13"
"30237","Beverages & Juices","Energy & Sports Drinks","Energy & Sports Drinks","Bai","Bai Antioxidant Infusion Kula Watermelon","813694023428","Bai Antioxidant Infusion Kula Watermelon","2.5","0.0","Market Basket","18 fl oz","18 fl oz","X2735.jpg","","10"
"3479","Fresh Produce","Fresh Herbs","Mint","Market Basket","Fresh Bunch Mint","","Fresh Bunch Mint","2.85","0.0","Market Basket","1 bunch","1 bunch","f68.jpg","","20"
"30629","Frozen Food","Frozen Dinners & Entrees","Frozen Meal","Boston Market","Boston Market Turkey Breast Medallions & Stuffing","738912022383","Boston Market Turkey Breast Medallions & Stuffing","3.36","0.0","Market Basket","13.5 oz","13.5 oz","X4136.jpg","","18"
"32423","Pasta & Sauces","Instant Pasta","Instant Pasta","Kraft","Kraft Macaroni & Cheese thick & Creamy","021000075782","Kraft Macaroni & Cheese thick & Creamy","6.24","0.0","Market Basket","4 x 7.25 oz","4 x 7.25 oz","X1211.jpg","","4"
"3497","Fresh Produce","Fresh Organic Vegetables","Cabbage","Market Basket","Orgainc Green Cabbage","","Orgainc Green Cabbage","2.19","0.0","Market Basket","1 lb","1 lb","f98.jpg","","20"
"4191","Meat & Seafood","Packaged Meat & Seafood","Chicken","Perdue","Perdue Chicken Drumsticks","","Perdue Chicken Drumsticks","3.19","0.0","Market Basket","1.5 lb","1.5 lb","4110.jpg","","22"
"33005","Pasta & Sauces","Raw Pasta","Raw Pasta","Market Basket","Market Basket Whole Wheat Pasta Rotini","049705309551","Market Basket Whole Wheat Pasta Rotini","1.25","0.0","Market Basket","13.25 oz","13.25 oz","X1609.jpg","","4"
"30736","Cooking Needs","Canned Food","Baked Beans","Bush's","Bush's Best Since 1908 Sweet Heat Brown Sugar Hickory Baked Beans","","Bush's Best Since 1908 Sweet Heat Brown Sugar Hickory Baked Beans","3.0","0.0","Market Basket","28 oz","28 oz","X1831.jpg","","2"
"31684","Chips, Cookies & Snacks","Candy & Chocolates","Candy & Chocolate","Heath","Heath Milk Chocolate English Toffee Bar Miniatures","","Heath Milk Chocolate English Toffee Bar Miniatures","4.61","0.0","Market Basket","10.2 oz","10.2 oz","X322.jpg","","3"
"34554","Beverages & Juices","Juices & Refrigerated Drinks","Juice & Nectars","Snapple","Snapple All Natural Grapeade","076183003275","Snapple All Natural Grapeade","1.86","0.0","Market Basket","16 fl oz","16 fl oz","X2976.jpg","","10"
"10429","Cooking Needs","Canned Food","Canned Food","Goya","Goya Yellow Split Peas","","Goya Yellow Split Peas","1.29","0.0","Market Basket","16 oz","16 oz","5824.jpg","","7"
"8121","Cooking Needs","Canned Food","Soup, Broth & Bouillon","Progresso","Progresso Traditional, Chicken and Wild Rice Soup, Gluten Free","","Progresso Traditional, Chicken and Wild Rice Soup, Gluten Free","2.79","0.0","Market Basket","19 oz","19 oz","5278.jpg","","9"
"34083","Frozen Food","Frozen Dinners & Entrees","Frozen Appetizers & Sides","Poppy's ","Poppy's Pierogies Potato & Cheddar Cheese","814416001908","Poppy's Pierogies Potato & Cheddar Cheese","1.25","0.0","Market Basket","13 oz","13 oz","X4305.jpg","","18"
"7251","Cooking Needs","Spices & Seasonings","Spices & Seasonings","McCormick","McCormick Banana Extract With Other Natural Flavors","","McCormick Banana Extract With Other Natural Flavors","3.69","0.0","Market Basket","1 fl oz","1 fl oz","2174.jpg","","9"
"4212","Meat & Seafood","Packaged Meat & Seafood","Chicken Breast","Perdue","Perdue Split Chicken Breast With Ribs","","Perdue Split Chicken Breast With Ribs","5.86","0.0","Market Basket","Approx: 2.10 lb at $2.79/lb","Approx: 2.10 lb at $2.79/lb","No Image.jpg","","22"
"13741","Breakfast & Dairy","Dairy & Eggs","Packaged Cheese","Market Basket","Market Basket Medium Cheddar Cheese","","Market Basket Medium Cheddar Cheese","2.49","0.0","Market Basket","8 oz","8 oz","Market Basket.jpg","","1"
"3961","Fresh Produce","Fresh Vegetables","Red Onion","Market Basket","Red Onions Bag","","Red Onions Bag","4.13","0.0","Market Basket","32 oz bag","32 oz bag","14381.jpg","","20"
"3772","Fresh Produce","Fresh Organic Fruits","Apple","Market Basket","Organic Fuji Apple","","Organic Fuji Apple","1.78","0.0","Market Basket","1 count","1 count","14237.jpg","","20"
"31932","Meat & Seafood","Packaged Meat & Seafood","Sausage","Jimmy Dean ","Jimmy Dean Meat Lovers With Real Eggs, Sausage Cheddar Cheese & Bacon","","Jimmy Dean Meat Lovers With Real Eggs, Sausage Cheddar Cheese & Bacon","3.13","0.0","Market Basket","5.35 oz","5.35 oz","X4470.jpg","","1"
"10408","Cooking Needs","Canned Food","Canned Food","Goya","Goya Enriched Medium Grain Rice","","Goya Enriched Medium Grain Rice","6.09","0.0","Market Basket","5 lb","5 lb","5808.jpg","","7"
"32420","Pasta & Sauces","Instant Pasta","Instant Pasta","Kraft","Kraft Macaroni & Cheese Unicorn Shapes","021000053155","Kraft Macaroni & Cheese Unicorn Shapes","1.88","0.0","Market Basket","1.9 oz","1.9 oz","X1206.jpg","","4"
"32226","Condiments & Dressings","Salad Dressings & Toppings","Salad Dressing & Toppings","Ken's Steak House","Ken's Seak House Great For Dipping Ranch Dressing,Topping,Spread ","041335000860","Ken's Seak House Great For Dipping Ranch Dressing,Topping,Spread ","4.36","0.0","Market Basket","24 fl oz","24 fl oz","X394.jpg","","2"
"30146","Beverages & Juices","Juices & Refrigerated Drinks","Juice & Nectars","Apple & Eve","Apple & Eve Cranberry Grape 100% Juice","076301722170","Apple & Eve Cranberry Grape 100% Juice","3.74","0.0","Market Basket","64 fl oz","64 fl oz","X2795.jpg","","10"
"5953","Beverages & Juices","Cocoa & Drink Mixes","Cocoa & Drink Mixes","Mr & Mrs T","Mr & Mrs T Original Margarita Mix","","Mr & Mrs T Original Margarita Mix","4.99","0.0","Market Basket","1 L","1 L","No Image.jpg","","17"
"10164","Frozen Food","Ice Cream & Ice","Ice Cream & Ice","Market Basket","Market Basket Ice Cream Sandwiches, 12 Ct","","Market Basket Ice Cream Sandwiches, 12 Ct","3.59","0.0","Market Basket","38.4 oz","38.4 oz","Market Basket.jpg","","21"
"6863","Cooking Needs","Baking & Cooking","Baking Ingredients","Hershey's","Hershey's. Natural Unsweetened Cocoa","","Hershey's. Natural Unsweetened Cocoa","4.09","0.0","Market Basket","8 oz","8 oz","15692.jpg","","8"
"34772","Condiments & Dressings","Marinades, Ketchup & Sauces","Marinades & Meat Preparation","Sweet Baby Ray's","Sweet Baby Ray's Gourmet Sauces Honey Barbecue Sauce ","013409341155","Sweet Baby Ray's Gourmet Sauces Honey Barbecue Sauce ","2.86","0.0","Market Basket","16 fl oz","16 fl oz","X2081.jpg","","2"
"30049","Meat & Seafood","Packaged Meat & Seafood","Sausage","Alfresco ","Alfresco Chicken breakfast Sausage Patties ","","Alfresco Chicken breakfast Sausage Patties ","4.36","0.0","Market Basket","7 oz","7 oz","X4626.jpg","","1"
"34985","Frozen Food","Frozen Dinners & Entrees","Frozen Appetizers & Sides","Van De Kamp's","Van De Kamp's Crunchy Breaded Fillets","019600920342","Van De Kamp's Crunchy Breaded Fillets","6.24","0.0","Market Basket","3 oz","3 oz","X4391.jpg","","18"
"14941","Personal Care","First Aid & Healthcare","Digestion","Pepto Bismol","Pepto-Bismol Upset Stomach Reliever/Antidiarrheal, 2x Strength, Ultra","","Pepto-Bismol Upset Stomach Reliever/Antidiarrheal, 2x Strength, Ultra","8.15","1.0","Market Basket","8 fl oz","8 fl oz","6652.jpg","","13"
"30568","Cooking Needs","Rice & Grains","Grains, Rice & Dried Goods","Bob's Red Mill","Bob's Red Mill Organic Whole Grain Red Quinoa ","039978019448","Bob's Red Mill Organic Whole Grain Red Quinoa ","7.49","0.0","Market Basket","13 oz","13 oz","X5276.jpg","","3"
"32957","Condiments & Dressings","Preserved Dips & Spreads","Spreads","Market Basket","Market Basket Creamy Peanut Butter Gluten Free Vegan Usa Grown","","Market Basket Creamy Peanut Butter Gluten Free Vegan Usa Grown","2.5","0.0","Market Basket","18 oz","18 oz","X535.jpg","","3"
"34907","Beverages & Juices","Juices & Refrigerated Drinks","Refrigerated Drinks","Tropicana ","Tropicana TWISTER berry punch flavored drink with other natural flavored","","Tropicana TWISTER berry punch flavored drink with other natural flavored","1.88","0.0","Market Basket","59 fl oz","59 fl oz","X862.jpg","","1"
"5694","Chips, Cookies & Snacks","Nuts, Seeds & Dried Fruit","Trail Mix & Snack Mix","Second Nature","Second Nature Medley, California, Pouch","","Second Nature Medley, California, Pouch","6.09","0.0","Market Basket","12 oz","12 oz","1471.jpg","","21"
"186","Kitchen & Cleaning","Cleaning Products","Other Cleaning Products","Swiffer","Swiffer Multi Surface Floor Cleaner Spray Moping Pads Refill","","Swiffer Multi Surface Floor Cleaner Spray Moping Pads Refill","9.79","1.0","Market Basket","15 count","15 count","18084.jpg","","15"
"31037","Breakfast & Dairy","Granola & Oats","Cup Oatmeal","Cream of Rice","Cream of Rice to go Gluten Free Mixed Berry","072400011078","Cream of Rice to go Gluten Free Mixed Berry","1.88","0.0","Market Basket","2.29 oz","2.29 oz","X3625.jpg","","5"
"34860","Condiments & Dressings","Marinades, Ketchup & Sauces","Sauces","Tiger ","Tger Sauce Original Meat, SeaFood & Anything Else That Up To The Sweet Heat","075076100015","Tger Sauce Original Meat, SeaFood & Anything Else That Up To The Sweet Heat","3.13","0.0","Market Basket","12 fl oz","12 fl oz","X2109.jpg","","2"
"450","Kitchen & Cleaning","Trash Bags & Liners","Tall Trash Bags","Market Basket","Market Basket Flex Drawstring Tall Kitchen Bags","","Market Basket Flex Drawstring Tall Kitchen Bags","5.49","1.0","Market Basket","38 count","38 count","Market Basket.jpg","","12"
"32739","Frozen Food","Frozen Dinners & Entrees","Frozen Meal","Marie Callender's","Marie Callender's Beef & Been Chili","021131000301","Marie Callender's Beef & Been Chili","3.13","0.0","Market Basket","11.7 oz","11.7 oz","X4044.jpg","","18"
"9894","Frozen Food","Frozen Produce","Frozen Produce","Market Basket","Market Basket Yellow Turnips","","Market Basket Yellow Turnips","1.59","0.0","Market Basket","20 oz","20 oz","Market Basket.jpg","","19"
"30578","Cooking Needs","Baking & Cooking","Flour","Bob's Red Mill","Bob's Red mill Golden Corn Flour Masa Harina Pride Of The Mill ","039978013354","Bob's Red mill Golden Corn Flour Masa Harina Pride Of The Mill ","3.74","0.0","Market Basket","22 oz","22 oz","X5286.jpg","","3"
"10213","Frozen Food","Ice Cream & Ice","Ice Cream & Ice","Popsicle","Popsicle Tropicalsugar Free","","Popsicle Tropicalsugar Free","4.39","0.0","Market Basket","20 count","20 count","3144.jpg","","21"
"415","Kitchen & Cleaning","Trash Bags & Liners","Large Trash Bags","Glad","Glad Extra Strong 30 GAL Large Trash Drawstring Bags - 28 CT","","Glad Extra Strong 30 GAL Large Trash Drawstring Bags - 28 CT","8.59","1.0","Market Basket","28 count","28 count","4669.jpg","","12"
"33859","Cooking Needs","Canned Food","Artichoke","Pastene","Pastene Imported Artichoke Hearts","066086120650","Pastene Imported Artichoke Hearts","3.13","0.0","Market Basket","14 oz","14 oz","X2278.jpg","","2"
"33974","Breakfast & Dairy","Breads & Rolls","Bread","Pepperidge Farm","Pepperidge Farm Light Style Soft Wheat Bread","014100071662","Pepperidge Farm Light Style Soft Wheat Bread","5.36","0.0","Market Basket","16 oz","16 oz","X2541.jpg","","18"
"30469","Breakfast & Dairy","Granola & Oats","Oats","Bob's Red Mill","Bob's Red Mill Gluten Free Steel Cut Oats Whole Grain","039978013736","Bob's Red Mill Gluten Free Steel Cut Oats Whole Grain","6.24","0.0","Market Basket","24 oz","24 oz","X3654.jpg","","5"
"3548","Fresh Produce","Fresh Herbs","Curry Leaves","Market Basket","Curry Leaves Packet","","Curry Leaves Packet","4.39","0.0","Market Basket","1 pack","1 pack","f185.jpg","","20"
"31458","Breakfast & Dairy","Cereal","Cereal","General Mills","General Mills Trix","016000275324","General Mills Trix","3.75","0.0","Market Basket","10.7 oz","10.7 oz","X3435.jpg","","5"
"4033","Fresh Produce","Fresh Vegetables","Tomato","Market Basket","Tomatoes Campari","","Tomatoes Campari","6.99","0.0","Market Basket","2 lb","2 lb","14379.jpg","","20"
"4197","Meat & Seafood","Packaged Meat & Seafood","Chicken Breast","Fresh","Perdue Fresh Chicken Breast","","Perdue Fresh Chicken Breast","4.59","0.0","Market Basket","1 lb","1 lb","No Image.jpg","","22"
"35079","Beverages & Juices","Juices & Refrigerated Drinks","Juice & Nectars","Welch's","Welch's Concord Grape 100% Juice No Sugar Added FAMILY SIZE","041800261000","Welch's Concord Grape 100% Juice No Sugar Added FAMILY SIZE","6.24","0.0","Market Basket","96 fl oz","96 fl oz","X2895.jpg","","10"
"6187","Beverages & Juices","Ginger Ale & Ginger Beer","Ginger Ale","Schweppes","Schweppes Ginger Ale","","Schweppes Ginger Ale","5.0","0.0","Market Basket","6 x 16.9 fl oz","6 x 16.9 fl oz","3971.jpg","","17"
"13971","Breakfast & Dairy","Dairy & Eggs","Specialty Cheeses","Market Basket","Pepper Jack Cheese","","Pepper Jack Cheese","5.49","0.0","Market Basket","1 lb","1 lb","Market Basket.jpg","","1"
"4926","Chips, Cookies & Snacks","Chips & Fruit Snacks","Chips & Pretzels","Smartfood","Smartfood Movie Theatre Butter","","Smartfood Movie Theatre Butter","6.23","0.0","Market Basket","6.25 oz","6.25 oz","No Image.jpg","","0"
"354","Kitchen & Cleaning","Food Storage & Kitchen Supplies","Storage Containers","Market Basket","Market Basket Large Entree Storage Containers","","Market Basket Large Entree Storage Containers","2.49","1.0","Market Basket","4 count","4 count","Market Basket.jpg","","12"
"6895","Cooking Needs","Baking & Cooking","Baking Ingredients","McCormick","McCormick Pure Lemon Extract","","McCormick Pure Lemon Extract","3.69","0.0","Market Basket","2 fl oz","2 fl oz","15734.jpg","","8"
"4272","Meat & Seafood","Packaged Meat & Seafood","Salmon","Ruby Bay","Ruby Bay Scottish Style Smoked Salmon","","Ruby Bay Scottish Style Smoked Salmon","6.89","0.0","Market Basket","3 oz","3 oz","No Image.jpg","","22"
"4834","Chips, Cookies & Snacks","Chips & Fruit Snacks","Chips & Pretzels","Chex Mix","Chex Mix Cheddar Savory Snack Mix","","Chex Mix Cheddar Savory Snack Mix","4.67","0.0","Market Basket","15 oz","15 oz","No Image.jpg","","0"
"14612","Breakfast & Dairy","Tea & Coffee","Tea","Stash Tea","Stash Tea Herbal Tea Lemon Ginger","","Stash Tea Herbal Tea Lemon Ginger","3.09","0.0","Market Basket","20 count","20 count","16321.jpg","","8"
"7680","Cooking Needs","Canned Food","Canned Fruit & Applesauce","Sunsweet","Sunsweet Ss Prns Bte Sz Ptd Cnst","","Sunsweet Ss Prns Bte Sz Ptd Cnst","5.79","0.0","Market Basket","16 oz","16 oz","17073.jpg","","3"
"32859","Breakfast & Dairy","Breads & Rolls","Bread","Market Basket","Market Basket Whole Grain White Bread 0g Trans Fat","049705536308","Market Basket Whole Grain White Bread 0g Trans Fat","2.5","0.0","Market Basket","20 oz","20 oz","X2384.jpg","","18"
"4106","Meat & Seafood","Meat & Seafood Counter","Chicken","Thin 'n Trim","Thin 'n Trim Chicken Sausage, Apple And Cinnamon","","Thin 'n Trim Chicken Sausage, Apple And Cinnamon","3.29","0.0","Market Basket","1 lb","1 lb","No Image.jpg","","22"
"30330","Pasta & Sauces","Raw Pasta","Raw Pasta","Barilla","Barilla Pasta Linguine","076808280173","Barilla Pasta Linguine","1.74","0.0","Market Basket","1 lb","1 lb","X1634.jpg","","4"
"6496","Chips, Cookies & Snacks","Nuts, Seeds & Dried Fruit","Nuts, Seeds & Dried Fruit","David","David Roasted & Salted Pumpkin Seeds","","David Roasted & Salted Pumpkin Seeds","3.11","0.0","Market Basket","5 oz","5 oz","No Image.jpg","","6"
"31551","Frozen Food","Frozen Breakfast","Frozen Breakfast","Good Food Made ","Good Food Made Cheese & Veggies Breakfast Burrito","080618411221","Good Food Made Cheese & Veggies Breakfast Burrito","2.49","0.0","Market Basket","1 count","1 count","X4994.jpg","","19"
"4375","Meat & Seafood","Meat & Seafood Counter","Turkey Breast","Thin 'n Trim","Thin 'n Trim Honey Turkey Breast","","Thin 'n Trim Honey Turkey Breast","7.39","0.0","Market Basket","1 lb","1 lb","No Image.jpg","","22"
"14406","Breakfast & Dairy","Tea & Coffee","Coffee","Market Basket","Market Basket Cappuccino","","Market Basket Cappuccino","0.59","0.0","Market Basket","6 oz","6 oz","Market Basket.jpg","","8"
"6686","Beverages & Juices","Juices & Refrigerated Drinks","Refrigerated Drinks","Vita","Vita Coco Cafe Latte Mocha","","Vita Coco Cafe Latte Mocha","3.09","0.0","Market Basket","11.1 oz","11.1 oz","16555.jpg","","7"
"33379","Richardson's Farm Ice Cream","Ice Cream Toppings","Ice Cream Toppings","Mrs. Richardson's","Mrs Richardson's Hot fudge ","072980002404","Mrs Richardson's Hot fudge ","3.13","0.0","Market Basket","15.5 oz","15.5 oz","X5129.jpg","","20"
"3976","Fresh Produce","Fresh Vegetables","Speciality Produce","Market Basket","Giant Brand Parsnip","","Giant Brand Parsnip","2.86","0.0","Market Basket","1 lb","1 lb","14394.jpg","","20"
"6611","Beverages & Juices","Juices & Refrigerated Drinks","Refrigerated Drinks","Monster","Odwalla Blueberry Monster 100% Juice Smoothie","","Odwalla Blueberry Monster 100% Juice Smoothie","7.39","0.0","Market Basket","59 fl oz","59 fl oz","3791.jpg","","20"
"4274","Meat & Seafood","Packaged Meat & Seafood","Seaweed","Market Basket","Seaweed Wrap","","Seaweed Wrap","1.99","0.0","Market Basket","0.45 oz","0.45 oz","Market Basket.jpg","","22"
"34885","Frozen Food","Frozen Dinners & Entrees","Frozen Appetizers & Sides","Totino's","Totino's Pizza Rolls Cheese","042800109217","Totino's Pizza Rolls Cheese","4.99","0.0","Market Basket","24.8 oz","24.8 oz","X4804.jpg","","19"
"31969","Richardson's Farm Ice Cream","Cups, Cones & Bowls","Bowls","Joy ","Joy Enjoy-a Bowls ","072092612126","Joy Enjoy-a Bowls ","3.13","0.0","Market Basket","4 oz","4 oz","X5113.jpg","","20"
"6130","Beverages & Juices","Soft Drinks & Seltzers","Soft Drinks","Market Basket","Market Basket Club Soda","","Market Basket Club Soda","1.1","0.0","Market Basket","2 L","2 L","Market Basket.jpg","","17"
"30089","Frozen Food","Frozen Dinners & Entrees","Frozen Meal","Amy's ","Amy's Gluten Free Burrito Cheddar Cheese","042272003532","Amy's Gluten Free Burrito Cheddar Cheese","2.99","0.0","Market Basket","5.5 oz","5.5 oz","X4168.jpg","","18"
"88","Kitchen & Cleaning","Cleaning Products","All Purpose Cleaner","Febreze","Mr. Clean with Febreze Freshness Meadows & Rain Multi-Purpose Cleaner","","Mr. Clean with Febreze Freshness Meadows & Rain Multi-Purpose Cleaner","3.09","1.0","Market Basket","48 fl oz","48 fl oz","4274.jpg","","15"
"30189","Beverages & Juices","Tea, Coffee, Milk & Coconut Water","Tea","AriZona","AriZona Diet Blueberry Green Tea ","613008720568","AriZona Diet Blueberry Green Tea ","3.74","0.0","Market Basket","128 fl oz","128 fl oz","X3061.jpg","","10"
"30577","Cooking Needs","Baking & Cooking","Baking Ingredients","Bob's Red Mill","Bob's Red MIll Medium Grind Cornmeal Whole Grain Stone Ground ","039978053046","Bob's Red MIll Medium Grind Cornmeal Whole Grain Stone Ground ","3.36","0.0","Market Basket","24 oz","24 oz","X5285.jpg","","3"
"31289","Frozen Food","Frozen Dinners & Entrees","Frozen Appetizers & Sides","Farm Rich","Farm Rich Breaded Jalapeno Peppers filled with Cream Cheese","041322356536","Farm Rich Breaded Jalapeno Peppers filled with Cream Cheese","6.24","0.0","Market Basket","18 oz","18 oz","X4841.jpg","","19"
"9809","Frozen Food","Frozen Produce","Frozen Produce","Wyman's","Wyman's of Maine Of Maine Fresh Frozen Red Raspberries","","Wyman's of Maine Of Maine Fresh Frozen Red Raspberries","5.89","0.0","Market Basket","12 oz","12 oz","2492.jpg","","19"
"34143","Pasta & Sauces","Pasta Sauce","Pasta Sauce","Prego","Prego Italian Sauce Garden Chunky Combo","051000050441","Prego Italian Sauce Garden Chunky Combo","2.5","0.0","Market Basket","23.75 oz","23.75 oz","X1437.jpg","","4"
"6359","Beverages & Juices","Ginger Ale & Ginger Beer","Ginger Ale","Polar","Polar Premium Ginger Ale","","Polar Premium Ginger Ale","1.49","0.0","Market Basket","1 L","1 L","No Image.jpg","","11"
"4344","Meat & Seafood","Meat & Seafood Counter","Sausage","Market Basket","Market Basket Hot Italian Sausage","","Market Basket Hot Italian Sausage","3.87","0.0","Market Basket","Approx: 1.05 lb at $3.69/lb","Approx: 1.05 lb at $3.69/lb","Market Basket.jpg","","22"
"32223","Condiments & Dressings","Salad Dressings & Toppings","Salad Dressing & Toppings","Ken's Steak House","Ken's Steak House Great For Dipping Chunky Blue Cheese Dressing, Topping & Spread","041335332916","Ken's Steak House Great For Dipping Chunky Blue Cheese Dressing, Topping & Spread","4.36","0.0","Market Basket","24 fl oz","24 fl oz","X391.jpg","","2"
"6224","Beverages & Juices","Soft Drinks & Seltzers","Seltzer","Adirondack","Adirondack Original Seltzer","","Adirondack Original Seltzer","0.63","0.0","Market Basket","1 L","1 L","No Image.jpg","","11"
"3757","Fresh Produce","Fresh Herbs","Parsley","Market Basket","Curly Parsley Bunch","","Curly Parsley Bunch","1.48","0.0","Market Basket","1 bunch","1 bunch","14550.jpg","","20"
"6836","Cooking Needs","Baking & Cooking","Baking Ingredients","Fisher","Fisher Walnut Halves & Pieces","","Fisher Walnut Halves & Pieces","7.99","0.0","Market Basket","16 oz","16 oz","15695.jpg","","8"
"31129","Breakfast & Dairy","Breads & Rolls","Bread","Dave's Killer Bread","Dave's Killer Bread Organic Bread White Bread Done Right","013764027220","Dave's Killer Bread Organic Bread White Bread Done Right","9.99","0.0","Market Basket","24 oz","24 oz","X2439.jpg","","18"
"30054","Meat & Seafood","Packaged Meat & Seafood","Sausage","Alfresco ","Alfresco Rosted Paper & Asiago With Mesquite Smoke Chicken Sausage ","","Alfresco Rosted Paper & Asiago With Mesquite Smoke Chicken Sausage ","6.24","0.0","Market Basket","11 oz","11 oz","X4631.jpg","","1"
"30278","Pasta & Sauces","Raw Pasta","Raw Pasta","Banza","Banza Pasta Shells","857183005038","Banza Pasta Shells","4.36","0.0","Market Basket","8 oz","8 oz","X1554.jpg","","4"
"10486","Cooking Needs","Rice & Grains","Instant Rice","Goya","Goya Rice Jasmine","","Goya Rice Jasmine","2.99","0.0","Market Basket","12 oz","12 oz","5743.jpg","","7"
"9323","Frozen Food","Frozen Breakfast","Frozen Breakfast","Van's Natural Foods","Van's Gluten Free Apple Cinnamon Waffles","","Van's Gluten Free Apple Cinnamon Waffles","3.09","0.0","Market Basket","9 oz","9 oz","15806.jpg","","19"
"34418","Frozen Food","Frozen Pasta","Frozen Pasta","Rosetto","Rosetto Italian Style Ravioli With Sausage","041549003824","Rosetto Italian Style Ravioli With Sausage","4.36","0.0","Market Basket","25 oz","25 oz","X4311.jpg","","18"
"32171","Frozen Food","Frozen Breakfast","Frozen Waffles","Kellogg's ","Kellogg's Eggo Homestyle ","038000402609","Kellogg's Eggo Homestyle ","2.99","0.0","Market Basket","12.3 oz","12.3 oz","X5038.jpg","","19"
"4271","Meat & Seafood","Packaged Meat & Seafood","Salmon","Ruby Bay","Ruby Bay Salmon, Smoked, Sockeye","","Ruby Bay Salmon, Smoked, Sockeye","8.59","0.0","Market Basket","3 oz","3 oz","4131.jpg","","22"
"172","Kitchen & Cleaning","Cleaning Products","Other Cleaning Products","Pledge","Pledge Multi Surface Everyday Cleaner Lavender & Peach Blossom","","Pledge Multi Surface Everyday Cleaner Lavender & Peach Blossom","6.29","1.0","Market Basket","9.7 oz","9.7 oz","16835.jpg","","15"
"13497","Breakfast & Dairy","Dairy & Eggs","Milk","Market Basket","Market Basket Fat Free Organic Milk","","Market Basket Fat Free Organic Milk","4.36","0.0","Market Basket","0.5 gal","0.5 gal","Market Basket.jpg","","1"
"3694","Fresh Produce","Fresh Fruits","Other Special fruits","Market Basket","Nectarine","","Nectarine","1.48","0.0","Market Basket","1 count","1 count","14202.jpg","","20"
"5015","Chips, Cookies & Snacks","Chips & Fruit Snacks","Ready Popcorn","Utz","Utz Caramel Popcorn With Peanuts","","Utz Caramel Popcorn With Peanuts","3.91","0.0","Market Basket","7 oz","7 oz","No Image.jpg","","0"
"5922","Beverages & Juices","Tea, Coffee, Milk & Coconut Water","Single To-Go Coffee","Forto","Forto Coffee Shot Organic Chocolate Latte","","Forto Coffee Shot Organic Chocolate Latte","1.88","0.0","Market Basket","2 fl oz","2 fl oz","No Image.jpg","","17"
"5884","Beverages & Juices","Cocoa & Drink Mixes","Cocoa & Drink Mixes","Tang","Tang Orange Naranja Drink Mix","","Tang Orange Naranja Drink Mix","3.36","0.0","Market Basket","20 oz","20 oz","No Image.jpg","","17"
"3785","Fresh Produce","Fresh Organic Fruits","Orange","Market Basket","Organic Valencia Orange","","Organic Valencia Orange","4.24","0.0","Market Basket","1 count","1 count","14278.jpg","","20"
"31904","Breakfast & Dairy","Dairy & Eggs","Coffee Creamer","International Delight","Vanilla Cannoli creme Latte  INTERNATIONAL Delight","","Vanilla Cannoli creme Latte  INTERNATIONAL Delight","3.99","0.0","Market Basket","32 fl oz","32 fl oz","X372.jpg","","1"
"33971","Breakfast & Dairy","Breads & Rolls","Bread","Pepperidge Farm","Pepperidge Farm Light Style 100% Whole Wheat Bread","014100041931","Pepperidge Farm Light Style 100% Whole Wheat Bread","5.36","0.0","Market Basket","16 oz","16 oz","X2538.jpg","","18"
"5918","Beverages & Juices","Tea, Coffee, Milk & Coconut Water","Single To-Go Coffee","Peet's","Peet's Iced Espresso Vanilla Latte","","Peet's Iced Espresso Vanilla Latte","3.13","0.0","Market Basket","8 fl oz","8 fl oz","No Image.jpg","","17"
"4678","Meat & Seafood","Canned Meat & Seafood","Canned Sardines","Pastene","Pastene Sardines Boneless, Skinless In Olive Oil","","Pastene Sardines Boneless, Skinless In Olive Oil","3.09","0.0","Market Basket","4.38 oz","4.38 oz","17166.jpg","","2"
"3887","Fresh Produce","Fresh Vegetables","Mushroom","Market Basket","Mushrooms","","Mushrooms","6.99","0.0","Market Basket","24 oz","24 oz","FP113.jpg","","20"
"34256","Breakfast & Dairy","Granola & Oats","Oats","Quaker","Quaker Banana Nut Instant Oatmeal","030000315958","Quaker Banana Nut Instant Oatmeal","3.75","0.0","Market Basket","6 x 2.15 oz","6 x 2.15 oz","X3597.jpg","","5"
"4421","Meat & Seafood","Hot Dogs, Bacon & Sausage","Hot Dogs","Hebrew National","Hebrew National Bun Length Franks","","Hebrew National Bun Length Franks","4.89","0.0","Market Basket","12 oz","12 oz","4197.jpg","","1"
"150","Kitchen & Cleaning","Cleaning Products","Other Cleaning Products","Endust","Endust Multi-Surface Dusting Spray Lemon Zest","","Endust Multi-Surface Dusting Spray Lemon Zest","4.59","1.0","Market Basket","12.5 oz","12.5 oz","16756.jpg","","15"
"10115","Frozen Food","Ice Cream & Ice","Ice Cream & Ice","Kemps","Kemps Low Fat Chocolate Caramel Brownie Frozen Yogurt","","Kemps Low Fat Chocolate Caramel Brownie Frozen Yogurt","3.69","0.0","Market Basket","1.5 quart","1.5 quart","16132.jpg","","21"
"347","Kitchen & Cleaning","Food Storage & Kitchen Supplies","Storage Bags","Ziploc","Ziploc Slider Storage Bags Quart","","Ziploc Slider Storage Bags Quart","1.89","1.0","Market Basket","20 count","20 count","4389.jpg","","12"
"30879","Pasta & Sauces","Instant Pasta","Instant Pasta","Chef Boyardee","Chef Boyardee Mini Ravioli- Beef Ravioli in Pasta sauce","064144043064","Chef Boyardee Mini Ravioli- Beef Ravioli in Pasta sauce","1.25","0.0","Market Basket","15 oz","15 oz","X1247.jpg","","4"
"7863","Cooking Needs","Canned Food","Canned Meat & Seafood","King Oscar","King Oscar Wild Caught with Hot Jalapeno Peppers in Extra Virgin Olive Oil Sardines","","King Oscar Wild Caught with Hot Jalapeno Peppers in Extra Virgin Olive Oil Sardines","3.09","0.0","Market Basket","3.75 oz","3.75 oz","5234.jpg","","2"
"32594","Beverages & Juices","Tea, Coffee, Milk & Coconut Water","Tea","Lipton","Lipton Green Tea Citrus","012000012761","Lipton Green Tea Citrus","6.24","0.0","Market Basket","12 x 16.9 fl oz","12 x 16.9 fl oz","X3029.jpg","","10"
"30294","Breakfast & Dairy","Cereal","Cereal","Barbaras","Barbaras Orignal Puffins","070617206096","Barbaras Orignal Puffins","4.99","0.0","Market Basket","10 oz","10 oz","X3646.jpg","","5"
"31982","Condiments & Dressings","Marinades, Ketchup & Sauces","Sauces","Joyva","Joyva Sesame Tahini Creamy Puree Of Roasted Sesame Seeds ","041795000981","Joyva Sesame Tahini Creamy Puree Of Roasted Sesame Seeds ","3.74","0.0","Market Basket","32 oz","32 oz","X2139.jpg","","2"
"32971","Cooking Needs","Canned Food","Canned Tomatoes","Market Basket","Market Basket Select Diced Tomatoes in Tomato Juice No Salt Added","049705068212","Market Basket Select Diced Tomatoes in Tomato Juice No Salt Added","1.66","0.0","Market Basket","14.5 oz","14.5 oz","X1357.jpg","","4"
"10177","Frozen Food","Ice Cream & Ice","Ice Cream & Ice","Northstar","Northstar Pops, Lotta Cremes, Box","","Northstar Pops, Lotta Cremes, Box","3.69","0.0","Market Basket","20 x 1.75 fl oz","20 x 1.75 fl oz","16176.jpg","","21"
"30739","Cooking Needs","Canned Food","Baked Beans","Bush's","Bush's Best Since 1908 Onion Brown Sugar Hickory Baked Beans Good Source Of Fiber","","Bush's Best Since 1908 Onion Brown Sugar Hickory Baked Beans Good Source Of Fiber","3.0","0.0","Market Basket","28 oz","28 oz","X1834.jpg","","2"
"31024","Breakfast & Dairy","Breads & Rolls","Bread","Country Kitchen","Country Kitchen 100% Whole Wheat Bread","073402115603","Country Kitchen 100% Whole Wheat Bread","3.74","0.0","Market Basket","24 oz","24 oz","X2460.jpg","","18"
"9143","Frozen Food","Frozen Dinners & Entrees","Frozen Appetizers & Sides","Market Basket","Market Basket Diced Hash Browns","","Market Basket Diced Hash Browns","2.39","0.0","Market Basket","30 oz","30 oz","Market Basket.jpg","","18"
"408","Laundry & Paper Goods","Paper Goods","Bathroom Tissues / Toilet Paper","Market Basket","Market Basket Bathroom Tissue","","Market Basket Bathroom Tissue","14.99","1.0","Market Basket","20 count","20 count","Market Basket.jpg","","14"
"9355","Frozen Food","Frozen Dessert","Frozen Dessert","Oronoque Orchards","Oronoque Orchards Flaky Homestyle Pie Crusts 9"" Deep Dish","","Oronoque Orchards Flaky Homestyle Pie Crusts 9"" Deep Dish","3.69","0.0","Market Basket","2 x 16 oz","2 x 16 oz","16073.jpg","","19"
"5945","Beverages & Juices","Cocoa & Drink Mixes","Cocoa & Drink Mixes","Finest Call","Finest Call Premium Strawberry Puree Mix","","Finest Call Premium Strawberry Puree Mix","4.99","0.0","Market Basket","33.8 fl oz","33.8 fl oz","No Image.jpg","","17"
"10080","Frozen Food","Ice Cream & Ice","Ice Cream & Ice","Haagen-dazs","Haagen dazs Vanilla Ice Cream","","Haagen dazs Vanilla Ice Cream","1.29","0.0","Market Basket","3.6 fl oz","3.6 fl oz","3069.jpg","","21"
"13770","Breakfast & Dairy","Dairy & Eggs","Packaged Cheese","Market Basket","Market Basket Sliced American Cheese","","Market Basket Sliced American Cheese","8.59","0.0","Market Basket","3 lb","3 lb","Market Basket.jpg","","1"
"13891","Breakfast & Dairy","Dairy & Eggs","Soy & Lactose-Free","Market Basket","Market Basket Original Almondmilk","","Market Basket Original Almondmilk","2.09","0.0","Market Basket","32 fl oz","32 fl oz","Market Basket.jpg","","1"
"13620","Breakfast & Dairy","Dairy & Eggs","Packaged Cheese","Athenos","Athenos Crumbled Traditional Fat Free Feta Cheese","","Athenos Crumbled Traditional Fat Free Feta Cheese","3.09","0.0","Market Basket","5 oz","5 oz","14581.jpg","","1"
"8345","Condiments & Dressings","Fresh Dips & Tapenades","Fresh Dips & Tapenades","Wholly Guacamole","Wholly Guacamole Classic Guacamole","","Wholly Guacamole Classic Guacamole","2.49","0.0","Market Basket","8 oz","8 oz","5560.jpg","","0"
"9892","Frozen Food","Frozen Produce","Frozen Produce","Market Basket","Market Basket Whole Green Beans","","Market Basket Whole Green Beans","1.59","0.0","Market Basket","16 oz","16 oz","Market Basket.jpg","","19"
"35251","Richardson's Farm Ice Cream","Ice Cream","Cookie Dough","Richarson's Farm","Richarson's Farm Cookie Dough Ice Cream 16% Butterfat","","Vanilla ice cream with tons of raw cookie dough and chocolate chips","32.99","0.0","Richardson's Farm","3 Gal. Tub","3 Gal. Tub","RichardsonsFarm.jpg","",""
"5912","Beverages & Juices","Tea, Coffee, Milk & Coconut Water","Single To-Go Coffee","StarBucks","Starbucks Frappuccino French Vanilla Bottles 4 Pack","","Starbucks Frappuccino French Vanilla Bottles 4 Pack","6.24","0.0","Market Basket","4 x 9.5 fl oz","4 x 9.5 fl oz","No Image.jpg","","17"
"7529","Cooking Needs","Canned Food","Canned & Jarred Vegetables","Market Basket","Market Basket Small Early Peas","","Market Basket Small Early Peas","0.99","0.0","Market Basket","15 oz","15 oz","Market Basket.jpg","","9"
"389","Laundry & Paper Goods","Laundry","Laundry Detergent","all","all Detergent Free Clear","","all Detergent Free Clear","10.61","1.0","Market Basket","94.5 fl oz","94.5 fl oz","4548.jpg","","15"
"14474","Beverages & Juices","Tea, Coffee, Milk & Coconut Water","Coffee","StarBucks","Starbucks Cold Brew Black Unsweetened Coffee","","Starbucks Cold Brew Black Unsweetened Coffee","3.69","0.0","Market Basket","11 fl oz","11 fl oz","3307.jpg","","17"
"32045","Breakfast & Dairy","Cereal","Cereal","Kashi","Kashi Chocolate Super Loops","018627111542","Kashi Chocolate Super Loops","3.75","0.0","Market Basket","9.5 oz","9.5 oz","X3719.jpg","","5"
"30811","Beverages & Juices","Juices & Refrigerated Drinks","Juice & Nectars","Caprisun ","Caprisun Fruit Punch","087684001073","Caprisun Fruit Punch","3.13","0.0","Market Basket","10 x 6 fl oz","10 x 6 fl oz","X3097.jpg","","10"
"31611","Frozen Food","Frozen Produce","Frozen Produce","Goya","Goya Tamales de Elote Sweet Corn Tamales","041331092685","Goya Tamales de Elote Sweet Corn Tamales","6.24","0.0","Market Basket","30 oz","30 oz","X4445.jpg","","18"
"31796","Cooking Needs","Canned Food","Baked Beans","Hormel","Hormel Chili Chunky Beef Chili With Beans No Artificals Ingredients","","Hormel Chili Chunky Beef Chili With Beans No Artificals Ingredients","2.88","0.0","Market Basket","15 oz","15 oz","X1847.jpg","","2"
"6771","Breakfast & Dairy","Bars & Pastries","Breakfast Bars","Special K","Special K 90 Calories Blueberry Cereal Bars","","Special K 90 Calories Blueberry Cereal Bars","3.09","0.0","Market Basket","6 ct","6 ct","17670.jpg","","5"
"31331","Cooking Needs","Oils & Vinegars","Oils & Vinegars","Filippo Berio","Filippo Berio Since 1867 Olive Oil For Sauteing & Grilling FilippoBerio ","041736030138","Filippo Berio Since 1867 Olive Oil For Sauteing & Grilling FilippoBerio ","8.74","0.0","Market Basket","50.7 fl oz","50.7 fl oz","X1982.jpg","","2"
"33911","Cooking Needs","Oils & Vinegars","Oils & Vinegars","Pastene","Pastene Balsamic Vinegar Of Modena igp","","Pastene Balsamic Vinegar Of Modena igp","3.36","0.0","Market Basket","16.9 fl oz","16.9 fl oz","X1783.jpg","","2"
"6389","Beverages & Juices","Water","Sparkling Water","Polar","Polar Toasted Coconut Sparkling Water","","Polar Toasted Coconut Sparkling Water","1.24","0.0","Market Basket","1 L","1 L","No Image.jpg","","11"
"31933","Meat & Seafood","Packaged Meat & Seafood","Sausage","Jimmy Dean ","Jimmy Dean Sausage Real Eggs Sausage Real Eggs Sausage & Cheddar Cheese ","","Jimmy Dean Sausage Real Eggs Sausage Real Eggs Sausage & Cheddar Cheese ","3.13","0.0","Market Basket","5.35 oz","5.35 oz","X4471.jpg","","1"
"5903","Beverages & Juices","Tea, Coffee, Milk & Coconut Water","Single To-Go Coffee","StarBucks","Starbucks Frappuccino Brown Butter Caramel","","Starbucks Frappuccino Brown Butter Caramel","3.36","0.0","Market Basket","13.7 fl oz","13.7 fl oz","No Image.jpg","","17"
"32466","Beverages & Juices","Juices & Refrigerated Drinks","Juice & Nectars","Langers","Langers Cranberry Plus 100% Juice","041755008002","Langers Cranberry Plus 100% Juice","3.74","0.0","Market Basket","64 fl oz","64 fl oz","X2797.jpg","","10"
"526","Laundry & Paper Goods","Laundry","Laundry Detergent","Arm & Hammer","Arm & Hammer Sensitive Skin fresh & Clear 50 Loads Laundry Detergent","","Arm & Hammer Sensitive Skin fresh & Clear 50 Loads Laundry Detergent","6.24","1.0","Market Basket","75 fl oz","75 fl oz","No Image.jpg","","15"
"5679","Chips, Cookies & Snacks","Candy & Chocolates","Mint & Gum","Trident","Trident White Sugar Free Gum, Peppermint Flavor","","Trident White Sugar Free Gum, Peppermint Flavor","3.12","0.0","Market Basket","3 ct","3 ct","1481.jpg","","3"
"13476","Breakfast & Dairy","Dairy & Eggs","Milk","Hood","Hood Fat Free Milk","","Hood Fat Free Milk","5.36","0.0","Market Basket","1 gal","1 gal","No Image.jpg","","1"
"33504","Breakfast & Dairy","Bars & Pastries","Granola Bars","Nature's Path","Nature's Path Orignal Sunrise Breakfast Blueberry & Chia Biscuits Organic Granola Bars","059449160021","Nature's Path Orignal Sunrise Breakfast Blueberry & Chia Biscuits Organic Granola Bars","4.99","0.0","Market Basket","7 oz","7 oz","X3901.jpg","","5"
"8447","Condiments & Dressings","Marinades, Ketchup & Sauces","Marinades & Meat Preparation","McCormick","McCormick Cheesy Taco Seasoning Mix","","McCormick Cheesy Taco Seasoning Mix","0.89","0.0","Market Basket","1.12 oz","1.12 oz","1970.jpg","","9"
"14933","Personal Care","First Aid & Healthcare","Cold, Flu & Allergy","Vicks","Vicks V NyQuil NyQuil Cough, Cold & Flu Nighttime Relief 16 LiquiCaps","","Vicks V NyQuil NyQuil Cough, Cold & Flu Nighttime Relief 16 LiquiCaps","8.5","1.0","Market Basket","16 count","16 count","17846.jpg","","13"
"9068","Condiments & Dressings","Preserved Dips & Spreads","Spreads","Teddie","Teddie All Natural Smooth Peanut Butter Unsalted","","Teddie All Natural Smooth Peanut Butter Unsalted","3.69","0.0","Market Basket","16 oz","16 oz","1666.jpg","","3"
"15258","Personal Care","Personal Needs","Oral Hygiene","Sensodyne","Sensodyne Toothpaste","","Sensodyne Toothpaste","7.0","1.0","Market Basket","3.4 oz","3.4 oz","17767.jpg","","13"
"33739","Meat & Seafood","Packaged Meat & Seafood","Bacon","Oscar Mayer","Oscar Mayer Naturally Hardwood Smoked Thick Cut Bacon","","Oscar Mayer Naturally Hardwood Smoked Thick Cut Bacon","8.74","0.0","Market Basket","16 oz","16 oz","X4450.jpg","","1"
"6012","Beverages & Juices","Energy & Sports Drinks","Energy & Sports Drinks","Mountain Dew","Mountain Dew Kickstart Energizing Orange Citrus Soda","","Mountain Dew Kickstart Energizing Orange Citrus Soda","2.49","0.0","Market Basket","16 fl oz","16 fl oz","3785.jpg","","17"
"32703","Condiments & Dressings","Honey, Syrup & Nectars","Syrup","Maple Grove Farms","Maple Grove Farms Blueberry Syrup","074683003023","Maple Grove Farms Blueberry Syrup","3.99","0.0","Market Basket","8.5 fl oz","8.5 fl oz","X3194.jpg","","2"
"34780","Condiments & Dressings","Marinades, Ketchup & Sauces","Sauces","Tabasco ","Tabasco Mc ILHENNY Co Tabasco Brand Pepper Sauce ","011210000032","Tabasco Mc ILHENNY Co Tabasco Brand Pepper Sauce ","3.13","0.0","Market Basket","5 fl oz","5 fl oz","X2116.jpg","","2"
"5689","Chips, Cookies & Snacks","Nuts, Seeds & Dried Fruit","Trail Mix & Snack Mix","Market Basket","Market Basket Fruit Nut Mix, Chocolate","","Market Basket Fruit Nut Mix, Chocolate","7.39","0.0","Market Basket","1 ct","1 ct","Market Basket.jpg","","21"
"32110","Breakfast & Dairy","Cereal","Cereal","Kellogg's ","Kellogg's Spcieal K Vanilla & Almond","038000200786","Kellogg's Spcieal K Vanilla & Almond","3.75","0.0","Market Basket","12.9 oz","12.9 oz","X3352.jpg","","5"
"12712","Breakfast & Dairy","Breads & Rolls","Bread","Market Basket","Market Basket Corn Bread Mini Loaves","","Market Basket Corn Bread Mini Loaves","3.69","0.0","Market Basket","1.5 lb","1.5 lb","Market Basket.jpg","","22"
"7915","Cooking Needs","Canned Food","Soup, Broth & Bouillon","Better Than Bouillon","Reduced Sodium Beef Base","","Reduced Sodium Beef Base","4.89","0.0","Market Basket","8 oz","8 oz","17193.jpg","","2"
"3951","Fresh Produce","Fresh Vegetables","Potato","Market Basket","Creamer Potato Bag","","Creamer Potato Bag","4.24","0.0","Market Basket","5 lb bag","5 lb bag","14415.jpg","","20"
"8413","Condiments & Dressings","Marinades, Ketchup & Sauces","Marinades & Meat Preparation","Heinz","Heinz HomeStyle Roasted Turkey Gravy","","Heinz HomeStyle Roasted Turkey Gravy","1.59","0.0","Market Basket","12 oz","12 oz","1959.jpg","","9"
"7750","Cooking Needs","Canned Food","Canned Meals & Beans","Goya","Goya Low Sodium Black Beans","","Goya Low Sodium Black Beans","1.09","0.0","Market Basket","15.5 oz","15.5 oz","5096.jpg","","7"
"30807","Beverages & Juices","Juices & Refrigerated Drinks","Juice & Nectars","Caprisun ","Caprisun Roarin Waters Tropical Tide","087684001127","Caprisun Roarin Waters Tropical Tide","3.13","0.0","Market Basket","10 x 6 fl oz","10 x 6 fl oz","X3093.jpg","","10"
"35111","Breakfast & Dairy","Breads & Rolls","Bread","When Pig's Fly","When Pig's Fly New York Rye Bread","793617000203","When Pig's Fly New York Rye Bread","6.24","0.0","Market Basket","20 oz","20 oz","X2563.jpg","","18"
"6756","Chips, Cookies & Snacks","Cookies & Crackers","Biscuits","Nabisco","Nabisco Belvita Soft Baked Mixed Berry Breakfast Biscuits","","Nabisco Belvita Soft Baked Mixed Berry Breakfast Biscuits","3.69","0.0","Market Basket","5 ct","5 ct","17661.jpg","","6"
"34805","Frozen Food","Frozen Dinners & Entrees","Frozen Appetizers & Sides","TGI Fridays","TGI Fridays Loaded Potato Skins Cheddar and Bacon","046704068472","TGI Fridays Loaded Potato Skins Cheddar and Bacon","8.74","0.0","Market Basket","22.3 oz","22.3 oz","X4835.jpg","","19"
"34856","Frozen Food","Frozen Pizza","Frozen Pizza","Three Bakers","Three Bakers Classic Cheese ","817350010197","Three Bakers Classic Cheese ","6.24","0.0","Market Basket","9 oz","9 oz","X4872.jpg","","19"
"8028","Cooking Needs","Canned Food","Soup, Broth & Bouillon","Knorr","Knorr Recipe Mix French Onion","","Knorr Recipe Mix French Onion","2.49","0.0","Market Basket","1.4 oz","1.4 oz","18095.jpg","","2"
"32169","Frozen Food","Frozen Breakfast","Frozen Waffles","Kellogg's ","Kellogg's Eggo Strawberry ","038000103408","Kellogg's Eggo Strawberry ","2.99","0.0","Market Basket","12.30 oz","12.30 oz","X5036.jpg","","19"
"8282","Condiments & Dressings","Fresh Dips & Tapenades","Hommus","Cedar","Cedar Hommus Classic Original","","Cedar Hommus Classic Original","4.89","0.0","Market Basket","20 oz","20 oz","5509.jpg","","1"
"3963","Fresh Produce","Fresh Vegetables","Red Potato","Market Basket","Baby Red Potatoes","","Baby Red Potatoes","4.24","0.0","Market Basket","3 lb","3 lb","FP68.jpg","","20"
"4371","Meat & Seafood","Meat & Seafood Counter","Tuna","Market Basket","Spicy Tuna Roll","","Spicy Tuna Roll","7.79","0.0","Market Basket","1 lb","1 lb","Market Basket.jpg","","22"
"3444","Fresh Produce","Fresh Fruits","Clementine","Market Basket","Cutie Clementines","","Cutie Clementines","7.14","0.0","Market Basket","3 lb","3 lb","No Image.jpg","","20"
"420","Kitchen & Cleaning","Trash Bags & Liners","Large Trash Bags","Glad","Glad Dual Defense Drawstring Large Trash Bags","","Glad Dual Defense Drawstring Large Trash Bags","8.59","1.0","Market Basket","30 gal","30 gal","4671.jpg","","12"
"35117","Condiments & Dressings","Pickled Goods & Olives","Relish","Wickles","Wickles Original Relish ","635617000022","Wickles Original Relish ","3.74","0.0","Market Basket","19.25 oz","19.25 oz","X2214.jpg","","2"
"5386","Chips, Cookies & Snacks","Cookies & Crackers","Crackers","Real Food","Real Food Butternet Squash Crackers Sea Salt","","Real Food Butternet Squash Crackers Sea Salt","4.69","0.0","Market Basket","4 oz","4 oz","No Image.jpg","","6"
"4165","Meat & Seafood","Meat & Seafood Counter","Lamb","Market Basket","Semi Boneless Lamb Leg","","Semi Boneless Lamb Leg","7.39","0.0","Market Basket","1 lb","1 lb","Market Basket.jpg","","22"
"33797","Frozen Food","Frozen Dinners & Entrees","Frozen Appetizers & Sides","Pagoda","Pagoda Vegetable Egg Rolls","072180677754","Pagoda Vegetable Egg Rolls","6.86","0.0","Market Basket","22 oz","22 oz","X3965.jpg","","18"
"3848","Fresh Produce","Fresh Vegetables","French Beans","Market Basket","French Green Beans","","French Green Beans","2.86","0.0","Market Basket","1 lb","1 lb","14319.jpg","","20"
"5302","Chips, Cookies & Snacks","Cookies & Crackers","Crackers","Pepperidge Farm","Pepperidge Farm Cracker Tro","","Pepperidge Farm Cracker Tro","3.91","0.0","Market Basket","10 oz","10 oz","No Image.jpg","","6"
"4972","Chips, Cookies & Snacks","Chips & Fruit Snacks","Chips & Pretzels","Tostitos","Tostitos Original Restaurant Style Tortilla Chips Party Size","","Tostitos Original Restaurant Style Tortilla Chips Party Size","6.23","0.0","Market Basket","18 oz","18 oz","967.jpg","","0"
"33719","Breakfast & Dairy","Dairy & Eggs","Yogurt","Organic Baby Food","Organic Baby Food Once upon a Farm Cold-Pressed Mama Bear Blueberry ","","Organic Baby Food Once upon a Farm Cold-Pressed Mama Bear Blueberry ","2.86","0.0","Market Basket","3.2 oz","3.2 oz","X701.jpg","","1"
"30608","Beverages & Juices","Energy & Sports Drinks","Energy & Sports Drinks","Body Armor","Body Armor Super Drink Orange Mango","858176002058","Body Armor Super Drink Orange Mango","1.88","0.0","Market Basket","16 fl oz","16 fl oz","X2756.jpg","","10"
"30746","Condiments & Dressings","Marinades, Ketchup & Sauces","Sauce","Butcher Block Sauces","Butcher Block Sauces Rib Sauce","099847000014","Butcher Block Sauces Rib Sauce","3.99","0.0","Market Basket","21 oz","21 oz","X3208.jpg","","2"
"32162","Frozen Food","Frozen Breakfast","Frozen Waffles","Kellogg's ","Kellogg's Birthday Cake Waffles ","038000239403","Kellogg's Birthday Cake Waffles ","3.74","0.0","Market Basket","11.6 oz","11.6 oz","X5029.jpg","","19"
"452","Kitchen & Cleaning","Trash Bags & Liners","Tall Trash Bags","Market Basket","Market Basket Grip N Tie Tall Kitchen Bags","","Market Basket Grip N Tie Tall Kitchen Bags","1.89","1.0","Market Basket","15 count","15 count","Market Basket.jpg","","12"
"30088","Frozen Food","Frozen Dinners & Entrees","Frozen Meal","Amy's ","Amy's Burrito Cheddar Cheese","042272000715","Amy's Burrito Cheddar Cheese","2.99","0.0","Market Basket","6 oz","6 oz","X4167.jpg","","18"
"14902","Personal Care","Feminine Care","Pantiliner","Market Basket","Market Basket Sensitive Pantiliners Unscented Regular","","Market Basket Sensitive Pantiliners Unscented Regular","1.48","1.0","Market Basket","22 count","22 count","Market Basket.jpg","","13"
"33025","Pasta & Sauces","Raw Pasta","Raw Pasta","Market Basket","Market Basket Pasta Mini Wheels","049795310939","Market Basket Pasta Mini Wheels","1.25","0.0","Market Basket","16 oz","16 oz","X1680.jpg","","4"
"34866","Frozen Food","Frozen Breakfast","Frozen Burrito","Tina's","Tina's Red Hot Beef Burrito","079606010157","Tina's Red Hot Beef Burrito","0.5","0.0","Market Basket","4 oz","4 oz","X4827.jpg","","19"
"10016","Frozen Food","Ice Cream & Ice","Ice Cream & Ice","Edy's/dreyer's","Edy's/Dreyer's Rocky Road Ice Cream","","Edy's/Dreyer's Rocky Road Ice Cream","3.69","0.0","Market Basket","1.5 quart","1.5 quart","3017.jpg","","21"
"13339","Breakfast & Dairy","Dairy & Eggs","Cream","Daisy","Daisy Sour Cream Pure & Natural","","Daisy Sour Cream Pure & Natural","2.49","0.0","Market Basket","14 oz","14 oz","14747.jpg","","1"
"34717","Condiments & Dressings","Marinades, Ketchup & Sauces","Sauce","Sun Luck","Sun Luck Oyster Sauce All Natural","076132090066","Sun Luck Oyster Sauce All Natural","3.74","0.0","Market Basket","9 oz","9 oz","X5347.jpg","","3"
"30927","Breakfast & Dairy","Dairy & Eggs","Yogurt","Chobani","Chobani Greek Yogurt Blueberry On The Bottom 4 Value Pack ","","Chobani Greek Yogurt Blueberry On The Bottom 4 Value Pack ","4.36","0.0","Market Basket","4 x 5.3 oz","4 x 5.3 oz","X134.jpg","","1"
"15067","Personal Care","Personal Needs","Eye & Ear Care","Bausch & Lomb","Bausch & Lomb Genuine Sensitive Eyes Rewetting Drops","","Bausch & Lomb Genuine Sensitive Eyes Rewetting Drops","9.88","1.0","Market Basket","1 fl oz","1 fl oz","6480.jpg","","13"
"30009","Breakfast & Dairy","Dairy & Eggs","Yogurt","Activia ","Activia Vanilla Lowfat Yogurt 1.5% Milkfat Vitamin D ","","Activia Vanilla Lowfat Yogurt 1.5% Milkfat Vitamin D ","3.13","0.0","Market Basket","4 x 4 oz","4 x 4 oz","X6.jpg","","1"
"7947","Cooking Needs","Canned Food","Soup, Broth & Bouillon","Campbell's","Campbell's Condensed Campbell's Condensed Chicken with Rice Soup","","Campbell's Condensed Campbell's Condensed Chicken with Rice Soup","2.09","0.0","Market Basket","10.5 oz","10.5 oz","5303.jpg","","9"
"30419","Meat & Seafood","Packaged Meat & Seafood","Sausage","Beyond Meat ","Beyond Sausage Plant-Based Links Hot Italian ","","Beyond Sausage Plant-Based Links Hot Italian ","8.74","0.0","Market Basket","14 oz","14 oz","X4716.jpg","","1"
"14819","Personal Care","Body Wash, Soap & Hair Care","Hair Care","White Rain","White Rain Lavender Escape Moisturizing Conditioner","","White Rain Lavender Escape Moisturizing Conditioner","1.48","1.0","Market Basket","15 fl oz","15 fl oz","6606.jpg","","13"
"12955","Breakfast & Dairy","Breads & Rolls","Tortillas & Flat Bread","CHI-CHI'S","Chi chi's Chips & Tortillas Flour & Corn Enchilada Style Tortillas","","Chi chi's Chips & Tortillas Flour & Corn Enchilada Style Tortillas","2.49","0.0","Market Basket","16 oz","16 oz","17029.jpg","","18"
"15132","Personal Care","Personal Needs","Hand Wash","Jergens","Jergens Extra Moisturizing Cherry-Almond Hand Wash","","Jergens Extra Moisturizing Cherry-Almond Hand Wash","1.71","1.0","Market Basket","7.5 fl oz","7.5 fl oz","17714.jpg","","13"
"33196","Frozen Food","Frozen Breakfast","Frozen Waffles","Market Basket ","Market Basket Homestyle Waffles ","049705711484","Market Basket Homestyle Waffles ","1.99","0.0","Market Basket","10.93 oz","10.93 oz","X5047.jpg","","19"
"30803","Beverages & Juices","Juices & Refrigerated Drinks","Juice & Nectars","Caprisun ","Caprisun Roarin Waters Fruit Punch Wave","087684002872","Caprisun Roarin Waters Fruit Punch Wave","3.13","0.0","Market Basket","10 x 6 fl oz","10 x 6 fl oz","X3089.jpg","","10"
"14724","Personal Care","Body Wash, Soap & Hair Care","Hair Care","Dove","Dove Conditioner Daily Moisture","","Dove Conditioner Daily Moisture","4.93","1.0","Market Basket","20.4 oz","20.4 oz","17839.jpg","","13"
"32340","Condiments & Dressings","Marinades, Ketchup & Sauces","Sauce","Kitchens Of India","Kitchens Of India Pindi Chana ","841905010813","Kitchens Of India Pindi Chana ","3.74","0.0","Market Basket","10 oz","10 oz","X5345.jpg","","3"
"30273","Meat & Seafood","Packaged Meat & Seafood","Sausage","Banquet","Banquet Brown'N Serve Turkey 10 Fully Cooked Sausage Links","","Banquet Brown'N Serve Turkey 10 Fully Cooked Sausage Links","1.88","0.0","Market Basket","6.4 oz","6.4 oz","X4749.jpg","","1"
"33305","Frozen Food","Frozen Fruit & Juice","Frozen Juice","Minute Maid","Minute Maid Lemon Juice","025000025549","Minute Maid Lemon Juice","2.74","0.0","Market Basket","7.5 oz","7.5 oz","X5106.jpg","","19"
"32180","Breakfast & Dairy","Bars & Pastries","Breakfast Bars","Kellogg's ","Kellogg's Rice Krispies Treat Snap Crackle Poppets Cookies n' Cream","038000228193","Kellogg's Rice Krispies Treat Snap Crackle Poppets Cookies n' Cream","3.75","0.0","Market Basket","5 x 1 oz","5 x 1 oz","X3535.jpg","","5"
"5061","Chips, Cookies & Snacks","Cookies & Crackers","Cookies & Cakes","Keebler","Keebler Sandies Cookies Pecan Shortbread","","Keebler Sandies Cookies Pecan Shortbread","3.91","0.0","Market Basket","11.3 oz","11.3 oz","1106.jpg","","6"
"6095","Beverages & Juices","Soft Drinks & Seltzers","Soft Drinks","Coca-Cola","Coca Cola Zero Sugar Can","","Coca Cola Zero Sugar Can","4.16","0.0","Market Basket","6 x 12 fl oz","6 x 12 fl oz","No Image.jpg","","17"
"14615","Beverages & Juices","Tea, Coffee, Milk & Coconut Water","Tea","Sun","AriZona Sun Brewed Style Iced Tea with Lemon Flavor, Cans","","AriZona Sun Brewed Style Iced Tea with Lemon Flavor, Cans","4.09","0.0","Market Basket","12 x 11.5 fl oz","12 x 11.5 fl oz","3462.jpg","","10"
"13323","Breakfast & Dairy","Dairy & Eggs","Cream","Coffee Dream","Coffee Dream French Vanilla Coffee Creamer","","Coffee Dream French Vanilla Coffee Creamer","3.09","0.0","Market Basket","32 fl oz","32 fl oz","Market Basket.jpg","","1"
"5976","Beverages & Juices","Cocoa & Drink Mixes","Cocoa & Drink Mixes","Master of Mixes","Master of Mixes Handcrafted Sweet 'N Sour Mixer","","Master of Mixes Handcrafted Sweet 'N Sour Mixer","4.99","0.0","Market Basket","33.8 fl oz","33.8 fl oz","No Image.jpg","","17"
"30058","Condiments & Dressings","Marinades, Ketchup & Sauces","Marinades & Meat Preparation","Allegro","Allegro Organial Marinade The Marinate Everything Marinade","074964001007","Allegro Organial Marinade The Marinate Everything Marinade","6.24","0.0","Market Basket","12 oz","12 oz","X2023.jpg","","2"
"34986","Frozen Food","Frozen Dinners & Entrees","Frozen Appetizers & Sides","Van De Kamp's","Van De Kamp's Crispy Haddock Fillets","019600920083","Van De Kamp's Crispy Haddock Fillets","4.86","0.0","Market Basket","11 oz","11 oz","X4393.jpg","","18"
"34542","Richardson's Farm Ice Cream","Ice Cream Toppings","Ice Cream Toppings","Smucker's","Smucker's Strawberry Topping ","051500000267","Smucker's Strawberry Topping ","2.5","0.0","Market Basket","12.75 oz","12.75 oz","X5133.jpg","","20"
"7834","Cooking Needs","Canned Food","Canned Meat & Seafood","Chicken of the Sea","Chicken of the Sea Chunk White in Water To Go Tuna Cups","","Chicken of the Sea Chunk White in Water To Go Tuna Cups","3.69","0.0","Market Basket","2 x 2.8 oz","2 x 2.8 oz","5214.jpg","","2"
"406","Laundry & Paper Goods","Paper Goods","Bathroom Tissues / Toilet Paper","Market Basket","Market Basket Bath Tissue","","Market Basket Bath Tissue","3.13","1.0","Market Basket","4 count","4 count","Market Basket.jpg","","14"
"6488","Chips, Cookies & Snacks","Nuts, Seeds & Dried Fruit","Nuts, Seeds & Dried Fruit","Emerald","Emerald Dry Roasted Almonds","","Emerald Dry Roasted Almonds","3.75","0.0","Market Basket","4.34 oz","4.34 oz","No Image.jpg","","6"
"5345","Chips, Cookies & Snacks","Cookies & Crackers","Cookies & Cakes","belVita","belVita Chocolate Breakfast Biscuits","","belVita Chocolate Breakfast Biscuits","4.69","0.0","Market Basket","8.8 oz","8.8 oz","No Image.jpg","","6"
"15204","Personal Care","Personal Needs","Oral Hygiene","Gum","GUM Crayola Flashing Light Soft Toothbrush","","GUM Crayola Flashing Light Soft Toothbrush","4.24","1.0","Market Basket","1 count","1 count","6443.jpg","","13"
"30941","Breakfast & Dairy","Dairy & Eggs","Yogurt","Chobani","Chobani Greek Yogurt Whole Milk Plain ","","Chobani Greek Yogurt Whole Milk Plain ","6.24","0.0","Market Basket","32 oz","32 oz","X148.jpg","","1"
"4027","Fresh Produce","Fresh Vegetables","Tomato","Cherubs","Cherubs Heavenly Salad Tomatoes","","Cherubs Heavenly Salad Tomatoes","3.99","0.0","Market Basket","10 oz","10 oz","14299.jpg","","20"
"30348","Condiments & Dressings","Preserved Dips & Spreads","Spreads","Barney","Barney Butter Almond Butter Crunchy ","","Barney Butter Almond Butter Crunchy ","8.74","0.0","Market Basket","10 oz","10 oz","X34.jpg","","3"
"33241","Cooking Needs","Oils & Vinegars","Oils & Vinegars","Marukan ","Marukan Organic  Rice Vinegar ","070641064129","Marukan Organic  Rice Vinegar ","4.99","0.0","Market Basket","12 fl oz","12 fl oz","X5326.jpg","","3"
"34305","Pasta & Sauces","Pasta Sauce","Pasta Sauce","Ragu","Ragu Tomato, Garlic and Onion Naturally Flavoured Chunky Sauce","036200014943","Ragu Tomato, Garlic and Onion Naturally Flavoured Chunky Sauce","3.74","0.0","Market Basket","45 oz","45 oz","X1456.jpg","","4"
"8092","Cooking Needs","Canned Food","Soup, Broth & Bouillon","Pacific","Pacific Organic Unsalted Chicken Bone Broth","","Pacific Organic Unsalted Chicken Bone Broth","5.89","0.0","Market Basket","32 oz","32 oz","5354.jpg","","2"
"31083","Breakfast & Dairy","Dairy & Eggs","Yogurt","Dannon","Dannon First on the Bottom Strawberry 4 Pack","","Dannon First on the Bottom Strawberry 4 Pack","2.11","0.0","Market Basket","5.3 oz","5.3 oz","X185.jpg","","1"
"31278","Breakfast & Dairy","Cereal","Muesli Cereal","Familia","Familia Swiss Muesli Orignal Recipie","813730010030","Familia Swiss Muesli Orignal Recipie","4.99","0.0","Market Basket","12 oz","12 oz","X3681.jpg","","5"
"14575","Breakfast & Dairy","Tea & Coffee","Tea","Lipton","Lipton Tea Bags Black Tea","","Lipton Tea Bags Black Tea","2.49","0.0","Market Basket","20 count","20 count","3490.jpg","","8"
"8606","Condiments & Dressings","Pickled Goods & Olives","Pickled Goods & Olives","Essential Everyday","Essential Everyday Pimento Stuffed Manzanilla Olives","","Essential Everyday Pimento Stuffed Manzanilla Olives","2.19","0.0","Market Basket","5.75 oz","5.75 oz","15538.jpg","","2"
"5469","Chips, Cookies & Snacks","Candy & Chocolates","Candy & Chocolate","Hershey's","Hershey's Special Dark Mildly Sweet Chocolate Bar XL","","Hershey's Special Dark Mildly Sweet Chocolate Bar XL","1.89","0.0","Market Basket","4.25 oz","4.25 oz","990.jpg","","3"
"12964","Breakfast & Dairy","Breads & Rolls","Tortillas & Flat Bread","Joseph's","Joseph's Flax, Oat Bran & Whole Wheat Flour Tortillas","","Joseph's Flax, Oat Bran & Whole Wheat Flour Tortillas","3.09","0.0","Market Basket","6 x 9 oz","6 x 9 oz","4796.jpg","","7"
"31615","Condiments & Dressings","Pickled Goods & Olives","Relish","Grandmother's ","Grandmother's Hot Pepper Relish ","041115143046","Grandmother's Hot Pepper Relish ","3.11","0.0","Market Basket","12 fl oz","12 fl oz","X2209.jpg","","2"
"6030","Beverages & Juices","Energy & Sports Drinks","Energy & Sports Drinks","Red Bull","Red Bull Peach Edition - Peach Nectarine","","Red Bull Peach Edition - Peach Nectarine","3.13","0.0","Market Basket","12 fl oz","12 fl oz","No Image.jpg","","17"
"626","Laundry & Paper Goods","Paper Goods","Wipes","Scotties","Scotties Pocket Pack Ultra Plush","","Scotties Pocket Pack Ultra Plush","0.25","1.0","Market Basket","10 count","10 count","No Image.jpg","","14"
"35294","Richardson's Farm Ice Cream","Ice Cream","Green Tea","Richarson's Farm","Richarson's Farm Green Tean Ice Cream 16% Butterfat","","Made with Real green tea","32.99","0.0","Richardson's Farm","3 Gal. Tub","3 Gal. Tub","RichardsonsFarm.jpg","",""
"10120","Frozen Food","Ice Cream & Ice","Ice Cream & Ice","Klondike","Klondike Ice Cream & Frozen Dessert Bars Vanilla","","Klondike Ice Cream & Frozen Dessert Bars Vanilla","4.09","0.0","Market Basket","6 x 4.5 fl oz","6 x 4.5 fl oz","17987.jpg","","21"
"34814","Condiments & Dressings","Marinades, Ketchup & Sauces","Sauce","Thai Kitchen ","Thai Kitchen Premium Fish Sauce ","737628001002","Thai Kitchen Premium Fish Sauce ","3.74","0.0","Market Basket","6.76 fl oz","6.76 fl oz","X5380.jpg","","3"
"33654","Beverages & Juices","Juices & Refrigerated Drinks","Juice & Nectars","Ocean Spray","Ocean Spray Original Cranberry Juice Cocktail","031200200075","Ocean Spray Original Cranberry Juice Cocktail","3.74","0.0","Market Basket","64 fl oz","64 fl oz","X2820.jpg","","10"
"5980","Beverages & Juices","Cocoa & Drink Mixes","Cocoa & Drink Mixes","Master of Mixes","Master of Mixes Simple Syrup","","Master of Mixes Simple Syrup","3.74","0.0","Market Basket","375 ml","375 ml","No Image.jpg","","17"
"13443","Breakfast & Dairy","Dairy & Eggs","Eggs","Pete And Gerry's","Pete And Gerry's Organic Eggs Large Grade A Eggs","","Pete And Gerry's Organic Eggs Large Grade A Eggs","3.69","0.0","Market Basket","6 count","6 count","616.jpg","","1"
"6540","Chips, Cookies & Snacks","Nuts, Seeds & Dried Fruit","Nuts, Seeds & Dried Fruit","Market Basket","Market Basket Sweetened Dried Cranberries","","Market Basket Sweetened Dried Cranberries","2.24","0.0","Market Basket","5 oz","5 oz","Market Basket.jpg","","6"
"6914","Cooking Needs","Baking & Cooking","Baking Ingredients","Splenda","Splenda No Calorie Sweetener Individual Packets","","Splenda No Calorie Sweetener Individual Packets","4.29","0.0","Market Basket","50 count","50 count","15680.jpg","","8"
"5955","Beverages & Juices","Cocoa & Drink Mixes","Cocoa & Drink Mixes","Mr & Mrs T","Mr & Mrs T Fiery Pepper Bloody Mary Mix","","Mr & Mrs T Fiery Pepper Bloody Mary Mix","4.99","0.0","Market Basket","1 L","1 L","No Image.jpg","","17"
"6568","Beverages & Juices","Juices & Refrigerated Drinks","Refrigerated Drinks","Bolthouse Farms","Bolthouse Farms 100% Carrot Juice","","Bolthouse Farms 100% Carrot Juice","6.09","0.0","Market Basket","52 fl oz","52 fl oz","3829.jpg","","20"
"34450","Richardson's Farm Ice Cream","Ice Cream Toppings","Ice Cream Toppings","Sander's ","Sander's Dessert Topping  Classic Carmel ","035900171147","Sander's Dessert Topping  Classic Carmel ","4.99","0.0","Market Basket","10 oz","10 oz","X5139.jpg","","20"
"15174","Personal Care","Personal Needs","Oral Hygiene","Colgate","Colgate Total Advanced Whitening Anticavity Fluoride and Antigingivitis Toothpaste","","Colgate Total Advanced Whitening Anticavity Fluoride and Antigingivitis Toothpaste","4.24","1.0","Market Basket","5.8 oz","5.8 oz","6383.jpg","","13"
"32635","Cooking Needs","Rice & Grains","Grains, Rice & Dried Goods","Lundberg Family Farms","LundBerg Wild Blend Rice Gluten Free Whole Grain","073416004306","LundBerg Wild Blend Rice Gluten Free Whole Grain","4.99","0.0","Market Basket","16 oz","16 oz","X1105.jpg","","4"
"6509","Chips, Cookies & Snacks","Nuts, Seeds & Dried Fruit","Nuts, Seeds & Dried Fruit","True North","True North Cashew Crunch","","True North Cashew Crunch","3.74","0.0","Market Basket","5 oz","5 oz","No Image.jpg","","6"
"14859","Personal Care","Body Wash, Soap & Hair Care","Soap","Market Basket","Market Basket Lavender And Chamomile Liquid Hand Soap","","Market Basket Lavender And Chamomile Liquid Hand Soap","1.71","1.0","Market Basket","7.5 fl oz","7.5 fl oz","Market Basket.jpg","","13"
"8328","Condiments & Dressings","Fresh Dips & Tapenades","Fresh Dips & Tapenades","Marzetti","Marzetti Dill Veggie Dip","","Marzetti Dill Veggie Dip","3.09","0.0","Market Basket","14 oz","14 oz","5539.jpg","","1"
"6465","Chips, Cookies & Snacks","Nuts, Seeds & Dried Fruit","Nuts, Seeds & Dried Fruit","Planters","Planters Mixed Nuts","","Planters Mixed Nuts","6.24","0.0","Market Basket","10.3 oz","10.3 oz","No Image.jpg","","6"
"33935","Frozen Food","Frozen Pasta","Frozen Pasta","Pede Brothers","Pede Brothers Cheese Stuffed Shells","035916111069","Pede Brothers Cheese Stuffed Shells","3.24","0.0","Market Basket","18 oz","18 oz","X4314.jpg","","18"
"13757","Breakfast & Dairy","Dairy & Eggs","Packaged Cheese","Market Basket","Market Basket Shredded Cheddar Cheese","","Market Basket Shredded Cheddar Cheese","2.49","0.0","Market Basket","8 oz","8 oz","Market Basket.jpg","","1"
"14726","Personal Care","Body Wash, Soap & Hair Care","Hair Care","Garnier","Garnier Fructis Bounce-Back Hold Hairspray Full Control","","Garnier Fructis Bounce-Back Hold Hairspray Full Control","5.97","1.0","Market Basket","8.5 oz","8.5 oz","6617.jpg","","13"
"32112","Breakfast & Dairy","Cereal","Cereal","Kellogg's ","Kellogg's Special K Red Berries Family Size","038000143717","Kellogg's Special K Red Berries Family Size","4.99","0.0","Market Basket","16.9 oz","16.9 oz","X3354.jpg","","5"
"13149","Breakfast & Dairy","Cereal","Cereal","Special K","Special K Cereal, Chocolately Delight, Value Size","","Special K Cereal, Chocolately Delight, Value Size","4.59","0.0","Market Basket","16.5 oz","16.5 oz","17611.jpg","","5"
"6141","Beverages & Juices","Soft Drinks & Seltzers","Soft Drinks","Market Basket","Market Basket Diet Orange Soda","","Market Basket Diet Orange Soda","0.63","0.0","Market Basket","20 fl oz","20 fl oz","Market Basket.jpg","","17"
"5937","Beverages & Juices","Cocoa & Drink Mixes","Cocoa & Drink Mixes","Suckerpunch","Suckerpunch Gourmet Spicy Bloody Mary Mix","","Suckerpunch Gourmet Spicy Bloody Mary Mix","6.24","0.0","Market Basket","32 fl oz","32 fl oz","No Image.jpg","","17"
"5246","Chips, Cookies & Snacks","Chips & Fruit Snacks","Chips & Pretzels","LATE JULY","LATE JULY Mild Green Mojo Tortilla Chips Organic","","LATE JULY Mild Green Mojo Tortilla Chips Organic","4.67","0.0","Market Basket","6 oz","6 oz","No Image.jpg","","0"
"9903","Frozen Food","Frozen Produce","Frozen Produce","Wyman's","Wyman's Wild Berries","","Wyman's Wild Berries","11.59","0.0","Market Basket","3 lb","3 lb","2486.jpg","","19"
"3468","Fresh Produce","Fresh Fruits","Pineapple","Market Basket","Golden Ripe Pineapples","","Golden Ripe Pineapples","3.3","0.0","Market Basket","1 count","1 count","f53.jpg","","20"
"14584","Beverages & Juices","Tea, Coffee, Milk & Coconut Water","Tea","Pure Leaf","Pure Leaf Lemon Real Brewed Tea ","012000142093","Pure Leaf Lemon Real Brewed Tea ","3.11","0.0","Market Basket","64 fl oz","64 fl oz","X3039.jpg","","10"
"5062","Chips, Cookies & Snacks","Cookies & Crackers","Cookies & Cakes","Keebler","Keebler Sandies Shortbread Classic","","Keebler Sandies Shortbread Classic","3.91","0.0","Market Basket","11.2 oz","11.2 oz","No Image.jpg","","6"
"7192","Cooking Needs","Spices & Seasonings","Spices & Seasonings","Badia","Badia Fajita Seasoning","","Badia Fajita Seasoning","1.69","0.0","Market Basket","2.75 oz","2.75 oz","2217.jpg","","9"
"34735","Breakfast & Dairy","Bars & Pastries","Granola Bars","Sunbelt Bakery ","Sunbelt Bakery Fudge Dipped Chocolate Chips Granola Bars","024300031113","Sunbelt Bakery Fudge Dipped Chocolate Chips Granola Bars","3.13","0.0","Market Basket","11.26 oz","11.26 oz","X3795.jpg","","5"
"9777","Frozen Food","Frozen Produce","Frozen Produce","Birds Eye","Birds Eye Steamfresh Chef's Favorites Lightly Seasoned Southwestern Corn","","Birds Eye Steamfresh Chef's Favorites Lightly Seasoned Southwestern Corn","2.09","0.0","Market Basket","12 oz","12 oz","2463.jpg","","19"
"30313","Pasta & Sauces","Pasta Sauce","Pasta Sauce","Barilla","Barilla Pasta Sauce Parmesan and Pecorino Blended with Cream","706010008845","Barilla Pasta Sauce Parmesan and Pecorino Blended with Cream","2.5","0.0","Market Basket","24 oz","24 oz","X1487.jpg","","4"
"8033","Cooking Needs","Canned Food","Soup, Broth & Bouillon","Lipton","Lipton Instant Soup Mix Ring o noodle","","Lipton Instant Soup Mix Ring o noodle","1.49","0.0","Market Basket","4.9 oz","4.9 oz","17208.jpg","","9"
"8356","Condiments & Dressings","Honey, Syrup & Nectars","Syrup","Coffee Time","Coffee Time Coffee Syrup","","Coffee Time Coffee Syrup","2.99","0.0","Market Basket","16 oz","16 oz","No Image.jpg","","3"
"33674","Beverages & Juices","Juices & Refrigerated Drinks","Juice & Nectars","Ocean Spray","Ocean Spray Cranberry Raspberry 100% Juice No sugar Added","031200034717","Ocean Spray Cranberry Raspberry 100% Juice No sugar Added","3.99","0.0","Market Basket","64 fl oz","64 fl oz","X2840.jpg","","10"
"31758","Meat & Seafood","Packaged Meat & Seafood","Burger","Home Style ","Home Style Beef Burger ","","Home Style Beef Burger ","9.36","0.0","Market Basket","32 oz","32 oz","X4708.jpg","","1"
"13551","Breakfast & Dairy","Dairy & Eggs","Other Creams & Cheeses","Daisy","Daisy Small Curd Cottage Cheese","","Daisy Small Curd Cottage Cheese","2.69","0.0","Market Basket","16 oz","16 oz","699.jpg","","1"
"6082","Beverages & Juices","Soft Drinks & Seltzers","Soft Drinks","Coca Cola","Coca Cola Zero Sugar Cola","","Coca Cola Zero Sugar Cola","5.0","0.0","Market Basket","6 x 16.9 fl oz","6 x 16.9 fl oz","16566.jpg","","17"
"32755","Frozen Food","Frozen Dessert","Frozen Dessert","Marie Callender's","Marie Callender's Beef Pot Pie","021131301019","Marie Callender's Beef Pot Pie","2.5","0.0","Market Basket","10 oz","10 oz","X4131.jpg","","18"
"32951","Condiments & Dressings","Preserved Dips & Spreads","Spreads","Market Basket","Market Basket Orange Marmalade ","","Market Basket Orange Marmalade ","2.49","0.0","Market Basket","18 oz","18 oz","X529.jpg","","3"
"35301","Richardson's Farm Ice Cream","Ice Cream","Chocolate Chip","Richarson's Farm","Richarson's Farm Chocolate Chip Ice Cream 16% Butterfat","","Vanilla ice cream with dark chocolate chips","7.99","0.0","Richardson's Farm","1-2 Gal. Container","1-2 Gal. Container","RichardsonsFarm.jpg","",""
"4609","Meat & Seafood","Lunch Meat","Turkey","Plainville Farms","Plainville Farms Turkey Breast, Oven Roasted","","Plainville Farms Turkey Breast, Oven Roasted","6.09","0.0","Market Basket","6 oz","6 oz","17292.jpg","","22"
"15348","Personal Care","Vitamins & Proteins","Vitamins & Supplements","Nature Made","Nature Made Vitamin D3 2000 IU (50 mcg) Tablets","","Nature Made Vitamin D3 2000 IU (50 mcg) Tablets","14.02","1.0","Market Basket","220 count","220 count","18197.jpg","","13"
"31183","Beverages & Juices","Juices & Refrigerated Drinks","Juice & Nectars","Dole","Dole Jaya Pineapple & Banana","038900073015","Dole Jaya Pineapple & Banana","2.5","0.0","Market Basket","4 x 8.4 fl oz","4 x 8.4 fl oz","X3141.jpg","","10"
"15243","Personal Care","Personal Needs","Oral Hygiene","Oral-B","Oral-B Glide Pro-Health Mint Floss Dental Floss","","Oral-B Glide Pro-Health Mint Floss Dental Floss","4.93","1.0","Market Basket","54.6 yd","54.6 yd","6425.jpg","","13"
"33537","Breakfast & Dairy","Granola & Oats","Granola","Nature's Path","Nature's Path Orignal Love Crunch  Granola","058449162070","Nature's Path Orignal Love Crunch  Granola","6.24","0.0","Market Basket","11.5 oz","11.5 oz","X3745.jpg","","5"
"35030","Frozen Food","Frozen Pizza","Frozen Pizza","Virtuoso","Virtuoso Mushroom ","058336180040","Virtuoso Mushroom ","3.74","0.0","Market Basket","12.90 oz","12.90 oz","X4885.jpg","","19"
"33557","Frozen Food","Frozen Breakfast","Frozen Waffles","Nature's Path ","Nature's Path HomeStyle ","058449590545","Nature's Path HomeStyle ","3.13","0.0","Market Basket","7.4 oz","7.4 oz","X5009.jpg","","19"
"9367","Frozen Food","Frozen Dessert","Frozen Dessert","Skinny Cow","Skinny Cow Vanilla & Chocolate Ice Cream Sandwiches","","Skinny Cow Vanilla & Chocolate Ice Cream Sandwiches","5.39","0.0","Market Basket","6 count","6 count","16069.jpg","","19"
"30328","Pasta & Sauces","Raw Pasta","Raw Pasta","Barilla","Barilla Pasta Elbows","076808516135","Barilla Pasta Elbows","1.74","0.0","Market Basket","1 lb","1 lb","X1632.jpg","","4"
"31127","Breakfast & Dairy","Breads & Rolls","Bread","Dave's Killer Bread","Dave's Killer Bread Organic Bread Good Seed","013764027039","Dave's Killer Bread Organic Bread Good Seed","9.99","0.0","Market Basket","27 oz","27 oz","X2437.jpg","","18"
"10168","Frozen Food","Ice Cream & Ice","Ice Cream & Ice","Market Basket","Market Basket Light Ice Cream Cookies N Cream","","Market Basket Light Ice Cream Cookies N Cream","2.49","0.0","Market Basket","1.75 quart","1.75 quart","Market Basket.jpg","","21"
"33129","Condiments & Dressings","Marinades, Ketchup & Sauces","Mustard Sauce","Market Basket ","Market Basket Horser Dish Mustard ","049705020531","Market Basket Horser Dish Mustard ","3.13","0.0","Market Basket","9.75 oz","9.75 oz","X2188.jpg","","2"
"33564","Cooking Needs","Rice & Grains","Instant Rice","Near East ","Near East Tabouleh Grain Mix","072251000603","Near East Tabouleh Grain Mix","1.88","0.0","Market Basket","1.5 oz","1.5 oz","X1026.jpg","","4"
"15070","Personal Care","Personal Needs","Eye & Ear Care","Clear Eyes","Clear Eyes Eye Drops, Redness Relief, Lubricant, Sterile, Box","","Clear Eyes Eye Drops, Redness Relief, Lubricant, Sterile, Box","6.08","1.0","Market Basket","0.5 fl oz","0.5 fl oz","6482.jpg","","13"
"14387","Breakfast & Dairy","Tea & Coffee","Coffee","Green Mountain","Green Mountain Coffee Decaf Light Roast Ground Coffee Breakfast Blend","","Green Mountain Coffee Decaf Light Roast Ground Coffee Breakfast Blend","8.59","0.0","Market Basket","12 oz","12 oz","3363.jpg","","8"
"32029","Breakfast & Dairy","Bars & Pastries","Granola Bars","Kashi","Kashi Trail Mix Chewy Granola Bars","018627030003","Kashi Trail Mix Chewy Granola Bars","3.75","0.0","Market Basket","6 x 1.2 oz","6 x 1.2 oz","X3927.jpg","","5"
"7922","Cooking Needs","Canned Food","Soup, Broth & Bouillon","Campbell's","Campbell's Chicken Gravy","","Campbell's Chicken Gravy","1.89","0.0","Market Basket","10.5 oz","10.5 oz","5376.jpg","","2"
"34726","Breakfast & Dairy","Bars & Pastries","Granola Bars","Sunbelt Bakery ","Sunbelt Bakery Fudge Dipped Coconut Granola Bars","024300033056","Sunbelt Bakery Fudge Dipped Coconut Granola Bars","4.36","0.0","Market Basket","15.32 oz","15.32 oz","X3786.jpg","","5"
"32098","Breakfast & Dairy","Bars & Pastries","Breakfast Bars","Kellogg's ","Kellogg's Special K Chewy Snacks Bar Salted Pretzel Chocolate","038000124259","Kellogg's Special K Chewy Snacks Bar Salted Pretzel Chocolate","3.13","0.0","Market Basket","6 x 0.88 oz","6 x 0.88 oz","X3953.jpg","","5"
"5047","Chips, Cookies & Snacks","Cookies & Crackers","Cookies & Cakes","Glutino","Glutino Gluten Free Chocolate Chip Cookies","","Glutino Gluten Free Chocolate Chip Cookies","7.33","0.0","Market Basket","8.6 oz","8.6 oz","15079.jpg","","6"
"34497","Beverages & Juices","Juices & Refrigerated Drinks","Refrigerated Drinks","Simply","Simply Light Orange PULP FREE  NOT FROM CONCENTRATE 42% ORANGE JUICE","","Simply Light Orange PULP FREE  NOT FROM CONCENTRATE 42% ORANGE JUICE","3.74","0.0","Market Basket","52 fl oz","52 fl oz","X768.jpg","","1"
"30832","Cooking Needs","Rice & Grains","Rice","Carolina ","Carolina Spanish Rice mix with Seasoning ","017400106119","Carolina Spanish Rice mix with Seasoning ","0.86","0.0","Market Basket","5 oz","5 oz","X1036.jpg","","4"
"10661","Pasta & Sauces","Pasta Sauce","Pasta Sauce","Strega ","Strega Marinara Sauce","","Strega Marinara Sauce","4.89","0.0","Market Basket","26 oz","26 oz","No Image.jpg","","4"
"32108","Breakfast & Dairy","Cereal","Cereal","Kellogg's ","Kellogg's Special K Fruit & Yogurt","038000200458","Kellogg's Special K Fruit & Yogurt","3.75","0.0","Market Basket","13 oz","13 oz","X3350.jpg","","5"
"30006","Breakfast & Dairy","Dairy & Eggs","Smoothies","Activia ","Activia Probiotic Smoothies Og Added Sugar Chai Seeds, Strawberry, Pomegranate, Blueberry, Beet","","Activia Probiotic Smoothies Og Added Sugar Chai Seeds, Strawberry, Pomegranate, Blueberry, Beet","0.99","0.0","Market Basket","7 fl oz","7 fl oz","X3.jpg","","1"
"33301","Chips, Cookies & Snacks","Candy & Chocolates","Candy & Chocolate","Mike and ike","Mikeandike Sundae Sweets Chewy Assorted Flavored Candies","","Mikeandike Sundae Sweets Chewy Assorted Flavored Candies","1.25","0.0","Market Basket","5 oz","5 oz","X608.jpg","","3"
"3610","Fresh Produce","Fresh Vegetables","Eggplant","Market Basket","Packaged Baby Eggplant","","Packaged Baby Eggplant","4.39","0.0","Market Basket","1 lb","1 lb","f193.jpg","","20"
"3824","Fresh Produce","Fresh Organic Vegetables","Garlic","Spice World","Spice World Peeled Garlic Organic","","Spice World Peeled Garlic Organic","4.24","0.0","Market Basket","6 oz container","6 oz container","28.jpg","","20"
"9357","Frozen Food","Frozen Dessert","Frozen Dessert","Pepperidge Farm","Pepperidge Farm Frozen Bakery Confetti Vanilla Layer Cake","","Pepperidge Farm Frozen Bakery Confetti Vanilla Layer Cake","3.69","0.0","Market Basket","19.6 oz","19.6 oz","16071.jpg","","19"
"7223","Cooking Needs","Spices & Seasonings","Spices & Seasonings","Goya","Goya Garlic Minced","","Goya Garlic Minced","2.09","0.0","Market Basket","4.5 oz","4.5 oz","2241.jpg","","9"
"8942","Condiments & Dressings","Salad Dressings & Toppings","Salad Dressing & Toppings","Oscar Mayer","Oscar Mayer Real Bacon Bits","","Oscar Mayer Real Bacon Bits","2.49","0.0","Market Basket","3 oz","3 oz","15443.jpg","","2"
"4687","Meat & Seafood","Canned Meat & Seafood","Canned Chicken","Snow's","Snow's Premium Chunk in Water White Chicken","","Snow's Premium Chunk in Water White Chicken","3.09","0.0","Market Basket","10 oz","10 oz","17161.jpg","","2"
"32745","Frozen Food","Frozen Dinners & Entrees","Frozen Meal","Marie Callender's","Marie Callender's Sweet & Spicy Chicken & Noodle Bowl","021131905590","Marie Callender's Sweet & Spicy Chicken & Noodle Bowl","3.13","0.0","Market Basket","11.5 oz","11.5 oz","X4050.jpg","","18"
"34291","Beverages & Juices","Juices & Refrigerated Drinks","Juice & Nectars","R.W. Knudsen","R.W. Knudsen Organci Just Blueberry Juice","074682107845","R.W. Knudsen Organci Just Blueberry Juice","9.99","0.0","Market Basket","32 fl oz","32 fl oz","X2904.jpg","","10"
"33988","Breakfast & Dairy","Breads & Rolls","Buns","Pepperidge Farm","Pepperidge Farm 8 Top Sliced Hot Butter Dog Buns","014100050162","Pepperidge Farm 8 Top Sliced Hot Butter Dog Buns","4.36","0.0","Market Basket","14 oz","14 oz","X2504.jpg","","18"
"30851","Breakfast & Dairy","Granola & Oats","Granola","Cascadian Farm ","Cascadian Farm Organic Cinnamon Raisin Granola","021908743295","Cascadian Farm Organic Cinnamon Raisin Granola","4.36","0.0","Market Basket","15.6 oz","15.6 oz","X3724.jpg","","5"
"6261","Beverages & Juices","Water","Water","Essentia","Essentia Water Purified Water","","Essentia Water Purified Water","12.49","0.0","Market Basket","6 x 33.8 fl oz","6 x 33.8 fl oz","No Image.jpg","","11"
"8097","Cooking Needs","Canned Food","Soup, Broth & Bouillon","Progresso","Progresso Chicken Reduced Sodium Broth","","Progresso Chicken Reduced Sodium Broth","2.49","0.0","Market Basket","32 oz","32 oz","5291.jpg","","2"
"30540","Cooking Needs","Baking & Cooking","Baking Mix","Bob's Red Mill","Bob's Red Mill Biscuit & Baking Mix ","039978112231","Bob's Red Mill Biscuit & Baking Mix ","6.24","0.0","Market Basket","24 oz","24 oz","X5248.jpg","","3"
"31575","Frozen Food","Frozen Dinners & Entrees","Frozen Appetizers & Sides","Gorton's","Gorton's Lemon & Cracked Peppercorn","044400152709","Gorton's Lemon & Cracked Peppercorn","4.99","0.0","Market Basket","11 oz","11 oz","X4384.jpg","","18"
"8569","Cooking Needs","Oils & Vinegars","Oils & Vinegars","Pure Wesson","Pure Wesson Canola Oil","","Pure Wesson Canola Oil","4.09","0.0","Market Basket","24 oz","24 oz","1825.jpg","","2"
"34253","Breakfast & Dairy","Granola & Oats","Oats","Quaker","Quaker Cinnamon & Spice Instant Oatmeal","030000312087","Quaker Cinnamon & Spice Instant Oatmeal","3.13","0.0","Market Basket","10 x 1.51 oz","10 x 1.51 oz","X3592.jpg","","5"
"33243","Breakfast & Dairy","Granola & Oats","Oats","Maypo","Maypo Instant Maple Oatmeal ","064144080373","Maypo Instant Maple Oatmeal ","3.11","0.0","Market Basket","14 oz","14 oz","X3553.jpg","","5"
"33262","Condiments & Dressings","Marinades, Ketchup & Sauces","Sauce","Mee Tu ","Mee Tu Chinese Marinade Garlic Flavored ","073166042238","Mee Tu Chinese Marinade Garlic Flavored ","4.49","0.0","Market Basket","18 oz","18 oz","X5382.jpg","","3"
"30212","Condiments & Dressings","Marinades, Ketchup & Sauces","Sauce","Asian Fusion ","Asian Fusion Tangy Sweet & Sour Marinade & Dippin Souce ","076050100045","Asian Fusion Tangy Sweet & Sour Marinade & Dippin Souce ","4.99","0.0","Market Basket","15 oz","15 oz","X5322.jpg","","3"
"32264","Condiments & Dressings","Salad Dressings & Toppings","Salad Dressing & Toppings","Ken's Steak House","Ken's Seak House Apple Cider Vinaigette Dressing ","041335356219","Ken's Seak House Apple Cider Vinaigette Dressing ","3.49","0.0","Market Basket","16 fl oz","16 fl oz","X432.jpg","","2"
"5037","Chips, Cookies & Snacks","Cookies & Crackers","Cookies & Cakes","Chips Ahoy!","Chips Ahoy! Original Chocolate Chip Cookies","","Chips Ahoy! Original Chocolate Chip Cookies","3.91","0.0","Market Basket","13 oz","13 oz","1132.jpg","","6"
"33691","Breakfast & Dairy","Dairy & Eggs","Yogurt","Oikos","Oikos Triple Zero Coconut Creme Flavor","","Oikos Triple Zero Coconut Creme Flavor","1.25","0.0","Market Basket","5.3 oz","5.3 oz","X689.jpg","","1"
"34314","Pasta & Sauces","Pasta Sauce","Pasta Sauce","Rao's","Rao's Tomato Basil Homemade Pasta Sauce All Natural Premium","747479001052","Rao's Tomato Basil Homemade Pasta Sauce All Natural Premium","6.24","0.0","Market Basket","24 oz","24 oz","X1539.jpg","","4"
"31631","Cooking Needs","Rice & Grains","Instant Rice","Gulf Pacific","Gulf Pacific Enriched Instant Rice","720579903280","Gulf Pacific Enriched Instant Rice","3.74","0.0","Market Basket","28 oz","28 oz","X997.jpg","","4"
"31080","Breakfast & Dairy","Dairy & Eggs","Yogurt","Danimals","Danimals Pouches 4 Pawfect Cotton Candy Flavor LowFat Yogurt 1.5% MilkFat VitminD Added","","Danimals Pouches 4 Pawfect Cotton Candy Flavor LowFat Yogurt 1.5% MilkFat VitminD Added","5.86","0.0","Market Basket","14 oz","14 oz","X177.jpg","","1"
"14982","Personal Care","First Aid & Healthcare","Muscles, Joints & Pain Relief","Advil","Advil Ibuprofen 200mg Coated Tablets, Pain Reliever Fever Reducer","","Advil Ibuprofen 200mg Coated Tablets, Pain Reliever Fever Reducer","8.5","1.0","Market Basket","50 count","50 count","6630.jpg","","13"
"34096","Breakfast & Dairy","Cereal","Cereal","Post","Post Fruity Pebbles Large Size ","884912129741","Post Fruity Pebbles Large Size ","3.75","0.0","Market Basket","15 oz","15 oz","X3321.jpg","","5"
"82","Kitchen & Cleaning","Air Fresheners & Candles","Scented Oil Refill","Air Wick","Air Wick Essential Oils Scented Oil Refills Fresh Waters","","Air Wick Essential Oils Scented Oil Refills Fresh Waters","6.09","1.0","Market Basket","1.34 fl oz","1.34 fl oz","4212.jpg","","15"
"13872","Breakfast & Dairy","Dairy & Eggs","Soy & Lactose-Free","Blue Diamond Almond Breeze Almondmilk","Blue Diamond Almond Breeze Almondmilk Blue Diamond Almonds Almond Breeze Almondmilk Original","","Blue Diamond Almond Breeze Almondmilk Blue Diamond Almonds Almond Breeze Almondmilk Original","3.69","0.0","Market Basket","64 fl oz","64 fl oz","747.jpg","","1"
"13491","Breakfast & Dairy","Dairy & Eggs","Milk","Market Basket","Market Basket 1% Milk","","Market Basket 1% Milk","4.29","0.0","Market Basket","0.5 gal","0.5 gal","Market Basket.jpg","","1"
"31202","Pasta & Sauces","Raw Pasta","Raw Pasta","Dreamfields","Dreamfields Vegan Pasta Elbows","767387034096","Dreamfields Vegan Pasta Elbows","2.5","0.0","Market Basket","13.25 oz","13.25 oz","X1580.jpg","","4"
"31232","Frozen Food","Frozen Pizza","Frozen Pizza","Ellio's ","Ellio's Cheese Pizz ","04118009028","Ellio's Cheese Pizz ","3.36","0.0","Market Basket","18.30 oz","18.30 oz","X4853.jpg","","19"
"13781","Breakfast & Dairy","Dairy & Eggs","Packaged Cheese","Mini Babybel","Mini Babybel White Cheddar Variety Semisoft Cheeses","","Mini Babybel White Cheddar Variety Semisoft Cheeses","4.89","0.0","Market Basket","10 count","10 count","14570.jpg","","1"
"7736","Cooking Needs","Canned Food","Canned Meals & Beans","Eden","Eden Organic Black Beans No Salt Added","","Eden Organic Black Beans No Salt Added","3.09","0.0","Market Basket","15 oz","15 oz","17137.jpg","","2"
"547","Laundry & Paper Goods","Laundry","Laundry Detergent","Gain","Gain Aroma Boost Liquid Laundry Detergent, island fresh","","Gain Aroma Boost Liquid Laundry Detergent, island fresh","13.74","1.0","Market Basket","100 fl oz","100 fl oz","No Image.jpg","","15"
"5316","Chips, Cookies & Snacks","Cookies & Crackers","Cookies & Cakes","Oreo","Oreo Caramel Coconut Cookies Family Size","","Oreo Caramel Coconut Cookies Family Size","5.47","0.0","Market Basket","17 oz","17 oz","No Image.jpg","","6"
"10162","Frozen Food","Ice Cream & Ice","Ice Cream & Ice","Market Basket","Market Basket Ice Cream","","Market Basket Ice Cream","2.49","0.0","Market Basket","1.75 quart","1.75 quart","Market Basket.jpg","","21"
"33248","Pasta & Sauces","Pasta Sauce","Pasta Sauce","Mezzetta","Mezzetta Pasta Sauce Italian Plum Tomato Delicate Marinara","073214002863","Mezzetta Pasta Sauce Italian Plum Tomato Delicate Marinara","4.49","0.0","Market Basket","16.25 oz","16.25 oz","X1423.jpg","","4"
"5671","Chips, Cookies & Snacks","Candy & Chocolates","Mint & Gum","Trident","Trident Bubblegum Sugarfree Gum","","Trident Bubblegum Sugarfree Gum","2.49","0.0","Market Basket","3 ct","3 ct","1483.jpg","","3"
"10148","Frozen Food","Ice Cream & Ice","Ice Cream & Ice","Marinos","Marinos Italian Ices Marinos Rainbow Italian Ice","","Marinos Italian Ices Marinos Rainbow Italian Ice","2.49","0.0","Market Basket","6 fl oz","6 fl oz","16110.jpg","","21"
"5893","Beverages & Juices","Tea, Coffee, Milk & Coconut Water","Single To-Go Coffee","StarBucks","Starbucks Doubleshot Americano Cans 4 Pack","","Starbucks Doubleshot Americano Cans 4 Pack","3.11","0.0","Market Basket","4 x 6.5 fl oz","4 x 6.5 fl oz","No Image.jpg","","17"
"6086","Beverages & Juices","Soft Drinks & Seltzers","Soft Drinks","Coca-Cola","Coca Cola Caffeine Free Diet Coke","","Coca Cola Caffeine Free Diet Coke","5.63","0.0","Market Basket","8 x 12 fl oz","8 x 12 fl oz","3951.jpg","","17"
"33768","Breakfast & Dairy","Dairy & Eggs","Yogurt","Yoplait","Oui By Yoplait Vanilla French Style Yogurt ","","Oui By Yoplait Vanilla French Style Yogurt ","1.74","0.0","Market Basket","5 oz","5 oz","X717.jpg","","1"
"577","Laundry & Paper Goods","Laundry","Laundry Detergent","Downy","Downy fresh Protect with febreze in wash ODOR Defense april fresh Laundry Detergent","","Downy fresh Protect with febreze in wash ODOR Defense april fresh Laundry Detergent","8.74","1.0","Market Basket","285 g","285 g","No Image.jpg","","15"
"8343","Condiments & Dressings","Fresh Dips & Tapenades","Fresh Dips & Tapenades","Sea Gold","Sea Gold Seafood And Jalapeno Crab Dip","","Sea Gold Seafood And Jalapeno Crab Dip","3.69","0.0","Market Basket","7 oz","7 oz","17328.jpg","","1"
"8036","Cooking Needs","Canned Food","Soup, Broth & Bouillon","Lipton","Lipton Soup And Dip Mix Savory Herb And Garlic","","Lipton Soup And Dip Mix Savory Herb And Garlic","1.89","0.0","Market Basket","2 x 2.4 oz","2 x 2.4 oz","17254.jpg","","2"
"30282","Meat & Seafood","Canned Meat & Seafood","Other Meat","Bar Harbor ","Bar Harbor New England Style Newburg Sauce Ready To Serve ","","Bar Harbor New England Style Newburg Sauce Ready To Serve ","3.74","0.0","Market Basket","10.5 oz","10.5 oz","X1897.jpg","","2"
"31497","Pasta & Sauces","Pasta Sauce","Pasta Sauce","Gerardo's Trattoria Amalfi","Gerardo's Trattoria Amalfi Pasta Sauce Pink","865951000369","Gerardo's Trattoria Amalfi Pasta Sauce Pink","8.74","0.0","Market Basket","24 oz","24 oz","X1500.jpg","","4"
"14450","Breakfast & Dairy","Tea & Coffee","Coffee","Peet's Coffee","Peet's Coffee Big Bang Medium Roast Ground Coffee","","Peet's Coffee Big Bang Medium Roast Ground Coffee","10.99","0.0","Market Basket","12 oz","12 oz","3322.jpg","","8"
"31057","Condiments & Dressings","Pickled Goods & Olives","Pickled Goods & Olives","Crosse & BlackWell","Crosse & BlackWell Genuine Major Grey's Chuntney ","051500286203","Crosse & BlackWell Genuine Major Grey's Chuntney ","2.5","0.0","Market Basket","38 oz","38 oz","X2231.jpg","","2"
"34188","Beverages & Juices","Tea, Coffee, Milk & Coconut Water","Tea","Pure Leaf","Pure Leaf Tea & Lemonade Real Brewed Tea","012000042836","Pure Leaf Tea & Lemonade Real Brewed Tea","1.24","0.0","Market Basket","18.5 fl oz","18.5 fl oz","X2956.jpg","","10"
"5802","Breakfast & Dairy","Bars & Pastries","Protien Bars","Power Crunch","Power Crunch Protein Energy Bar Original French Vanilla Creme","","Power Crunch Protein Energy Bar Original French Vanilla Creme","1.87","0.0","Market Basket","1.4 oz","1.4 oz","15223.jpg","","3"
"32284","Condiments & Dressings","Salad Dressings & Toppings","Salad Dressing & Toppings","Ken's Steak House","Ken's Seak House Parmesan& Peppercorn Dressing ","014335000402","Ken's Seak House Parmesan& Peppercorn Dressing ","1.25","0.0","Market Basket","16 fl oz","16 fl oz","X452.jpg","","2"
"34667","Frozen Food","Frozen Dinners & Entrees","Frozen Meal","Stouffer's ","Stouffer's Mac & Cheese CUPS","013800748003","Stouffer's Mac & Cheese CUPS","3.36","0.0","Market Basket","12 oz","12 oz","X4281.jpg","","18"
"34868","Frozen Food","Frozen Breakfast","Frozen Burrito","Tina's","Tina's Big Burrito Red Hot Beef","079606010102","Tina's Big Burrito Red Hot Beef","1.24","0.0","Market Basket","10 oz","10 oz","X4829.jpg","","19"
"34048","Chips, Cookies & Snacks","Chips & Fruit Snacks","Popcorn","Pop Secret ","Pop Secret Butter Natural Flavor","023896497709","Pop Secret Butter Natural Flavor","2.5","0.0","Market Basket","9 oz","9 oz","X4948.jpg","","19"
"33521","Breakfast & Dairy","Cereal","Cereal","Nature's Path","Nature's Path Orignal Flax Plus Pumpkin Raisin Crunch","058449777311","Nature's Path Orignal Flax Plus Pumpkin Raisin Crunch","4.99","0.0","Market Basket","12.3 oz","12.3 oz","X3693.jpg","","5"
"7000","Cooking Needs","Baking & Cooking","Doughs, Gelatins & Bake Mixes","Market Basket","Market Basket Garlic & Herb Pizza Dough","","Market Basket Garlic & Herb Pizza Dough","1.59","0.0","Market Basket","18.5 oz","18.5 oz","Market Basket.jpg","","8"
"9942","Frozen Food","Ice Cream & Ice","Ice Cream & Ice","Ben & Jerry's","Ben & Jerry's Ice Cream Chocolate Therapy","","Ben & Jerry's Ice Cream Chocolate Therapy","4.29","0.0","Market Basket","1 pint","1 pint","3001.jpg","","21"
"6285","Beverages & Juices","Soft Drinks & Seltzers","Seltzer","Market Basket","Market Basket Seltzer","","Market Basket Seltzer","1.24","0.0","Market Basket","2 L","2 L","Market Basket.jpg","","11"
"34484","Breakfast & Dairy","Dairy & Eggs","Yogurt","Siggi's","Siggi's Icelandic cream-Skyr 2% Milk Strained Lowfat Yogurt PumpKin & Spice 15 g Protein ","","Siggi's Icelandic cream-Skyr 2% Milk Strained Lowfat Yogurt PumpKin & Spice 15 g Protein ","1.56","0.0","Market Basket","5.3 oz","5.3 oz","X754.jpg","","1"
"9943","Frozen Food","Ice Cream & Ice","Ice Cream & Ice","Ben & Jerry's","Ben & Jerry's Ice Cream Chubby Hubby","","Ben & Jerry's Ice Cream Chubby Hubby","4.59","0.0","Market Basket","1 pint","1 pint","3006.jpg","","21"
"35271","Richardson's Farm Ice Cream","Ice Cream","Vanilla","Richarson's Farm","Richarson's Farm Moose Tracks Ice Cream 16% Butterfat","","Vanilla ice cream with a special hardening fudge ripple and peanut butter truffles","32.99","0.0","Richardson's Farm","3 Gal. Tub","3 Gal. Tub","RichardsonsFarm.jpg","",""
"30194","Meat & Seafood","Packaged Meat & Seafood","Pizza","Armour","Armour Cheese Pizza ","","Armour Cheese Pizza ","1.24","0.0","Market Basket","2.45 oz","2.45 oz","X4550.jpg","","1"
"35114","Frozen Food","Frozen Dinners & Entrees","Frozen Appetizers & Sides","White Castle","White Castle Cheese Sliders","082988010165","White Castle Cheese Sliders","12.49","0.0","Market Basket","29.28 oz","29.28 oz","X4002.jpg","","18"
"13816","Breakfast & Dairy","Dairy & Eggs","Packaged Cheese","Zune","Zune Colombian Style Cheese","","Zune Colombian Style Cheese","6.69","0.0","Market Basket","12 oz","12 oz","Market Basket.jpg","","1"
"4883","Chips, Cookies & Snacks","Chips & Fruit Snacks","Ready Popcorn","Lay's","Lay's Poppables Honey Bbq Crispy Potato Bites","","Lay's Poppables Honey Bbq Crispy Potato Bites","3.91","0.0","Market Basket","5 oz","5 oz","No Image.jpg","","0"
"33757","Meat & Seafood","Packaged Meat & Seafood","Turkey","Oscar Mayer ","Oscar Mayer Oven Rosted Oven Roasted Turkey Breast ","","Oscar Mayer Oven Rosted Oven Roasted Turkey Breast ","3.74","0.0","Market Basket","9 oz","9 oz","X4520.jpg","","1"
"35274","Richardson's Farm Ice Cream","Ice Cream","Strawberry","Richarson's Farm","Richarson's Farm Strawberry Ice Cream 16% Butterfat","","Farm-fresh strawberry ice cream with diced strawberries","32.99","0.0","Richardson's Farm","3 Gal. Tub","3 Gal. Tub","RichardsonsFarm.jpg","",""
"31086","Breakfast & Dairy","Dairy & Eggs","Yogurt","Dannon","Dannon Light & Fit Protein Good Source of Fiber Strawberry ","","Dannon Light & Fit Protein Good Source of Fiber Strawberry ","4.36","0.0","Market Basket","48 oz","48 oz","X188.jpg","","1"
"8668","Condiments & Dressings","Pickled Goods & Olives","Pickled Goods & Olives","Nellie's","Aunt Nellie's Whole Pickled Beets","","Aunt Nellie's Whole Pickled Beets","1.59","0.0","Market Basket","16 oz","16 oz","15539.jpg","","2"
"6910","Cooking Needs","Baking & Cooking","Baking Ingredients","Spectrum","Spectrum Organic All Vegetable Shortening Non Hydrogenated","","Spectrum Organic All Vegetable Shortening Non Hydrogenated","7.39","0.0","Market Basket","24 oz","24 oz","15728.jpg","","8"
"31931","Meat & Seafood","Packaged Meat & Seafood","Ham","Jimmy Dean ","Jimmy Dean Croissant Ham & Cheese Sandwiches ","","Jimmy Dean Croissant Ham & Cheese Sandwiches ","6.24","0.0","Market Basket","13.6 OZ","13.6 OZ","X4741.jpg","","1"
"33795","Cooking Needs","Baking & Cooking","Pizza Sauce","Paesana","Paesana New York's Buffalo Pizza Sauce","076050170383","Paesana New York's Buffalo Pizza Sauce","3.74","0.0","Market Basket","8.5 oz","8.5 oz","X1330.jpg","","4"
"32065","Meat & Seafood","Packaged Meat & Seafood","Hot Dogs & Franks","Kayem ","Kayem Ols Time Beef ","","Kayem Ols Time Beef ","6.24","0.0","Market Basket","12 oz","12 oz","X4587.jpg","","1"
"6013","Beverages & Juices","Energy & Sports Drinks","Energy & Sports Drinks","Mountain Dew","Mountain Dew Original Citrus Flavored Energy Drink","","Mountain Dew Original Citrus Flavored Energy Drink","2.49","0.0","Market Basket","16 fl oz","16 fl oz","3782.jpg","","17"
"411","Laundry & Paper Goods","Paper Goods","Bathroom Tissues / Toilet Paper","Scott","Scott Comfort Plus unscented bathroom tissue","","Scott Comfort Plus unscented bathroom tissue","7.49","1.0","Market Basket","12 count","12 count","No Image.jpg","","14"
"32430","Breakfast & Dairy","Pancake & Waffle Mix","Pancake & Waffle Mix","Krusteaz","Krusteaz Buttermilk Complete Pancake Mix ","041449471501","Krusteaz Buttermilk Complete Pancake Mix ","2.5","0.0","Market Basket","25.2 oz","25.2 oz","X5308.jpg","","3"
"31075","Breakfast & Dairy","Dairy & Eggs","Smoothies","Danimals","Danimals Smoothies Strawberry Flavors Birthday Cake ","","Danimals Smoothies Strawberry Flavors Birthday Cake ","5.86","0.0","Market Basket","3.1 oz","3.1 oz","X178.jpg","","1"
"4332","Meat & Seafood","Meat & Seafood Counter","Pork","Market Basket","Keisha Bone in Pork Shoulder","","Keisha Bone in Pork Shoulder","1.89","0.0","Market Basket","1 lb","1 lb","Market Basket.jpg","","22"
"33183","Frozen Food","Frozen Fruit & Juice","Frozen Juice","Market Basket ","Market Basket 100% Grape Juice ","049705720189","Market Basket 100% Grape Juice ","2.49","0.0","Market Basket","12 oz","12 oz","X5101.jpg","","19"
"30882","Pasta & Sauces","Instant Pasta","Instant Pasta","Chef Boyardee","Chef Boyardee Beef Ravioli in Tomato & Meat Sauce ","064144047093","Chef Boyardee Beef Ravioli in Tomato & Meat Sauce ","1.25","0.0","Market Basket","7.5 oz","7.5 oz","X1250.jpg","","4"
"34255","Breakfast & Dairy","Granola & Oats","Oats","Quaker","Quaker Gluten Free Maple & Brown Sugar  Instant Oatmeal","030000317938","Quaker Gluten Free Maple & Brown Sugar  Instant Oatmeal","3.75","0.0","Market Basket","8 x 1.51 oz","8 x 1.51 oz","X3596.jpg","","5"
"14426","Breakfast & Dairy","Tea & Coffee","Coffee","Melitta","Melitta Natural Brown Paper Basket Coffee Filters","","Melitta Natural Brown Paper Basket Coffee Filters","1.89","0.0","Market Basket","200 count","200 count","3396.jpg","","8"
"13325","Breakfast & Dairy","Dairy & Eggs","Cream","Coffee-mate","Coffee mate Cinnamon Vanilla Creme Liquid Coffee Creamer","","Coffee mate Cinnamon Vanilla Creme Liquid Coffee Creamer","3.29","0.0","Market Basket","32 fl oz","32 fl oz","560.jpg","","1"
"7027","Cooking Needs","Baking & Cooking","Doughs, Gelatins & Bake Mixes","Pillsbury","Pillsbury Ready To Bake Chocolate Chunk and Chip Cookies","","Pillsbury Ready To Bake Chocolate Chunk and Chip Cookies","3.09","0.0","Market Basket","24 x 16 oz","24 x 16 oz","2030.jpg","","1"
"34300","Pasta & Sauces","Pasta Sauce","Pasta Sauce","Ragu","Ragu Sauted Onion and Garlic Naturally flavoured Chunky Sauce","036200004685","Ragu Sauted Onion and Garlic Naturally flavoured Chunky Sauce","2.5","0.0","Market Basket","24 oz","24 oz","X1451.jpg","","4"
"32612","Condiments & Dressings","Marinades, Ketchup & Sauces","Sauces","Louisiana","Louisiana Wing Sauce The Original Shake Well Before Using ","098582102007","Louisiana Wing Sauce The Original Shake Well Before Using ","2.49","0.0","Market Basket","10 oz","10 oz","X2106.jpg","","2"
"7764","Cooking Needs","Canned Food","Canned Meals & Beans","Goya","Goya Refried Beans","","Goya Refried Beans","1.69","0.0","Market Basket","16 oz","16 oz","5123.jpg","","7"
"5517","Chips, Cookies & Snacks","Candy & Chocolates","Candy & Chocolate","M&M's","M&M's Peanut","","M&M's Peanut","3.69","0.0","Market Basket","12.6 oz","12.6 oz","1016.jpg","","3"
"32306","Breakfast & Dairy","Bars & Pastries","Breakfast Bars","Kind","Kind Breakfast Protein Dark Chocolate Cocoa Bars","602652204012","Kind Breakfast Protein Dark Chocolate Cocoa Bars","3.75","0.0","Market Basket","4 x 1.76 oz","4 x 1.76 oz","X3882.jpg","","5"
"33559","Cooking Needs","Rice & Grains","Instant Rice","Near East ","Near East Rice Pilaf mix Chicken flavour with other Natural Flavors","072251001259","Near East Rice Pilaf mix Chicken flavour with other Natural Flavors","1.88","0.0","Market Basket","6.25 oz","6.25 oz","X1021.jpg","","4"
"15175","Personal Care","Personal Needs","Oral Hygiene","Colgate","Colgate Total Advanced Whitening Toothpaste","","Colgate Total Advanced Whitening Toothpaste","4.24","1.0","Market Basket","4 oz","4 oz","6389.jpg","","13"
"33553","Breakfast & Dairy","Granola & Oats","Oats","Nature's Path ","Nature's Path Blueberry Cinnamon Flax Instant Oatmeal","058449450139","Nature's Path Blueberry Cinnamon Flax Instant Oatmeal","3.75","0.0","Market Basket","11.3 oz","11.3 oz","X3551.jpg","","5"
"13874","Breakfast & Dairy","Dairy & Eggs","Soy & Lactose-Free","Blue Diamond Almond Breeze Almondmilk","Blue Diamond Almond Breeze Almondmilk Blue Diamond Almonds Almond Breeze Almondmilk Vanilla Reduced Sugar","","Blue Diamond Almond Breeze Almondmilk Blue Diamond Almonds Almond Breeze Almondmilk Vanilla Reduced Sugar","3.69","0.0","Market Basket","64 fl oz","64 fl oz","749.jpg","","1"
"33753","Meat & Seafood","Packaged Meat & Seafood","Hot Dogs & Franks","Oscar Mayer ","Oscar Mayer Classic Uncured Wieners ","","Oscar Mayer Classic Uncured Wieners ","2.48","0.0","Market Basket","16 oz","16 oz","X4579.jpg","","1"
"7382","Cooking Needs","Spices & Seasonings","Spices & Seasonings","Spice Classics","Spice Classics Chili Powder","","Spice Classics Chili Powder","1.29","0.0","Market Basket","2.87 oz","2.87 oz","2255.jpg","","9"
"5646","Chips, Cookies & Snacks","Candy & Chocolates","Mint & Gum","Extra","Extra Smooth Mint Sugarfree Gum","","Extra Smooth Mint Sugarfree Gum","3.09","0.0","Market Basket","3 ct","3 ct","1500.jpg","","3"
"30529","Breakfast & Dairy","Granola & Oats","Granola","Bob's Red Mill","Bob's Red Mill Cinnamon Raisin Granola ","039978031884","Bob's Red Mill Cinnamon Raisin Granola ","4.36","0.0","Market Basket","12 oz","12 oz","X5237.jpg","","3"
"15069","Personal Care","Personal Needs","Eye & Ear Care","Clear Eyes","Clear Eyes Eye Drops, Itchy Relief, Maximum, Box","","Clear Eyes Eye Drops, Itchy Relief, Maximum, Box","6.08","1.0","Market Basket","0.5 fl oz","0.5 fl oz","6481.jpg","","13"
"30912","Breakfast & Dairy","Dairy & Eggs","Yogurt","Chobani","Chobani Complete Advance Nutrition Yogurt Mixed Berry Vanilla","","Chobani Complete Advance Nutrition Yogurt Mixed Berry Vanilla","2.36","0.0","Market Basket","10 fl oz","10 fl oz","X119.jpg","","1"
"31864","Cooking Needs","Canned Food","Canned Tomatoes","Hunts","Hunts Diced Tomatoes with Basil, Garlic and Oregano","027000378908","Hunts Diced Tomatoes with Basil, Garlic and Oregano","1.88","0.0","Market Basket","28 oz","28 oz","X1371.jpg","","4"
"14458","Breakfast & Dairy","Tea & Coffee","Coffee","Peet's Coffee","Peet's Coffee French Roast Dark Roast Coffee K Cup Pods","","Peet's Coffee French Roast Dark Roast Coffee K Cup Pods","10.99","0.0","Market Basket","10 x 0.43 oz","10 x 0.43 oz","3326.jpg","","8"
"30170","Meat & Seafood","Hot Dogs, Bacon & Sausage","Ham","Applegate ","Applegate Organics Uncured Slow Cooked Ham ","","Applegate Organics Uncured Slow Cooked Ham ","7.11","0.0","Market Basket","6 oz","6 oz","X4478.jpg","","1"
"30301","Cooking Needs","Oils & Vinegars","Oils & Vinegars","Barer's Joy ","Barer's Joy The Original No-Stick Baking Spary With Flour ","605021774000","Barer's Joy The Original No-Stick Baking Spary With Flour ","3.74","0.0","Market Basket","5 oz","5 oz","X1946.jpg","","2"
"30431","Meat & Seafood","Packaged Meat & Seafood","Bacon","Black Lable ","Black Labale Natural Hardwood Smoke Microwave Ready Original Bacon ","","Black Labale Natural Hardwood Smoke Microwave Ready Original Bacon ","11.24","0.0","Market Basket","12 oz","12 oz","X4468.jpg","","1"
"9947","Frozen Food","Ice Cream & Ice","Ice Cream & Ice","Ben & Jerry's","Ben & Jerry's Ice Cream Karamel Sutra Core","","Ben & Jerry's Ice Cream Karamel Sutra Core","4.59","0.0","Market Basket","16 fl oz","16 fl oz","2999.jpg","","21"
"33400","Condiments & Dressings","Pickled Goods & Olives","Pickles","Mt. Olive","Mt.Olive No Sugar Added Bread & Butter Chips Snice 1926","009300001090","Mt.Olive No Sugar Added Bread & Butter Chips Snice 1926","2.99","0.0","Market Basket","16 fl oz","16 fl oz","X3277.jpg","","2"
"3946","Fresh Produce","Fresh Vegetables","Potato","Little Potato Company","Terrific Trio Mini Potatoes","","Terrific Trio Mini Potatoes","6.04","0.0","Market Basket","1.5 lb","1.5 lb","No Image.jpg","","20"
"30168","Meat & Seafood","Hot Dogs, Bacon & Sausage","Bacon","Applegate ","Applegate Hickory Smoked Uncured Sunday Bacon","","Applegate Hickory Smoked Uncured Sunday Bacon","6.61","0.0","Market Basket","8 oz","8 oz","X4464.jpg","","1"
"30758","Condiments & Dressings","Pickled Goods & Olives","Pickles","Cains","Cains Snice 1901 Naturally Fat Free Sweet Mixed Pickles Barrel Cured ","041660203806","Cains Snice 1901 Naturally Fat Free Sweet Mixed Pickles Barrel Cured ","3.11","0.0","Market Basket","22 fl oz","22 fl oz","X3261.jpg","","2"
"32311","Breakfast & Dairy","Bars & Pastries","Breakfast Bars","Kind","Kind Cinnamon Oat Bars","602652184338","Kind Cinnamon Oat Bars","3.75","0.0","Market Basket","5 x 1.2 oz","5 x 1.2 oz","X3887.jpg","","5"
"30005","Breakfast & Dairy","Dairy & Eggs","Smoothies","Activia ","Activia Probiotic Smoothies Og Added Sugar Flaxseeds, Mango, Carrot, Peach and Turmeric ","","Activia Probiotic Smoothies Og Added Sugar Flaxseeds, Mango, Carrot, Peach and Turmeric ","0.99","0.0","Market Basket","7 fl oz","7 fl oz","X2.jpg","","1"
"5799","Breakfast & Dairy","Bars & Pastries","Protien Bars","Perfect Bar","Perfect Bar Almond Butter","","Perfect Bar Almond Butter","2.79","0.0","Market Basket","2.3 oz","2.3 oz","15229.jpg","","3"
"31514","Frozen Food","Frozen Pasta","Frozen Pasta","Giosanmi Rama ","Giosanmi Rama Organic Broccoli & Fontina Cheese  Frozen Pasta","","Giosanmi Rama Organic Broccoli & Fontina Cheese  Frozen Pasta","6.24","0.0","Market Basket","9 oz","9 oz","X4669.jpg","","1"
"35102","Chips, Cookies & Snacks","Chips & Fruit Snacks","Fruit & Vegetable Snacks","Welch's","Welch's Apple Orchard Medley Fruit Snacks ","034856028895","Welch's Apple Orchard Medley Fruit Snacks ","2.5","0.0","Market Basket","9 oz","9 oz","X5157.jpg","","19"
"6589","Beverages & Juices","Juices & Refrigerated Drinks","Refrigerated Drinks","Floridas Natural","Floridas Natural 100% PRIMIUM Florida Natural ORANGE JUICE WITH  NOT CONCENTRATE / NON GMO CALICIUM & VITAMIN D","","Floridas Natural 100% PRIMIUM Florida Natural ORANGE JUICE WITH  NOT CONCENTRATE / NON GMO CALICIUM & VITAMIN D","3.74","0.0","Market Basket","52 fl oz","52 fl oz","X267.jpg","","1"
"9818","Frozen Food","Frozen Produce","Frozen Produce","Green Giant","Green Giant No Sauce Broccoli Spears","","Green Giant No Sauce Broccoli Spears","2.09","0.0","Market Basket","9 oz","9 oz","2458.jpg","","19"
"8091","Cooking Needs","Canned Food","Soup, Broth & Bouillon","Pacific","Pacific Organic Soup Chicken & Wild Rice","","Pacific Organic Soup Chicken & Wild Rice","3.69","0.0","Market Basket","17.6 oz","17.6 oz","5357.jpg","","2"
"31189","Frozen Food","Frozen Dinners & Entrees","Frozen Appetizers & Sides","Dr.Praeger's","Dr.Praeger's Gluten Free All American Veggie Burgers","080868000336","Dr.Praeger's Gluten Free All American Veggie Burgers","4.99","0.0","Market Basket","8 oz","8 oz","X4150.jpg","","18"
"14153","Breakfast & Dairy","Dairy & Eggs","Yogurt","Lifeway","Lifeway Madagascar Vanilla Cultured Lowfat Milk","","Lifeway Madagascar Vanilla Cultured Lowfat Milk","3.69","0.0","Market Basket","32 oz","32 oz","14676.jpg","","1"
"31121","Breakfast & Dairy","Breads & Rolls","Bagels","Dave's Killer Bread","Dave's Killer Bread Organic Bagels Boomin' Berry","013764028104","Dave's Killer Bread Organic Bagels Boomin' Berry","6.61","0.0","Market Basket","16.75 oz","16.75 oz","X2431.jpg","","18"
"6327","Beverages & Juices","Water","Sparkling Water","Polar","Polar Pink Grapefruit Dry Sparkling Can","","Polar Pink Grapefruit Dry Sparkling Can","3.74","0.0","Market Basket","6 x 7.5 fl oz","6 x 7.5 fl oz","No Image.jpg","","11"
"35041","Beverages & Juices","Energy & Sports Drinks","Energy & Sports Drinks","Vitamin Water","Vitamin Water Zero Sugar Squeezed Lemonade","786162002976","Vitamin Water Zero Sugar Squeezed Lemonade","1.1","0.0","Market Basket","20 fl oz","20 fl oz","X2770.jpg","","10"
"215","Kitchen & Cleaning","Cleaning Products","Toilet Bowl Cleaner","Market Basket","Market Basket Toilet Bowl Cleaner","","Market Basket Toilet Bowl Cleaner","1.49","1.0","Market Basket","3.4 fl oz","3.4 fl oz","Market Basket.jpg","","15"
"15220","Personal Care","Personal Needs","Oral Hygiene","Market Basket","Market Basket Anticavity Mouthwash Eucalyptus Mint","","Market Basket Anticavity Mouthwash Eucalyptus Mint","4.24","1.0","Market Basket","1 L","1 L","Market Basket.jpg","","13"
"32117","Breakfast & Dairy","Cereal","Cereal","Kellogg's ","Kellogg's Raisin Bran Crunch Orignal ","038000199738","Kellogg's Raisin Bran Crunch Orignal ","4.11","0.0","Market Basket","15.9 oz","15.9 oz","X3366.jpg","","5"
"34700","Frozen Food","Frozen Dinners & Entrees","Frozen Appetizers & Sides","Stuffed Foods","Stuffed Foods Buffalo Style Chicken Poppers","819985020541","Stuffed Foods Buffalo Style Chicken Poppers","4.99","0.0","Market Basket","9.75 oz","9.75 oz","X4810.jpg","","19"
"6297","Beverages & Juices","Water","Water","Poland Spring","Poland Spring Minis to Go Natural Spring Water","","Poland Spring Minis to Go Natural Spring Water","3.74","0.0","Market Basket","12 x 700 ml","12 x 700 ml","3236.jpg","","11"
"4408","Meat & Seafood","Hot Dogs, Bacon & Sausage","Bacon","Smithfield","Smithfield Bacon","","Smithfield Bacon","8.19","0.0","Market Basket","16 oz","16 oz","4191.jpg","","1"
"13980","Breakfast & Dairy","Dairy & Eggs","Specialty Cheeses","Parmigiano","Parmigiano Cheese","","Parmigiano Cheese","15.89","0.0","Market Basket","1 lb","1 lb","17302.jpg","","1"
"30050","Meat & Seafood","Packaged Meat & Seafood","Sausage","Alfresco ","Alfresco Buffalo Style With blue Cheese Chicken Sausage ","","Alfresco Buffalo Style With blue Cheese Chicken Sausage ","6.23","0.0","Market Basket","11 oz","11 oz","X4627.jpg","","1"
"14367","Breakfast & Dairy","Tea & Coffee","Coffee","Folgers ","Folgers Coffee","","Folgers Coffee","6.09","0.0","Market Basket","10.3 oz","10.3 oz","3337.jpg","","8"
"32598","Beverages & Juices","Tea, Coffee, Milk & Coconut Water","Tea","Lipton","Lipton Diet Green Tea Citrus","012000024542","Lipton Diet Green Tea Citrus","4.11","0.0","Market Basket","128 fl oz","128 fl oz","X3036.jpg","","10"
"6523","Chips, Cookies & Snacks","Nuts, Seeds & Dried Fruit","Nuts, Seeds & Dried Fruit","Sunmaid","Sunmaid Zante Currants","","Sunmaid Zante Currants","3.74","0.0","Market Basket","8 oz","8 oz","No Image.jpg","","6"
"9827","Frozen Food","Frozen Produce","Frozen Produce","Green Giant","Green Giant Sweet Peas & Butter Sauce","","Green Giant Sweet Peas & Butter Sauce","2.09","0.0","Market Basket","10 oz","10 oz","2454.jpg","","19"
"6369","Beverages & Juices","Water","Sparkling Water","Polar","Polar Sparkling Beverage Orange Dry","","Polar Sparkling Beverage Orange Dry","1.49","0.0","Market Basket","1 L","1 L","3219.jpg","","17"
"8037","Cooking Needs","Canned Food","Soup, Broth & Bouillon","Lipton","Lipton Soup And Dip Mix Vegetable","","Lipton Soup And Dip Mix Vegetable","1.89","0.0","Market Basket","1.8 oz","1.8 oz","17258.jpg","","2"
"7530","Cooking Needs","Canned Food","Canned & Jarred Vegetables","Market Basket","Market Basket Small Whole Beets","","Market Basket Small Whole Beets","0.99","0.0","Market Basket","15 oz","15 oz","Market Basket.jpg","","9"
"6588","Beverages & Juices","Juices & Refrigerated Drinks","Refrigerated Drinks","Floridas Natural","Floridas Natural 100% PRIMIUM FLORIDA ORANGE JUICE PASTEURIZED NOT FROM CONCENTRATE / NON GMO","","Floridas Natural 100% PRIMIUM FLORIDA ORANGE JUICE PASTEURIZED NOT FROM CONCENTRATE / NON GMO","3.74","0.0","Market Basket","52 fl oz","52 fl oz","X265.jpg","","1"
"32562","Condiments & Dressings","Pickled Goods & Olives","Pickled Goods & Olives","Levant ","Levant  Mediterranean Delicacies Veggie Spread Ajvar ","859215008055","Levant  Mediterranean Delicacies Veggie Spread Ajvar ","3.74","0.0","Market Basket","19 oz","19 oz","X2308.jpg","","2"
"4919","Chips, Cookies & Snacks","Chips & Fruit Snacks","Chips & Pretzels","Ruffles","Ruffles Baked Original","","Ruffles Baked Original","5.14","0.0","Market Basket","6.25 oz","6.25 oz","No Image.jpg","","0"
"34122","Beverages & Juices","Energy & Sports Drinks","Energy & Sports Drinks","Powerade","Powerade Zero Sugar Sports Drink Fruit Punch","049000079340","Powerade Zero Sugar Sports Drink Fruit Punch","1.1","0.0","Market Basket","28 fl oz","28 fl oz","X2703.jpg","","10"
"5477","Chips, Cookies & Snacks","Candy & Chocolates","Candy & Chocolate","Kisses","Kisses Milk Chocolate","","Kisses Milk Chocolate","3.69","0.0","Market Basket","12 oz","12 oz","14923.jpg","","3"
"34161","Pasta & Sauces","Raw Pasta","Raw Pasta","Prince","Prince Pasta Large Elbows","041129010273","Prince Pasta Large Elbows","1.56","0.0","Market Basket","16 oz","16 oz","X1651.jpg","","4"
"13915","Breakfast & Dairy","Dairy & Eggs","Soy & Lactose-Free","So Delicious","So Delicious Dairy Free Organic Unsweetened Coconutmilk","","So Delicious Dairy Free Organic Unsweetened Coconutmilk","3.09","0.0","Market Basket","6 x 32 fl oz","6 x 32 fl oz","741.jpg","","1"
"7380","Cooking Needs","Spices & Seasonings","Spices & Seasonings","Spice Classics","Spice Classics Bay Leaves","","Spice Classics Bay Leaves","1.29","0.0","Market Basket","0.16 oz","0.16 oz","2259.jpg","","9"
"33231","Breakfast & Dairy","Breads & Rolls","Rolls","Martin's","Martin's 12 Sliced Slider Potato Rolls","075185000046","Martin's 12 Sliced Slider Potato Rolls","4.74","0.0","Market Basket","15 oz","15 oz","X2548.jpg","","18"
"30660","Breakfast & Dairy","Dairy & Eggs","Cottage Cheese","Breakstone's ","Breakstone's ESTABLISHED 1882 2% ALL NATURAL SOUR CREAM TRIPLE CHURED FOR EXTRA CREAMINESS","","Breakstone's ESTABLISHED 1882 2% ALL NATURAL SOUR CREAM TRIPLE CHURED FOR EXTRA CREAMINESS","1.88","0.0","Market Basket","16 OZ","16 OZ","X60.jpg","","1"
"31362","Condiments & Dressings","Marinades, Ketchup & Sauces","Sauces","Frank's","Frank's Since 1920 RedHot Sweet Chili Sauce For Dipping & More","041500827728","Frank's Since 1920 RedHot Sweet Chili Sauce For Dipping & More","4.99","0.0","Market Basket","8.99 oz","8.99 oz","X2103.jpg","","2"
"7505","Cooking Needs","Canned Food","Canned & Jarred Vegetables","Market Basket","Market Basket Diced Tomatoes In Tomato Juice","","Market Basket Diced Tomatoes In Tomato Juice","1.29","0.0","Market Basket","28 oz","28 oz","Market Basket.jpg","","4"
"31913","Condiments & Dressings","Pickled Goods & Olives","Olives","Italica ","Italica Salad Olives Sliced With Pimiento ","070118004122","Italica Salad Olives Sliced With Pimiento ","4.74","0.0","Market Basket","5 oz","5 oz","X2257.jpg","","2"
"14919","Personal Care","Feminine Care","Tampon","U by Kotex","U by Kotex - Super Premium Super ABS Premium Tampons Sleek","","U by Kotex - Super Premium Super ABS Premium Tampons Sleek","6.2","1.0","Market Basket","18 count","18 count","6518.jpg","","13"
"567","Laundry & Paper Goods","Laundry","Laundry Detergent","Downy","Ultra Downy april fresh 120 Loads Laundry Detergent","","Ultra Downy april fresh 120 Loads Laundry Detergent","11.24","1.0","Market Basket","3.06 L","3.06 L","No Image.jpg","","15"
"15242","Personal Care","Personal Needs","Oral Hygiene","Oral-B","Oral-B Glide Pro-Health Floss Deep Clean","","Oral-B Glide Pro-Health Floss Deep Clean","4.93","1.0","Market Basket","43.7 yd","43.7 yd","6422.jpg","","13"
"6870","Cooking Needs","Baking & Cooking","Baking Ingredients","Libby's","Libby's 100% Pure Pumpkin","","Libby's 100% Pure Pumpkin","2.19","0.0","Market Basket","15 oz","15 oz","15689.jpg","","8"
"31882","Breakfast & Dairy","Dairy & Eggs","Yogurt","Icelandic ","Icelandic Traditional Skyr Provisions Strawberry Rhubarb ","","Icelandic Traditional Skyr Provisions Strawberry Rhubarb ","1.74","0.0","Market Basket","5.3 oz","5.3 oz","X362.jpg","","1"
"410","Laundry & Paper Goods","Paper Goods","Bathroom Tissues / Toilet Paper","Scott","Scott Unscented Bathroom Tissue","","Scott Unscented Bathroom Tissue","4.36","1.0","Market Basket","4 count","4 count","No Image.jpg","","14"
"33232","Breakfast & Dairy","Breads & Rolls","Rolls","Martin's","Martin's Hoagie Rolls","075185001500","Martin's Hoagie Rolls","4.99","0.0","Market Basket","20 oz","20 oz","X2549.jpg","","18"
"3919","Fresh Produce","Fresh Vegetables","Pepper","Market Basket","Field Grown Red Peppers","","Field Grown Red Peppers","2.52","0.0","Market Basket","1 lb","1 lb","f243.jpg","","20"
"5967","Beverages & Juices","Cocoa & Drink Mixes","Cocoa & Drink Mixes","Master of Mixes","Master of Mixes Sour Apple Martini Mixer","","Master of Mixes Sour Apple Martini Mixer","4.99","0.0","Market Basket","33.8 fl oz","33.8 fl oz","16654.jpg","","17"
"6304","Beverages & Juices","Water","Sparkling Water","Poland Spring","Poland Spring Sparkling Water, Triple Berry","","Poland Spring Sparkling Water, Triple Berry","3.74","0.0","Market Basket","8 x 16.9 fl oz","8 x 16.9 fl oz","3230.jpg","","11"
"32656","Breakfast & Dairy","Cereal","Cereal","Malt O Meal","Malt O Meal Frosted Flakes ","042400069447","Malt O Meal Frosted Flakes ","3.75","0.0","Market Basket","23 oz","23 oz","X3470.jpg","","5"
"34310","Pasta & Sauces","Pasta Sauce","Pasta Sauce","Rao's","Rao's Bolognese Homestyle Pasta Sauce Premium Traditionally Crafted","747479000123","Rao's Bolognese Homestyle Pasta Sauce Premium Traditionally Crafted","6.24","0.0","Market Basket","24 oz","24 oz","X1535.jpg","","4"
"7950","Cooking Needs","Canned Food","Soup, Broth & Bouillon","Campbell's","Campbell's Condensed Campbell's Condensed Cream of Onion Soup","","Campbell's Condensed Campbell's Condensed Cream of Onion Soup","2.09","0.0","Market Basket","10.5 oz","10.5 oz","5319.jpg","","2"
"6152","Beverages & Juices","Soft Drinks & Seltzers","Soft Drinks","Mountain Dew","Mountain Dew Original","","Mountain Dew Original","2.5","0.0","Market Basket","2 L","2 L","3959.jpg","","17"
"5885","Beverages & Juices","Cocoa & Drink Mixes","Cocoa & Drink Mixes","Tang","Tang Orange Mango Drink Mix","","Tang Orange Mango Drink Mix","3.36","0.0","Market Basket","19.7 oz","19.7 oz","No Image.jpg","","17"
"10419","Cooking Needs","Canned Food","Canned Food","Goya","Goya Pink Beans","","Goya Pink Beans","2.09","0.0","Market Basket","16 oz","16 oz","5810.jpg","","7"
"14671","Personal Care","Body Wash, Soap & Hair Care","Body Lotion","Nivea","Nivea Hydrating In-Shower Body Lotion","","Nivea Hydrating In-Shower Body Lotion","10.57","1.0","Market Basket","13.5 fl oz","13.5 fl oz","17764.jpg","","13"
"7286","Cooking Needs","Spices & Seasonings","Spices & Seasonings","McCormick","McCormick GourmetÃ¢âÂ¢ Organic Chipotle Chile Pepper","","McCormick GourmetÃ¢âÂ¢ Organic Chipotle Chile Pepper","6.09","0.0","Market Basket","2 oz","2 oz","2191.jpg","","9"
"31436","Beverages & Juices","Energy & Sports Drinks","Energy & Sports Drinks","Gatorade","Gatorade Thirst Quencher 18 Pack: 6 Orange, 6 Fruit Punch and 6 Lemon Lime","052000123241","Gatorade Thirst Quencher 18 Pack: 6 Orange, 6 Fruit Punch and 6 Lemon Lime","11.86","0.0","Market Basket","18 x 12 fl oz","18 x 12 fl oz","X2683.jpg","","10"
"32397","Beverages & Juices","Juices & Refrigerated Drinks","Juice & Nectars","Kool-Aid","Kool Aid Bursts Tropical Punch","043000953693","Kool Aid Bursts Tropical Punch","1.25","0.0","Market Basket","6 x 6.75 fl oz","6 x 6.75 fl oz","X3151.jpg","","10"
"8801","Condiments & Dressings","Salad Dressings & Toppings","Salad Dressing & Toppings","Chatham Village","Chatham Village Caesar Traditional Cut Baked Croutons","","Chatham Village Caesar Traditional Cut Baked Croutons","1.29","0.0","Market Basket","5 oz","5 oz","15436.jpg","","2"
"3869","Fresh Produce","Fresh Vegetables","Kale","Market Basket","J&D Produce Red Kale","","J&D Produce Red Kale","3.55","0.0","Market Basket","1 bunch","1 bunch","FP109.jpg","","20"
"33523","Breakfast & Dairy","Cereal","Cereal","Nature's Path","Nature's Path Orignal Sunrise Crunchy Vanilla Gluten Free","058449771555","Nature's Path Orignal Sunrise Crunchy Vanilla Gluten Free","4.99","0.0","Market Basket","10.6 oz","10.6 oz","X3695.jpg","","5"
"34112","Beverages & Juices","Energy & Sports Drinks","Energy & Sports Drinks","Powerade","Powerade Sports Drink Orange","049000079364","Powerade Sports Drink Orange","1.1","0.0","Market Basket","28 fl oz","28 fl oz","X2693.jpg","","10"
"6674","Beverages & Juices","Juices & Refrigerated Drinks","Refrigerated Drinks","Tropicana ","Tropicana Trop50 NO PULP CALICIUM +VITAMIN D 50% LESS SUGAR & CALORIES Than Orange juice","","Tropicana Trop50 NO PULP CALICIUM +VITAMIN D 50% LESS SUGAR & CALORIES Than Orange juice","4.61","0.0","Market Basket","52 fl oz","52 fl oz","X851.jpg","","1"
"7195","Cooking Needs","Spices & Seasonings","Spices & Seasonings","Badia","Badia Ginger Ground","","Badia Ginger Ground","1.59","0.0","Market Basket","1.5 oz","1.5 oz","2221.jpg","","9"
"32124","Breakfast & Dairy","Cereal","Cereal","Kellogg's ","Kellogg's Apple Jacks Jumbo Snax","038000234538","Kellogg's Apple Jacks Jumbo Snax","6.24","0.0","Market Basket","12 x 0.45 oz","12 x 0.45 oz","X3602.jpg","","5"
"171","Kitchen & Cleaning","Cleaning Products","Other Cleaning Products","Pledge","Pledge Floor Care Hardwood Cleaner","","Pledge Floor Care Hardwood Cleaner","5.19","1.0","Market Basket","27 fl oz","27 fl oz","16810.jpg","","15"
"33868","Condiments & Dressings","Pickled Goods & Olives","Olives","Pastene","Pastene Imported Since 1874 Garlic Stuffed Olives","066086130406","Pastene Imported Since 1874 Garlic Stuffed Olives","6.86","0.0","Market Basket","7 oz","7 oz","X2337.jpg","","2"
"5839","Breakfast & Dairy","Bars & Pastries","Protien Bars","thinkThin","thinkThin Protein & Fiber Bar Dark Chocolate Peppermint","","thinkThin Protein & Fiber Bar Dark Chocolate Peppermint","1.89","0.0","Market Basket","1.41 oz","1.41 oz","15264.jpg","","3"
"6807","Cooking Needs","Baking & Cooking","Baking Ingredients","Carnation ","Carnation Evaporated Lowfat Milk","","Carnation Evaporated Lowfat Milk","2.79","0.0","Market Basket","12 fl oz","12 fl oz","2370.jpg","","8"
"4944","Chips, Cookies & Snacks","Chips & Fruit Snacks","Chips & Pretzels","Snyder's of Hanover","Snyder's of Hanover Pretzels, Butter Snaps","","Snyder's of Hanover Pretzels, Butter Snaps","5.45","0.0","Market Basket","12 oz","12 oz","902.jpg","","0"
"5057","Chips, Cookies & Snacks","Cookies & Crackers","Cookies & Cakes","Keebler","Keebler Fudge Sticks Fudge Covered Creme Wafer","","Keebler Fudge Sticks Fudge Covered Creme Wafer","3.91","0.0","Market Basket","8.5 oz","8.5 oz","No Image.jpg","","6"
"13293","Breakfast & Dairy","Dairy & Eggs","Butter","I Can't Believe It's Not Butter","I Can't Believe It's Not Butter Vegetable Oil Spread Sticks Original","","I Can't Believe It's Not Butter Vegetable Oil Spread Sticks Original","3.29","0.0","Market Basket","4 oz","4 oz","637.jpg","","1"
"32917","Breakfast & Dairy","Dairy & Eggs","Yogurt","Market Basket","Market Basket Greek Nonfat Yogurt Raspberry ","","Market Basket Greek Nonfat Yogurt Raspberry ","3.75","0.0","Market Basket","5.3 oz","5.3 oz","X555.jpg","","1"
"14818","Personal Care","Body Wash, Soap & Hair Care","Hair Care","White Rain","White Rain Extra Hold Hair Spray Unscented","","White Rain Extra Hold Hair Spray Unscented","1.83","1.0","Market Basket","7 oz","7 oz","6601.jpg","","13"
"31666","Frozen Food","Frozen Dinners & Entrees","Frozen Meal","Healthy Choice","Healthy Choice Grilled Chicken Pesto & Vegetables","072655001275","Healthy Choice Grilled Chicken Pesto & Vegetables","3.74","0.0","Market Basket","9.15 oz","9.15 oz","X4080.jpg","","18"
"13661","Breakfast & Dairy","Dairy & Eggs","Packaged Cheese","Cracker Barrel","Cracker Barrel Vermont Sharp White Cheddar Cheese Chunk","","Cracker Barrel Vermont Sharp White Cheddar Cheese Chunk","3.69","0.0","Market Basket","8 oz","8 oz","186.jpg","","1"
"13730","Breakfast & Dairy","Dairy & Eggs","Packaged Cheese","Market Basket","Market Basket Colby Jack Cheese Slices","","Market Basket Colby Jack Cheese Slices","2.69","0.0","Market Basket","8 oz","8 oz","Market Basket.jpg","","1"
"6640","Beverages & Juices","Juices & Refrigerated Drinks","Refrigerated Drinks","Odwalla","Odwalla Mango Tango Fruit Juice Drink","","Odwalla Mango Tango Fruit Juice Drink","8.59","0.0","Market Basket","59 oz","59 oz","3790.jpg","","20"
"33154","Condiments & Dressings","Salad Dressings & Toppings","Salad Dressing & Toppings","Market Basket ","Market Basket Great as a Mairnade Light Italian Dressing","049705016107","Market Basket Great as a Mairnade Light Italian Dressing","2.24","0.0","Market Basket","16 fl oz","16 fl oz","X596.jpg","","2"
"32449","Frozen Food","Frozen Produce","Frozen Produce","La Fe","La Fe Yellow Potato Papa Criolla","023545101988","La Fe Yellow Potato Papa Criolla","6.11","0.0","Market Basket","32 oz","32 oz","X4412.jpg","","18"
"7145","Cooking Needs","Oils & Vinegars","Oils & Vinegars","Mazola","Mazola Vegetable Plus! Oil","","Mazola Vegetable Plus! Oil","4.69","0.0","Market Basket","40 fl oz","40 fl oz","15524.jpg","","2"
"13753","Breakfast & Dairy","Dairy & Eggs","Packaged Cheese","Market Basket","Market Basket Pepper Jack Cheese Block","","Market Basket Pepper Jack Cheese Block","6.09","0.0","Market Basket","24 oz","24 oz","Market Basket.jpg","","1"
"6486","Chips, Cookies & Snacks","Nuts, Seeds & Dried Fruit","Nuts, Seeds & Dried Fruit","Teddie Premium Selection","Teddie Premium Selection Extra Fancy Mixed Nuts","","Teddie Premium Selection Extra Fancy Mixed Nuts","6.24","0.0","Market Basket","8 oz","8 oz","No Image.jpg","","6"
"10194","Frozen Food","Ice Cream & Ice","Ice Cream & Ice","Outshine","Outshine Strawberry Fruit Bars","","Outshine Strawberry Fruit Bars","3.69","0.0","Market Basket","12 count","12 count","3155.jpg","","21"
"7612","Cooking Needs","Canned Food","Canned Fruit & Applesauce","Del Monte","Del Monte Diced Peaches in 100% Juice Plastic Fruit Cup Snacks","","Del Monte Diced Peaches in 100% Juice Plastic Fruit Cup Snacks","2.49","0.0","Market Basket","4 oz","4 oz","4905.jpg","","3"
"34766","Condiments & Dressings","Marinades, Ketchup & Sauces","Marinades & Meat Preparation","Sweet Baby Ray's","Sweet Baby Ray's Gourmet Sauces Kickin' Bourbon Sauce & Marinade For Wings,Meat,Seafood,Veggies ","013409515853","Sweet Baby Ray's Gourmet Sauces Kickin' Bourbon Sauce & Marinade For Wings,Meat,Seafood,Veggies ","2.86","0.0","Market Basket","12 fl oz","12 fl oz","X2075.jpg","","2"
"6584","Beverages & Juices","Juices & Refrigerated Drinks","Refrigerated Drinks","Dole","Dole 100% JUICE Orange Strawberry Banana","","Dole 100% JUICE Orange Strawberry Banana","3.13","0.0","Market Basket","59 fl oz","59 fl oz","X230.jpg","","1"
"15077","Personal Care","Personal Needs","Eye & Ear Care","Q-Tips","Q-Tips Cotton Swabs Original","","Q-Tips Cotton Swabs Original","4.93","1.0","Market Basket","500 count","500 count","18157.jpg","","13"
"32461","Breakfast & Dairy","Dairy & Eggs","Yogurt","La Yogurt"," La Yogurt Probiotic 6 Strawberry Banana & 6 Blueberry Lowfat 25% Less Sugar ",""," La Yogurt Probiotic 6 Strawberry Banana & 6 Blueberry Lowfat 25% Less Sugar ","7.49","0.0","Market Basket","6 oz","6 oz","X469.jpg","","1"
"7397","Cooking Needs","Canned Food","Canned & Jarred Vegetables","Bush's Best","Bush's Best Chili Beans Black Beans Mild Chili Sauce","","Bush's Best Chili Beans Black Beans Mild Chili Sauce","1.29","0.0","Market Basket","15.5 oz","15.5 oz","17099.jpg","","9"
"35113","Frozen Food","Frozen Dinners & Entrees","Frozen Appetizers & Sides","White Castle","White Castle Classic Cheese Sliders","082988010066","White Castle Classic Cheese Sliders","5.36","0.0","Market Basket","11 oz","11 oz","X4000.jpg","","18"
"10411","Cooking Needs","Canned Food","Canned Food","Goya","Goya Kidney Beans White","","Goya Kidney Beans White","2.39","0.0","Market Basket","16 oz","16 oz","17448.jpg","","7"
"32881","Breakfast & Dairy","Breads & Rolls","Rolls","Market Basket","Market Basket 8 Seeded Hamburg Rolls","049705811139","Market Basket 8 Seeded Hamburg Rolls","1.61","0.0","Market Basket","11.5 oz","11.5 oz","X2366.jpg","","18"
"34027","Frozen Food","Frozen Dessert","Frozen Dessert","Pillsbury","Pillsbury Toster Strudel Pestries Blueberry","018000426966","Pillsbury Toster Strudel Pestries Blueberry","3.13","0.0","Market Basket","11.7 oz","11.7 oz","X5077.jpg","","19"
"14619","Breakfast & Dairy","Tea & Coffee","Tea","Tetley","Tetley Natural Green Tea","","Tetley Natural Green Tea","3.69","0.0","Market Basket","72 x 5.08 oz","72 x 5.08 oz","16315.jpg","","8"
"13390","Breakfast & Dairy","Dairy & Eggs","Cream","Nestle","NestlÃÂ© Coffee Mate The Original Powder Coffee Creamer","","NestlÃÂ© Coffee Mate The Original Powder Coffee Creamer","4.89","0.0","Market Basket","22 oz","22 oz","543.jpg","","1"
"4971","Chips, Cookies & Snacks","Chips & Fruit Snacks","Chips & Pretzels","Tostitos","Tostitos Hint Of Lime Flavored Tortilla Chips","","Tostitos Hint Of Lime Flavored Tortilla Chips","5.47","0.0","Market Basket","13 oz","13 oz","965.jpg","","0"
"15356","Personal Care","Vitamins & Proteins","Vitamins & Supplements","Sundown Naturals","Sundown Naturals Calcium Magnesium And Zinc - 100 CT","","Sundown Naturals Calcium Magnesium And Zinc - 100 CT","5.62","1.0","Market Basket","100 count","100 count","6695.jpg","","13"
"4331","Meat & Seafood","Meat & Seafood Counter","Pork","Smithfield","Smithfield Smoked Pork Neck Bones","","Smithfield Smoked Pork Neck Bones","2.39","0.0","Market Basket","1 lb","1 lb","No Image.jpg","","22"
"31275","Breakfast & Dairy","Dairy & Eggs","Yogurt","Fage ","Fage Total 0% Milkfat All Natural Nonfat Greek Strained Yogurt ","","Fage Total 0% Milkfat All Natural Nonfat Greek Strained Yogurt ","3.74","0.0","Market Basket","17.6 oz","17.6 oz","X258.jpg","","1"
"5757","Breakfast & Dairy","Bars & Pastries","Protien Bars","Luna","Luna Blueberry Bliss Whole Nutrition Bar","","Luna Blueberry Bliss Whole Nutrition Bar","1.25","0.0","Market Basket","1.69 oz","1.69 oz","1289.jpg","","3"
"5508","Chips, Cookies & Snacks","Candy & Chocolates","Candy & Chocolate","M&M","M&m's Peanuts & Milk Chocolate Candies","","M&m's Peanuts & Milk Chocolate Candies","0.99","0.0","Market Basket","1.7 oz","1.7 oz","1003.jpg","","3"
"31548","Chips, Cookies & Snacks","Candy & Chocolates","Candy & Chocolate","Goobers ","Goobers Milk Chocolates Dry Roasted Peanuts","","Goobers Milk Chocolates Dry Roasted Peanuts","4.99","0.0","Market Basket","3.5 oz","3.5 oz","X304.jpg","","3"
"14409","Breakfast & Dairy","Tea & Coffee","Coffee","Market Basket","Market Basket French Vanilla Creme Coffee","","Market Basket French Vanilla Creme Coffee","4.89","0.0","Market Basket","11 oz","11 oz","Market Basket.jpg","","8"
"9053","Condiments & Dressings","Preserved Dips & Spreads","Spreads","Smucker's","Smucker's Seedless Strawberry Jam","","Smucker's Seedless Strawberry Jam","2.49","0.0","Market Basket","18 oz","18 oz","1611.jpg","","3"
"30933","Breakfast & Dairy","Dairy & Eggs","Yogurt","Chobani","Chobani Greek Yogurt Black Cherry On The Bottom 4 Value Pack ","","Chobani Greek Yogurt Black Cherry On The Bottom 4 Value Pack ","4.36","0.0","Market Basket","4 x 5.3 oz","4 x 5.3 oz","X140.jpg","","1"
"5766","Breakfast & Dairy","Bars & Pastries","Protien Bars","Luna","Luna Whole Nutrition Bar Nut Over Chocolate","","Luna Whole Nutrition Bar Nut Over Chocolate","1.25","0.0","Market Basket","1.7 oz","1.7 oz","1294.jpg","","3"
"279","Kitchen & Cleaning","Dish Detergents","Dishwasher Detergent","Seventh Generation","Seventh Generation Dishwasher Detergent Packs Fragrance Free","","Seventh Generation Dishwasher Detergent Packs Fragrance Free","7.39","1.0","Market Basket","20 count","20 count","18064.jpg","","15"
"4203","Meat & Seafood","Packaged Meat & Seafood","Chicken Breast","Perdue","Perdue Breaded Chicken Breast Nuggets","","Perdue Breaded Chicken Breast Nuggets","3.69","0.0","Market Basket","0.75 lb","0.75 lb","4103.jpg","","22"
"8983","Condiments & Dressings","Preserved Dips & Spreads","Spreads","Jif","Jif Creamy Peanut Butter","","Jif Creamy Peanut Butter","3.49","0.0","Market Basket","16 oz","16 oz","1647.jpg","","3"
"4182","Meat & Seafood","Packaged Meat & Seafood","Chicken","Perdue","Perdue Carved Chicken BreastGrilled Italian Style","","Perdue Carved Chicken BreastGrilled Italian Style","3.49","0.0","Market Basket","0.56 lb","0.56 lb","4093.jpg","","22"
"3693","Fresh Produce","Fresh Fruits","Other Special fruits","Market Basket","Grapefruit","","Grapefruit","1.14","0.0","Market Basket","1 count","1 count","14216.jpg","","20"
"13665","Breakfast & Dairy","Dairy & Eggs","Packaged Cheese","BelGioioso","BelGioioso All Natural Cheese Fresh Mozzarella Ciliegine ""Cherry Size""","","BelGioioso All Natural Cheese Fresh Mozzarella Ciliegine ""Cherry Size""","3.69","0.0","Market Basket","7 oz","7 oz","170.jpg","","1"
"32252","Condiments & Dressings","Salad Dressings & Toppings","Salad Dressing & Toppings","Ken's Steak House","Ken's Seak House Simply Chunky Blue Cheese Dressing ","041335001256","Ken's Seak House Simply Chunky Blue Cheese Dressing ","3.49","0.0","Market Basket","16 fl oz","16 fl oz","X420.jpg","","2"
"35035","Beverages & Juices","Energy & Sports Drinks","Energy & Sports Drinks","Vitamin 1","Vitamin 1 Passion Berry No Sugar","8.64477E+11","Vitamin 1 Passion Berry No Sugar","2.49","0.0","Market Basket","16.9 fl oz","16.9 fl oz","X2754.jpg","","10"
"13441","Breakfast & Dairy","Dairy & Eggs","Eggs","Nellie's","Nellie's Large Free Range Grade A Eggs","","Nellie's Large Free Range Grade A Eggs","3.69","0.0","Market Basket","12 count","12 count","613.jpg","","1"
"13890","Breakfast & Dairy","Dairy & Eggs","Soy & Lactose-Free","Market Basket","Market Basket Lactose Free Whole Milk","","Market Basket Lactose Free Whole Milk","3.69","0.0","Market Basket","0.5 gal","0.5 gal","Market Basket.jpg","","1"
"9723","Frozen Food","Frozen Pizza","Frozen Pizza","Market Basket","Market Basket Wheat Pizza Dough","","Market Basket Wheat Pizza Dough","1.59","0.0","Market Basket","18.5 oz","18.5 oz","Market Basket.jpg","","19"
"7206","Cooking Needs","Spices & Seasonings","Spices & Seasonings","Chef Paul","Chef Paul Prudhomme Poultry Magic Seasoning Blend","","Chef Paul Prudhomme Poultry Magic Seasoning Blend","4.89","0.0","Market Basket","1 ct","1 ct","No Image.jpg","","9"
"5667","Chips, Cookies & Snacks","Candy & Chocolates","Mint & Gum","Orbit","Orbit Wintermint Sugarfree Gum single","","Orbit Wintermint Sugarfree Gum single","1.29","0.0","Market Basket","14 ct","14 ct","1491.jpg","","3"
"31263","Pasta & Sauces","Raw Pasta","Raw Pasta","Explore Cusine","Explore Cusine Organic Pasta Edamame Spaghetti","854183006041","Explore Cusine Organic Pasta Edamame Spaghetti","4.99","0.0","Market Basket","8 oz","8 oz","X1577.jpg","","4"
"31883","Breakfast & Dairy","Dairy & Eggs","Yogurt","Icelandic ","Icelandic Traditional Skyr Provisions Mixed Berry ","","Icelandic Traditional Skyr Provisions Mixed Berry ","1.74","0.0","Market Basket","4.4 oz","4.4 oz","X363.jpg","","1"
"32440","Frozen Food","Frozen Fruit & Juice","Frozen Fruit","La Fe","La Fe Papaya Chunks","023545002582","La Fe Papaya Chunks","1.99","0.0","Market Basket","14 oz","14 oz","X4403.jpg","","18"
"30035","Cooking Needs","Oils & Vinegars","Oils & Vinegars","Alessi","Alessi Autentico Premium Aceto Balsamic Bianco White Balsamic Vinegar ","","Alessi Autentico Premium Aceto Balsamic Bianco White Balsamic Vinegar ","4.36","0.0","Market Basket","12.75 fl oz","12.75 fl oz","X1787.jpg","","2"
"5856","Richardson's Farm Ice Cream","Ice Cream Toppings","Ice Cream Toppings","Market Basket","Market Basket Maraschino Cherries","","Market Basket Maraschino Cherries","2.49","0.0","Market Basket","10 oz","10 oz","Market Basket.jpg","","20"
"32923","Breakfast & Dairy","Dairy & Eggs","Yogurt","Market Basket","Market Basket Greek Nonfat Yogurt Peach ","","Market Basket Greek Nonfat Yogurt Peach ","3.75","0.0","Market Basket","5.3 oz","5.3 oz","X561.jpg","","1"
"7926","Cooking Needs","Canned Food","Soup, Broth & Bouillon","Campbell's","Campbell's Chunky Healthy Request Campbell's Chunky Soup, Healthy Request Chicken Noodle Soup","","Campbell's Chunky Healthy Request Campbell's Chunky Soup, Healthy Request Chicken Noodle Soup","3.09","0.0","Market Basket","18.6 oz","18.6 oz","17200.jpg","","9"
"3549","Fresh Produce","Fresh Vegetables","Bok Choy","Market Basket","Bag Baby Bok Choy","","Bag Baby Bok Choy","3.84","0.0","Market Basket","1 lb","1 lb","f155.jpg","","20"
"122","Kitchen & Cleaning","Cleaning Products","Disinfecting Wipes & Sprays","Lysol","Lysol Citrus Meadows Scent Disinfectant Spray","","Lysol Citrus Meadows Scent Disinfectant Spray","4.89","1.0","Market Basket","12.5 oz","12.5 oz","16827.jpg","","15"
"32717","Condiments & Dressings","Salad Dressings & Toppings","Salad Dressing & Toppings","Maple Grove Farms","Maple Grove Farms of Vermont Strawberry Balsamic  Dressing ","","Maple Grove Farms of Vermont Strawberry Balsamic  Dressing ","4.36","0.0","Market Basket","12 fl oz","12 fl oz","X496.jpg","","2"
"5958","Beverages & Juices","Cocoa & Drink Mixes","Cocoa & Drink Mixes","Mr & Mrs T","Mr & Mrs T Fiery Pepper Bloody Mary Mix","","Mr & Mrs T Fiery Pepper Bloody Mary Mix","6.24","0.0","Market Basket","1.75 L","1.75 L","No Image.jpg","","17"
"33628","Breakfast & Dairy","Dairy & Eggs","Yogurt","Noosa ","Noosa Vanilla Bean","","Noosa Vanilla Bean","2.5","0.0","Market Basket","8 oz","8 oz","X676.jpg","","1"
"31469","Breakfast & Dairy","Cereal","Cereal","General Mills","General Mills Cinnamon Chex","016000103719","General Mills Cinnamon Chex","3.13","0.0","Market Basket","12 oz","12 oz","X3446.jpg","","5"
"31866","Cooking Needs","Canned Food","Canned Tomatoes","Hunts","Hunts Crushed Tomatoes with Basil","027000379981","Hunts Crushed Tomatoes with Basil","1.88","0.0","Market Basket","28 oz","28 oz","X1373.jpg","","4"
"14738","Personal Care","Body Wash, Soap & Hair Care","Hair Care","Grisi","Grisi Detangling Lotion, Kids","","Grisi Detangling Lotion, Kids","2.86","1.0","Market Basket","8.4 oz","8.4 oz","17818.jpg","","13"
"264","Kitchen & Cleaning","Dish Detergents","Dishwasher Detergent","Finish","Finish Gelpacs All in 1 Orange Scent Automatic Dishwasher Detergent","","Finish Gelpacs All in 1 Orange Scent Automatic Dishwasher Detergent","4.89","1.0","Market Basket","14.3 oz","14.3 oz","4349.jpg","","15"
"34322","Frozen Food","Frozen Dinners & Entrees","Frozen Meal","Rao's","RAO'S Chicken Alfredo","747479300063","RAO'S Chicken Alfredo","5.36","0.0","Market Basket","8.4 oz","8.4 oz","X3995.jpg","","18"
"35206","Breakfast & Dairy","Dairy & Eggs","Yogurt","Yoplait","Yoplait light Made With Real Fruit 4 Mountain blueberry & 4 mixed Berry","","Yoplait light Made With Real Fruit 4 Mountain blueberry & 4 mixed Berry","5.61","0.0","Market Basket","8 x 6 oz","8 x 6 oz","X940.jpg","","1"
"35171","Condiments & Dressings","Marinades, Ketchup & Sauces","Marinades & Meat Preparation","World Harbors ","World Harbors Aulthentic Flavors Asian Style Sweet Chili Sauce & Marmade Cooking Dipping  ","715364100067","World Harbors Aulthentic Flavors Asian Style Sweet Chili Sauce & Marmade Cooking Dipping  ","5.61","0.0","Market Basket","16 fl oz","16 fl oz","X2044.jpg","","2"
"15111","Personal Care","Personal Needs","Facial Care","Olay","Olay Active Hydrating Cream Face Moisturizer","","Olay Active Hydrating Cream Face Moisturizer","10.57","1.0","Market Basket","2 oz","2 oz","6259.jpg","","13"
"32653","Condiments & Dressings","Marinades, Ketchup & Sauces","Mustard Sauce","Maille","Maille Dijon Originale Depuis 1747 Traditional Dijaon Mustrad ","043646207587","Maille Dijon Originale Depuis 1747 Traditional Dijaon Mustrad ","3.74","0.0","Market Basket","9 oz","9 oz","X2168.jpg","","2"
"10314","Pasta & Sauces","Raw Pasta","Raw Pasta","Light 'n Fluffy","Light 'N Fluffy Wide Egg Noodles","","Light 'N Fluffy Wide Egg Noodles","1.89","0.0","Market Basket","12 oz","12 oz","17335.jpg","","4"
"31814","Meat & Seafood","Packaged Meat & Seafood","Ham","Hormel ","Hormel Natural Choice Pecanwood Smoked Brown Sugar Ham","","Hormel Natural Choice Pecanwood Smoked Brown Sugar Ham","4.99","0.0","Market Basket","6 oz","6 oz","X4505.jpg","","1"
"31513","Frozen Food","Frozen Pasta","Frozen Pasta","Giosanmi Rama ","Giosanmi Rama Organic Asparagus & Mozzerella Ravioli Frozen Pasta","","Giosanmi Rama Organic Asparagus & Mozzerella Ravioli Frozen Pasta","6.24","0.0","Market Basket","9 oz","9 oz","X4668.jpg","","1"
"7561","Cooking Needs","Canned Food","Canned & Jarred Vegetables","Pastene","Pastene Artichoke Hearts Quartered & Marinated","","Pastene Artichoke Hearts Quartered & Marinated","2.49","0.0","Market Basket","6 oz","6 oz","4970.jpg","","9"
"31067","Condiments & Dressings","Marinades, Ketchup & Sauces","Sauce","Dai Day ","Dai Day Duck Sauce ","070258041216","Dai Day Duck Sauce ","4.99","0.0","Market Basket","40 oz","40 oz","X5386.jpg","","3"
"30817","Meat & Seafood","Packaged Meat & Seafood","Salami","Carando ","Carando Clasic Italian Genoa Salami ","","Carando Clasic Italian Genoa Salami ","3.11","0.0","Market Basket","3.16 oz","3.16 oz","X4554.jpg","","1"
"33190","Frozen Food","Frozen Pizza","Frozen Pizza","Market Basket ","Market Basket Wood-Fired Crust Pizza ","049705708507","Market Basket Wood-Fired Crust Pizza ","5.49","0.0","Market Basket","12.20 oz","12.20 oz","X4893.jpg","","19"
"3993","Fresh Produce","Fresh Vegetables","Spinach","Market Basket","Fresh Bunch Spinach","","Fresh Bunch Spinach","2.19","0.0","Market Basket","1 bunch","1 bunch","f276.jpg","","20"
"9039","Condiments & Dressings","Preserved Dips & Spreads","Spreads","Smart Balance","Smart Balance Creamy Natural Rich Roast Peanut Butter","","Smart Balance Creamy Natural Rich Roast Peanut Butter","3.89","0.0","Market Basket","16 oz","16 oz","15406.jpg","","3"
"31813","Meat & Seafood","Packaged Meat & Seafood","Crackers","Hormel ","Hormel Gatherings Butter Crisp Crackers","","Hormel Gatherings Butter Crisp Crackers","7.49","0.0","Market Basket","14 oz","14 oz","X4512.jpg","","1"
"7284","Cooking Needs","Spices & Seasonings","Spices & Seasonings","McCormick","McCormick GourmetÃ¢âÂ¢ Organic Basil Leaves","","McCormick GourmetÃ¢âÂ¢ Organic Basil Leaves","4.89","0.0","Market Basket","0.55 oz","0.55 oz","2196.jpg","","9"
"10147","Frozen Food","Ice Cream & Ice","Ice Cream & Ice","Marinos","Marinos Italian Ices Marinos Lemon Italian Ice","","Marinos Italian Ices Marinos Lemon Italian Ice","2.49","0.0","Market Basket","6 fl oz","6 fl oz","16191.jpg","","21"
"15117","Personal Care","Personal Needs","Facial Care","Olay","Olay Lotion Moisturizer with SPF 15 Sensitive","","Olay Lotion Moisturizer with SPF 15 Sensitive","12.64","1.0","Market Basket","4 fl oz","4 fl oz","18112.jpg","","13"
"30103","Frozen Food","Frozen Pasta","Frozen Pasta","Angy's","Angy's Butternut Squash & Maple Syrup Ravioli","075662242082","Angy's Butternut Squash & Maple Syrup Ravioli","4.36","0.0","Market Basket","20 oz","20 oz","X4309.jpg","","18"
"34010","Cooking Needs","Baking & Cooking","Stuffing Mix","Pepperidge Farm","Pepperidge Farm Sage & Onion CUBED STUFFING Toasted Corn Bread Blended With Selected Seasonings","","Pepperidge Farm Sage & Onion CUBED STUFFING Toasted Corn Bread Blended With Selected Seasonings","3.13","0.0","Market Basket","12 oz","12 oz","X728.jpg","","1"
"5453","Chips, Cookies & Snacks","Candy & Chocolates","Candy & Chocolate","Hershey's","Hershey's Extra Large Milk Chocolate Bar","","Hershey's Extra Large Milk Chocolate Bar","1.89","0.0","Market Basket","4.4 oz","4.4 oz","988.jpg","","3"
"7115","Cooking Needs","Oils & Vinegars","Oils & Vinegars","LouAna","LouAna Pure Coconut Oil","","LouAna Pure Coconut Oil","4.29","0.0","Market Basket","14 fl oz","14 fl oz","15518.jpg","","2"
"14511","Breakfast & Dairy","Tea & Coffee","Tea","Barry's","Barry's Tea Gold Blend","","Barry's Tea Gold Blend","7.39","0.0","Market Basket","80 count","80 count","16340.jpg","","8"
"30018","Condiments & Dressings","Marinades, Ketchup & Sauces","Sauce","Ah-So","Ah-So Sauce To Make Chinese Style ","073992001119","Ah-So Sauce To Make Chinese Style ","3.13","0.0","Market Basket","11 oz","11 oz","X5390.jpg","","3"
"5374","Chips, Cookies & Snacks","Cookies & Crackers","Cookies & Cakes","Kinnikinnick","Kinnikinnick Kinnitoos Vanilla Sandwich Creme Cookies","","Kinnikinnick Kinnitoos Vanilla Sandwich Creme Cookies","6.23","0.0","Market Basket","8 oz","8 oz","No Image.jpg","","6"
"32714","Condiments & Dressings","Salad Dressings & Toppings","Dressing","Maple Grove Farms","Maple Grove Farms  Of Vermont Balsamic Vinaigrette ","","Maple Grove Farms  Of Vermont Balsamic Vinaigrette ","3.11","0.0","Market Basket","8 fl oz","8 fl oz","X1721.jpg","","2"
"6965","Cooking Needs","Baking & Cooking","Doughs, Gelatins & Bake Mixes","Immaculate","Immaculate Bakery Baking Chocolate Chunk Cookie Dough, Gluten Free Cookies, Non GMO, Bakes 12 Cookies","","Immaculate Bakery Baking Chocolate Chunk Cookie Dough, Gluten Free Cookies, Non GMO, Bakes 12 Cookies","4.29","0.0","Market Basket","14 oz","14 oz","15617.jpg","","8"
"33762","Breakfast & Dairy","Dairy & Eggs","Yogurt","Yoplait","Oui By Yoplait Raspberry French Style Yogurt ","","Oui By Yoplait Raspberry French Style Yogurt ","1.74","0.0","Market Basket","5 oz","5 oz","X711.jpg","","1"
"30485","Cooking Needs","Rice & Grains","Grains, Rice & Dried Goods","Bob's Red Mill","Bob's Red Mill Organic Whole Grain Red Quinoa Gluten Free The traditional Grain of Andes","039978019448","Bob's Red Mill Organic Whole Grain Red Quinoa Gluten Free The traditional Grain of Andes","7.49","0.0","Market Basket","13 oz","13 oz","X1073.jpg","","4"
"33263","Cooking Needs","Baking & Cooking","Pizza Sauce","Mezzetta ","Mezetta Pizza Sauce","073214009657","Mezetta Pizza Sauce","3.74","0.0","Market Basket","14 oz","14 oz","X1319.jpg","","4"
"35224","Meat & Seafood","Packaged Meat & Seafood","Chicken","Yummy","Yummy Breaded Chicken Breast Patties 100% All Natural","064563228806","Yummy Breaded Chicken Breast Patties 100% All Natural","4.99","0.0","Market Basket","24.5 oz","24.5 oz","X4780.jpg","","1"
"34606","Cooking Needs","Oils & Vinegars","Oils & Vinegars","Spectrum","Spectrum Organic Flax Oil Shelf Stable Formula No Refrigeration No Needed ","022506123571","Spectrum Organic Flax Oil Shelf Stable Formula No Refrigeration No Needed ","11.24","0.0","Market Basket","5 fl oz","5 fl oz","X1963.jpg","","2"
"34577","Beverages & Juices","Tea, Coffee, Milk & Coconut Water","Tea","Snapple","Snapple All Natural Mango Tea","","Snapple All Natural Mango Tea","7.49","0.0","Market Basket","12 x 16 fl oz","12 x 16 fl oz","X2994.jpg","","10"
"34085","Frozen Food","Frozen Dinners & Entrees","Frozen Appetizers & Sides","Poppy's ","Poppy's Pierogies Potato, Swiss & Monterey Jack","814416001922","Poppy's Pierogies Potato, Swiss & Monterey Jack","1.25","0.0","Market Basket","13 oz","13 oz","X4307.jpg","","18"
"32009","Frozen Food","Frozen Dinners & Entrees","Frozen Meal","Kahiki","Kahiki Fried Rice Japenese Style","054347142206","Kahiki Fried Rice Japenese Style","3.13","0.0","Market Basket","16 oz","16 oz","X3955.jpg","","18"
"5149","Chips, Cookies & Snacks","Cookies & Crackers","Crackers","Austin","Austin Sandwich Crackers Peanut Butter on Toasty Crackers","","Austin Sandwich Crackers Peanut Butter on Toasty Crackers","2.34","0.0","Market Basket","11 oz","11 oz","15114.jpg","","6"
"7449","Cooking Needs","Canned Food","Canned & Jarred Vegetables","Goya","Goya Pinto Beans","","Goya Pinto Beans","1.49","0.0","Market Basket","15 oz","15 oz","5046.jpg","","9"
"12686","Breakfast & Dairy","Breads & Rolls","Bread","Food For Life","Food for Life Ezekiel 4:9 100% Sprouted Whole Grain Bread Cinnamon Raisin","","Food for Life Ezekiel 4:9 100% Sprouted Whole Grain Bread Cinnamon Raisin","6.99","0.0","Market Basket","24 oz","24 oz","4773.jpg","","18"
"15267","Personal Care","Personal Needs","Shave Needs","Gillette","Gillette Sensor 3 Menâs Disposable Razors","","Gillette Sensor 3 Menâs Disposable Razors","8.79","1.0","Market Basket","4 count","4 count","6756.jpg","","13"
"7189","Cooking Needs","Spices & Seasonings","Spices & Seasonings","Badia","Badia Cumin Seed","","Badia Cumin Seed","0.89","0.0","Market Basket","1 oz","1 oz","2220.jpg","","9"
"30389","Chips, Cookies & Snacks","Chips & Fruit Snacks","Fruit & Vegetable Snacks","Betty Crocker","Betty Crocker Pokemon Fruit Flavored Snacks ","016000492981","Betty Crocker Pokemon Fruit Flavored Snacks ","2.5","0.0","Market Basket","8 oz","8 oz","X5166.jpg","","19"
"4807","Meat & Seafood","Frozen Meat & Seafood","Other Frozen Seafood","Yankee Trader Seafood","Yankee Trader Seafood Lobster Cakes - 2 CT","","Yankee Trader Seafood Lobster Cakes - 2 CT","3.69","0.0","Market Basket","6 oz","6 oz","16038.jpg","","22"
"33676","Beverages & Juices","Juices & Refrigerated Drinks","Juice & Nectars","Ocean Spray","Ocean Spray Light 50 Cranberry & Grape Juice Drink from Concentrate","031200343277","Ocean Spray Light 50 Cranberry & Grape Juice Drink from Concentrate","3.74","0.0","Market Basket","64 fl oz","64 fl oz","X2842.jpg","","10"
"14676","Personal Care","Body Wash, Soap & Hair Care","Body Lotion","Vaseline","Vaseline Hand And Body Lotion Essential Healing","","Vaseline Hand And Body Lotion Essential Healing","5.62","1.0","Market Basket","10 fl oz","10 fl oz","18140.jpg","","13"
"13532","Beverages & Juices","Juices & Refrigerated Drinks","Refrigerated Drinks","Simply","Simply Orange CALCIUM VITAMIN D PULP FREE NOT FROM CONCENTRATE 100% ORANGE JUICE","","Simply Orange CALCIUM VITAMIN D PULP FREE NOT FROM CONCENTRATE 100% ORANGE JUICE","3.74","0.0","Market Basket","52 fl oz","52 fl oz","X771.jpg","","1"
"15128","Personal Care","Personal Needs","Facial Care","Skin Active","Skin Active Ultra-Lift Firming Daily Anti-Wrinkle Moisturizer","","Skin Active Ultra-Lift Firming Daily Anti-Wrinkle Moisturizer","19.65","1.0","Market Basket","1.6 fl oz","1.6 fl oz","6263.jpg","","13"
"3699","Fresh Produce","Fresh Fruits","Other Special fruits","Spice World","Spice World Squeeze Ginger","","Spice World Squeeze Ginger","4.93","0.0","Market Basket","10 oz","10 oz","14267.jpg","","20"
"32674","Frozen Food","Frozen Dinners & Entrees","Frozen Appetizers & Sides","Mama Rosie's","Mama Rosie's Spinach & Cheese Lasagna","076239463152","Mama Rosie's Spinach & Cheese Lasagna","5.61","0.0","Market Basket","28 oz","28 oz","X4342.jpg","","18"
"9825","Frozen Food","Frozen Produce","Frozen Produce","Green Giant","Green Giant Steamers Broccoli, Carrots, Cauliflower & Cheese Sauce","","Green Giant Steamers Broccoli, Carrots, Cauliflower & Cheese Sauce","3.69","0.0","Market Basket","24 oz","24 oz","2444.jpg","","19"
"30967","Breakfast & Dairy","Bars & Pastries","Breakfast Bars","Clif","Bar Clif Oatmeal Raisin Walnut","722252661036","Bar Clif Oatmeal Raisin Walnut","8.11","0.0","Market Basket","14.40 oz","14.40 oz","X3905.jpg","","5"
"5708","Breakfast & Dairy","Bars & Pastries","Protien Bars","Balance Bar","Balance Bar Nutrition Bar Yogurt Honey Peanut","","Balance Bar Nutrition Bar Yogurt Honey Peanut","1.29","0.0","Market Basket","1.76 oz","1.76 oz","15216.jpg","","3"
"7623","Cooking Needs","Canned Food","Canned Fruit & Applesauce","Del Monte","Del Monte No Sugar Added Sliced Pears","","Del Monte No Sugar Added Sliced Pears","1.89","0.0","Market Basket","14.5 oz","14.5 oz","4911.jpg","","3"
"34423","Condiments & Dressings","Salad Dressings & Toppings","Croutons","Rothbury Farms ","Rothbury Farms Buttery Garlic Crounots ","","Rothbury Farms Buttery Garlic Crounots ","1.49","0.0","Market Basket","5 oz","5 oz","X1756.jpg","","2"
"33772","Frozen Food","Frozen Dinners & Entrees","Frozen Appetizers & Sides","P.F.Chang's","P.F.Chang's Beef & Broccoli","031000670016","P.F.Chang's Beef & Broccoli","8.11","0.0","Market Basket","22 oz","22 oz","X3977.jpg","","18"
"3763","Fresh Produce","Fresh Herbs","Rosemary","Market Basket","Rosemary","","Rosemary","44.72","0.0","Market Basket","1 bunch","1 bunch","14556.jpg","","20"
"7038","Cooking Needs","Baking & Cooking","Doughs, Gelatins & Bake Mixes","Royal","Royal Pudding & Pie Filling, Instant, Banana Cream","","Royal Pudding & Pie Filling, Instant, Banana Cream","0.89","0.0","Market Basket","1.85 oz","1.85 oz","2108.jpg","","8"
"4339","Meat & Seafood","Meat & Seafood Counter","Salmon","Market Basket","Salmon Fillets","","Salmon Fillets","12.49","0.0","Market Basket","1 lb","1 lb","16684.jpg","","22"
"6930","Cooking Needs","Baking & Cooking","Baking Ingredients","Truvia","Truvia Naturally Sweet Sweetener","","Truvia Naturally Sweet Sweetener","7.39","0.0","Market Basket","80 x 0.105 oz","80 x 0.105 oz","15685.jpg","","8"
"30435","Frozen Food","Frozen Dessert","Frozen Dessert","Blake's","Blake's Shepherd's Pie","017873705130","Blake's Shepherd's Pie","3.74","0.0","Market Basket","8 oz","8 oz","X4109.jpg","","18"
"34576","Beverages & Juices","Tea, Coffee, Milk & Coconut Water","Tea","Snapple","Snapple All Natural Raspberry Tea","","Snapple All Natural Raspberry Tea","7.49","0.0","Market Basket","12 x 16 fl oz","12 x 16 fl oz","X2992.jpg","","10"
"14284","Breakfast & Dairy","Dairy & Eggs","Yogurt","YoCrunch","YoCrunch Vanilla Lowfat Yogurt with Twix Pieces","","YoCrunch Vanilla Lowfat Yogurt with Twix Pieces","2.19","0.0","Market Basket","6 oz","6 oz","463.jpg","","1"
"31732","Meat & Seafood","Packaged Meat & Seafood","Pastrami","Hillshire Farm ","Hillshire Farm Ultra Thin Pastrami ","","Hillshire Farm Ultra Thin Pastrami ","4.99","0.0","Market Basket","7 oz","7 oz","X4537.jpg","","1"
"10492","Cooking Needs","Rice & Grains","Instant Rice","Goya","Goya Yellow Rice Spanish Style","","Goya Yellow Rice Spanish Style","3.59","0.0","Market Basket","14 oz","14 oz","5745.jpg","","7"
"3544","Fresh Produce","Fresh Vegetables","Bell Pepper","Market Basket","Orange Bell Pepper","","Orange Bell Pepper","4.99","0.0","Market Basket","1 lb","1 lb","14347.jpg","","20"
"33469","Breakfast & Dairy","Bars & Pastries","Granola Bars","Nature Valley ","Nature's Valley Crunch Variety Pack (Oats N' Honey, Peanut Butter, Oats N' Dark Chocolate) Granola Bars","016000411265","Nature's Valley Crunch Variety Pack (Oats N' Honey, Peanut Butter, Oats N' Dark Chocolate) Granola Bars","3.75","0.0","Market Basket","6 x 1.49 oz","6 x 1.49 oz","X3819.jpg","","5"
"7197","Cooking Needs","Spices & Seasonings","Spices & Seasonings","Badia","Badia Herbes De Provence French Blend","","Badia Herbes De Provence French Blend","4.69","0.0","Market Basket","1.5 oz","1.5 oz","2234.jpg","","9"
"9872","Frozen Food","Frozen Produce","Frozen Produce","Market Basket","Market Basket Peking Stir Fry","","Market Basket Peking Stir Fry","1.69","0.0","Market Basket","16 oz","16 oz","Market Basket.jpg","","19"
"31309","Breakfast & Dairy","Bars & Pastries","Chewy Bars","Fiber One","Fiber One Chewy bars Oats & Chocolate","016000143449","Fiber One Chewy bars Oats & Chocolate","3.75","0.0","Market Basket","5 x 1.4 oz","5 x 1.4 oz","X3838.jpg","","5"
"6505","Chips, Cookies & Snacks","Nuts, Seeds & Dried Fruit","Nuts, Seeds & Dried Fruit","Blue Diamond","Blue Diamond Whole Natural Almonds","","Blue Diamond Whole Natural Almonds","9.99","0.0","Market Basket","16 oz","16 oz","No Image.jpg","","6"
"31446","Breakfast & Dairy","Cereal","Cereal","General Mills","General Mills Raisin Nut Bran ","016000157811","General Mills Raisin Nut Bran ","4.99","0.0","Market Basket","20.8 oz","20.8 oz","X3423.jpg","","5"
"32529","Frozen Food","Frozen Pasta","Frozen Pasta","Lean Cuisine ","Lean Cuisine Spinach Artichoke Ravioli","013800558060","Lean Cuisine Spinach Artichoke Ravioli","2.5","0.0","Market Basket","9 oz","9 oz","X4220.jpg","","18"
"5880","Beverages & Juices","Cocoa & Drink Mixes","Cocoa & Drink Mixes","4C","4C Ice Tea Mix Decaffeinated","","4C Ice Tea Mix Decaffeinated","6.24","0.0","Market Basket","47.2 oz","47.2 oz","No Image.jpg","","17"
"33485","Breakfast & Dairy","Breads & Rolls","Bread","Nature's Own","Nature's Own Perfectly Crafted Thickly Sliced White Bread","072250020749","Nature's Own Perfectly Crafted Thickly Sliced White Bread","4.61","0.0","Market Basket","22 oz","22 oz","X2470.jpg","","18"
"9810","Frozen Food","Frozen Produce","Frozen Produce","Green Giant","Green Giant Baby Brussels Sprouts & Butter Sauce","","Green Giant Baby Brussels Sprouts & Butter Sauce","2.09","0.0","Market Basket","10 oz","10 oz","2446.jpg","","19"
"14758","Personal Care","Body Wash, Soap & Hair Care","Hair Care","L'Oreal","L'Oreal Paris Studio Line Mega Gel Max Hold","","L'Oreal Paris Studio Line Mega Gel Max Hold","6.31","1.0","Market Basket","6.8 fl oz","6.8 fl oz","17840.jpg","","13"
"7229","Cooking Needs","Spices & Seasonings","Spices & Seasonings","Hain","Hain Pure Foods Sea Salt Iodized","","Hain Pure Foods Sea Salt Iodized","3.69","0.0","Market Basket","26 oz","26 oz","15648.jpg","","9"
"7768","Cooking Needs","Canned Food","Canned Meals & Beans","Green Giant","Green Giant Cut Green Beans","","Green Giant Cut Green Beans","1.09","0.0","Market Basket","14.5 oz","14.5 oz","17135.jpg","","2"
"7758","Cooking Needs","Canned Food","Canned Meals & Beans","Goya","Goya Premium Chick Peas (Garbanzos), Low Sodium","","Goya Premium Chick Peas (Garbanzos), Low Sodium","1.09","0.0","Market Basket","15.5 oz","15.5 oz","5104.jpg","","7"
"10042","Frozen Food","Ice Cream & Ice","Ice Cream & Ice","Friendly's","Friendly's Premium Ice Cream Forbidden Chocolate","","Friendly's Premium Ice Cream Forbidden Chocolate","3.69","0.0","Market Basket","1.5 quart","1.5 quart","3052.jpg","","21"
"32916","Breakfast & Dairy","Dairy & Eggs","Yogurt","Market Basket","Market Basket Greek Nonfat Yogurt Blueberry ","","Market Basket Greek Nonfat Yogurt Blueberry ","3.75","0.0","Market Basket","5.3 oz","5.3 oz","X554.jpg","","1"
"290","Kitchen & Cleaning","Food Storage & Kitchen Supplies","Cake Pans","Hefty","Hefty Ez Foil 8 in. x 8 in. x 1.62 in. with Lids Cake Pans","","Hefty Ez Foil 8 in. x 8 in. x 1.62 in. with Lids Cake Pans","4.89","1.0","Market Basket","3 count","3 count","4468.jpg","","12"
"13600","Breakfast & Dairy","Dairy & Eggs","Other Creams & Cheeses","Market Basket","Market Basket Whipped Cream Cheese","","Market Basket Whipped Cream Cheese","2.09","0.0","Market Basket","8 oz","8 oz","Market Basket.jpg","","1"
"32837","Breakfast & Dairy","Breads & Rolls","Bagels","Market Basket","Market Basket 12 Mini Bagels Whole Wheat","049705543924","Market Basket 12 Mini Bagels Whole Wheat","2.5","0.0","Market Basket","17 oz","17 oz","X2418.jpg","","18"
"13535","Breakfast & Dairy","Dairy & Eggs","Milk","Stonyfield Organic","Stonyfield Organic Protein Fat Free Milk","","Stonyfield Organic Protein Fat Free Milk","4.99","0.0","Market Basket","0.5 gal","0.5 gal","527.jpg","","1"
"7927","Cooking Needs","Canned Food","Soup, Broth & Bouillon","Campbell's","Campbell's Chunky Healthy Request Campbell's Chunky Soup, Healthy Request Sirloin Burger with Country Vegetables Soup","","Campbell's Chunky Healthy Request Campbell's Chunky Soup, Healthy Request Sirloin Burger with Country Vegetables Soup","3.09","0.0","Market Basket","18.8 oz","18.8 oz","17210.jpg","","2"
"7961","Cooking Needs","Canned Food","Soup, Broth & Bouillon","Campbell's","Campbell's Condensed Campbell's Condensed Healthy Request Cream of Chicken Soup","","Campbell's Condensed Campbell's Condensed Healthy Request Cream of Chicken Soup","2.09","0.0","Market Basket","10.5 oz","10.5 oz","5312.jpg","","2"
"33841","Pasta & Sauces","Raw Pasta","Raw Pasta","Pastene","Pastene Potato Gnocchi","066086070108","Pastene Potato Gnocchi","2.99","0.0","Market Basket","1 lb","1 lb","X1593.jpg","","4"
"6575","Beverages & Juices","Juices & Refrigerated Drinks","Refrigerated Drinks","Bolthouse Farms","Bolthouse Farms Mocha Cappuccino","","Bolthouse Farms Mocha Cappuccino","3.09","0.0","Market Basket","15.2 fl oz","15.2 fl oz","3831.jpg","","20"
"34946","Breakfast & Dairy","Cereal","Cereal","Uncle Sam","Uncle Sams Orignal Wheat Berry Flakes","041653457001","Uncle Sams Orignal Wheat Berry Flakes","4.99","0.0","Market Basket","13 oz","13 oz","X3701.jpg","","5"
"7163","Cooking Needs","Oils & Vinegars","Oils & Vinegars","Pure Wesson","Pure Wesson Canola Oil","","Pure Wesson Canola Oil","4.29","0.0","Market Basket","48 fl oz","48 fl oz","1824.jpg","","2"
"91","Kitchen & Cleaning","Cleaning Products","All Purpose Cleaner","Pledge","Pledge Multi Surface 2 in 1 Cleaner & Disinfectant Fresh Citrus","","Pledge Multi Surface 2 in 1 Cleaner & Disinfectant Fresh Citrus","6.19","1.0","Market Basket","9.7 oz","9.7 oz","16829.jpg","","15"
"4792","Meat & Seafood","Frozen Meat & Seafood","Frozen Fish (All)","Market Basket","Market Basket Haddock","","Market Basket Haddock","7.39","0.0","Market Basket","16 oz","16 oz","Market Basket.jpg","","18"
"8452","Condiments & Dressings","Marinades, Ketchup & Sauces","Marinades & Meat Preparation","McCormick","McCormick Slow Cookers Hearty Beef Stew Seasoning Mix","","McCormick Slow Cookers Hearty Beef Stew Seasoning Mix","1.59","0.0","Market Basket","1.5 oz","1.5 oz","15560.jpg","","9"
"33718","Breakfast & Dairy","Dairy & Eggs","Yogurt","Organic Baby Food","Organic Baby Food Once upon a Farm Cold-Pressed Green Kale & Apples","u","Organic Baby Food Once upon a Farm Cold-Pressed Green Kale & Apples","2.86","0.0","Market Basket","3.2 oz","3.2 oz","X700.jpg","","1"
"30177","Beverages & Juices","Juices & Refrigerated Drinks","Juice & Nectars","AriZona","AriZona Fruit Punch","613008718763","AriZona Fruit Punch","1.24","0.0","Market Basket","23 fl oz","23 fl oz","X3056.jpg","","10"
"4908","Chips, Cookies & Snacks","Chips & Fruit Snacks","Chips & Pretzels","Rold Gold","Rold Gold Pretzels Braided Honey Wheat","","Rold Gold Pretzels Braided Honey Wheat","5.14","0.0","Market Basket","10 oz","10 oz","14831.jpg","","0"
"30038","Cooking Needs","Baking & Cooking","Pizza Sauce","Alessi","Alessi Autentico Grissini All' Aglio made with Alessi Extra Virgin Olive Oil Garlic Breadsticks","071072030547","Alessi Autentico Grissini All' Aglio made with Alessi Extra Virgin Olive Oil Garlic Breadsticks","1.56","0.0","Market Basket","4.4 oz","4.4 oz","X1307.jpg","","4"
"31740","Beverages & Juices","Energy & Sports Drinks","Energy & Sports Drinks","Hint","Hint Watermelon","184739000316","Hint Watermelon","1.56","0.0","Market Basket","16 fl oz","16 fl oz","X2745.jpg","","10"
"4693","Meat & Seafood","Canned Meat & Seafood","Canned Tuna","StarKistÃÂ®","StarKistÃÂ® StarKist Chunk White Albacore Tuna In Water","","StarKistÃÂ® StarKist Chunk White Albacore Tuna In Water","1.29","0.0","Market Basket","5 oz","5 oz","5201.jpg","","2"
"32101","Breakfast & Dairy","Cereal","Cereal","Kellogg's ","Kellogg's Smart Start Orignal Antioxidants ","038000200229","Kellogg's Smart Start Orignal Antioxidants ","4.86","0.0","Market Basket","18.2 oz","18.2 oz","X3340.jpg","","5"
"14938","Personal Care","First Aid & Healthcare","Digestion","Pepto Bismol","Pepto-Bismol 5 Symptom Digestive Relief","","Pepto-Bismol 5 Symptom Digestive Relief","7.0","1.0","Market Basket","30 count","30 count","6650.jpg","","13"
"31713","Condiments & Dressings","Preserved Dips & Spreads","Spreads","Hero ","Hero Apricot Fruit Spread Tartinade D'Abricots ","","Hero Apricot Fruit Spread Tartinade D'Abricots ","4.38","0.0","Market Basket","12 oz","12 oz","X324.jpg","","3"
"9800","Frozen Food","Frozen Produce","Frozen Produce","Dole","Dole Sliced Frozen Strawberries","","Dole Sliced Frozen Strawberries","3.69","0.0","Market Basket","14 oz","14 oz","2476.jpg","","19"
"33487","Breakfast & Dairy","Breads & Rolls","Bread","Nature's Own","Nature's Own Life 100% Whole Grain Bread","072250017671","Nature's Own Life 100% Whole Grain Bread","4.61","0.0","Market Basket","16 oz","16 oz","X2472.jpg","","18"
"4538","Meat & Seafood","Lunch Meat","Other Meat","Columbus","Columbus Sliced Lite Italian Dry Salame","","Columbus Sliced Lite Italian Dry Salame","4.39","0.0","Market Basket","5 oz","5 oz","5423.jpg","","22"
"13625","Breakfast & Dairy","Dairy & Eggs","Packaged Cheese","BelGioioso","BelGioioso Mozzarella Bocconcini Fresh","","BelGioioso Mozzarella Bocconcini Fresh","6.09","0.0","Market Basket","7 oz","7 oz","176.jpg","","1"
"9831","Frozen Food","Frozen Produce","Frozen Produce","Market Basket","Market Basket Baby Brussels Sprouts","","Market Basket Baby Brussels Sprouts","1.89","0.0","Market Basket","16 oz","16 oz","Market Basket.jpg","","19"
"33505","Breakfast & Dairy","Bars & Pastries","Pastries","Nature's Path","Nature's Path Unfrosted Berry Strawberry","058449410089","Nature's Path Unfrosted Berry Strawberry","4.36","0.0","Market Basket","11 oz","11 oz","X3513.jpg","","5"
"32205","Breakfast & Dairy","Cereal","Cereal","Kellogg's ","Kellogg's Fruit Loops","038000198861","Kellogg's Fruit Loops","3.75","0.0","Market Basket","10.1 oz","10.1 oz","X3377.jpg","","5"
"5009","Chips, Cookies & Snacks","Chips & Fruit Snacks","Chips & Pretzels","Utz","Utz Braided Honey Wheat Twists Pretzels","","Utz Braided Honey Wheat Twists Pretzels","4.69","0.0","Market Basket","14 oz","14 oz","No Image.jpg","","0"
"5330","Breakfast & Dairy","Bars & Pastries","Breakfast Bars","Nature's Bakery","Nature's Bakery Fig Bar Blueberry","","Nature's Bakery Fig Bar Blueberry","4.69","0.0","Market Basket","6 x 2 oz","6 x 2 oz","No Image.jpg","","6"
"34989","Frozen Food","Frozen Breakfast","Frozen Waffles","Van's ","Van's Original Waffles Baked With Ehole Grain Brown Rice ","089947302064","Van's Original Waffles Baked With Ehole Grain Brown Rice ","3.11","0.0","Market Basket","9 oz","9 oz","X5005.jpg","","19"
"5098","Chips, Cookies & Snacks","Cookies & Crackers","Cookies & Cakes","Oreo","Nabisco Golden Oreo Sandwich Cookies","","Nabisco Golden Oreo Sandwich Cookies","4.84","0.0","Market Basket","541 g","541 g","1141.jpg","","6"
"8066","Cooking Needs","Canned Food","Soup, Broth & Bouillon","Maruchan","Maruchan Ramen Noodle Soup Creamy Chicken Flavor","","Maruchan Ramen Noodle Soup Creamy Chicken Flavor","0.39","0.0","Market Basket","3 oz","3 oz","5330.jpg","","9"
"34922","Breakfast & Dairy","Dairy & Eggs","Yogurt","Two Good","Two Good 2G Sugar Strawberry Flavored greek Yogurt ","","Two Good 2G Sugar Strawberry Flavored greek Yogurt ","4.99","0.0","Market Basket","5.3 oz","5.3 oz","X875.jpg","","1"
"500","Laundry & Paper Goods","Laundry","Laundry Detergent","Tide","Tide Plus Coldwater Clean Detergent Original 59 Loads","","Tide Plus Coldwater Clean Detergent Original 59 Loads","14.99","1.0","Market Basket","92 fl oz","92 fl oz","No Image.jpg","","15"
"5504","Chips, Cookies & Snacks","Candy & Chocolates","Candy & Chocolate","M&M","M&m's Milk Chocolate Candy Party Size","","M&m's Milk Chocolate Candy Party Size","9.79","0.0","Market Basket","42 oz","42 oz","1001.jpg","","3"
"3443","Fresh Produce","Fresh Fruits","Cantaloupe","Market Basket","Cantaloups","","Cantaloups","7.14","0.0","Market Basket","2 count","2 count","f20.jpg","","20"
"3991","Fresh Produce","Fresh Vegetables","Speciality Produce","Monterey","Monterey Portabella Caps 6 Pack","","Monterey Portabella Caps 6 Pack","5.62","0.0","Market Basket","16 oz","16 oz","36.jpg","","20"
"9385","Frozen Food","Frozen Fruit & Juice","Frozen Juice","Welch's","Welch's 100% Grape Juice Frozen Concentrate","","Welch's 100% Grape Juice Frozen Concentrate","2.49","0.0","Market Basket","11.5 fl oz","11.5 fl oz","2947.jpg","","21"
"34410","Meat & Seafood","Canned Meat & Seafood","Other Meat","Romanoff ","Romanoff Caviar Red WhiteFish ","","Romanoff Caviar Red WhiteFish ","2.49","0.0","Market Basket","2 oz","2 oz","X1902.jpg","","2"
"13574","Breakfast & Dairy","Dairy & Eggs","Other Creams & Cheeses","Kraft","Kraft Philadelphia Original Cream Cheese","","Kraft Philadelphia Original Cream Cheese","2.49","0.0","Market Basket","8 oz","8 oz","683.jpg","","1"
"15074","Personal Care","Personal Needs","Eye & Ear Care","Q-Tips","Q-Tips Cotton Swabs","","Q-Tips Cotton Swabs","2.75","1.0","Market Basket","170 count","170 count","18155.jpg","","13"
"7460","Cooking Needs","Canned Food","Canned & Jarred Vegetables","Green Giant","Green Giant Steam Crisps Corn Niblets","","Green Giant Steam Crisps Corn Niblets","1.09","0.0","Market Basket","11 oz","11 oz","5084.jpg","","9"
"10103","Frozen Food","Ice Cream & Ice","Ice Cream & Ice","Hood","Hood Ice Cream Sandwiches Vanilla","","Hood Ice Cream Sandwiches Vanilla","3.09","0.0","Market Basket","10 x 3.75 fl oz","10 x 3.75 fl oz","3090.jpg","","21"
"10242","Frozen Food","Ice Cream & Ice","Ice Cream & Ice","Turkey Hill","Turkey Hill All Natural Mint Chocolate Chip Ice Cream","","Turkey Hill All Natural Mint Chocolate Chip Ice Cream","4.59","0.0","Market Basket","48 fl oz","48 fl oz","3117.jpg","","21"
"32224","Condiments & Dressings","Salad Dressings & Toppings","Salad Dressing & Toppings","Ken's Steak House","Ken's Steak House Great For Dipping Creamy Caesar Dressing, Topping & Spread","041335353812","Ken's Steak House Great For Dipping Creamy Caesar Dressing, Topping & Spread","4.36","0.0","Market Basket","24 fl oz","24 fl oz","X392.jpg","","2"
"13821","Breakfast & Dairy","Dairy & Eggs","Refrigerated Pudding & Desserts","Jell-O","Jell O Ready to Eat Sugar Free Chocolate Vanilla Swirl Pudding Cups","","Jell O Ready to Eat Sugar Free Chocolate Vanilla Swirl Pudding Cups","2.49","0.0","Market Basket","3.625 oz","3.625 oz","788.jpg","","1"
"33862","Cooking Needs","Oils & Vinegars","Oils & Vinegars","Pastene","Pastene Extra Virgin Olive Oil Packed IN Italy ","066086010357","Pastene Extra Virgin Olive Oil Packed IN Italy ","8.74","0.0","Market Basket","14 oz","14 oz","X2281.jpg","","2"
"7986","Cooking Needs","Canned Food","Soup, Broth & Bouillon","Campbell's","Campbell's Well Yes! Well Yes Butternut Squash Apple Bisque","","Campbell's Well Yes! Well Yes Butternut Squash Apple Bisque","2.49","0.0","Market Basket","16.2 oz","16.2 oz","17186.jpg","","2"
"32729","Cooking Needs","Oils & Vinegars","Oils & Vinegars","Marconi ","Marconi Brand Italian Herb Dipping Oil Expressed","072071023455","Marconi Brand Italian Herb Dipping Oil Expressed","4.99","0.0","Market Basket","8.5 fl oz","8.5 fl oz","X1957.jpg","","2"
"10232","Frozen Food","Ice Cream & Ice","Ice Cream & Ice","Talenti","Talenti Gelato Coffee Chocolate Chip","","Talenti Gelato Coffee Chocolate Chip","4.89","0.0","Market Basket","1 pint","1 pint","3172.jpg","","21"
"31891","Condiments & Dressings","Marinades, Ketchup & Sauces","Mustard Sauce","Inglehoffer","Inglehoffer Original Stone Ground Mustard ","071828011011","Inglehoffer Original Stone Ground Mustard ","2.11","0.0","Market Basket","9 oz","9 oz","X2160.jpg","","2"
"32221","Personal Care","Vitamins & Proteins","Protien Drinks","Kellogg's ","Kellogg's Special K Protion Shakes Strawberry Cereal ","038000431982","Kellogg's Special K Protion Shakes Strawberry Cereal ","7.49","0.0","Market Basket","4 x 10  fl oz ","4 x 10  fl oz ","X3481.jpg","","5"
"7653","Cooking Needs","Canned Food","Canned Fruit & Applesauce","Market Basket","Market Basket Pineapple Slices","","Market Basket Pineapple Slices","1.29","0.0","Market Basket","20 oz","20 oz","Market Basket.jpg","","3"
"9841","Frozen Food","Frozen Produce","Frozen Produce","Market Basket","Market Basket Chopped Kale","","Market Basket Chopped Kale","1.59","0.0","Market Basket","16 oz","16 oz","Market Basket.jpg","","19"
"31660","Frozen Food","Frozen Dessert","Frozen Dessert","Healthy Choice","Healthy Choice Crustless Chicken Pot Pie ","072655001176","Healthy Choice Crustless Chicken Pot Pie ","3.13","0.0","Market Basket","9.6 oz","9.6 oz","X4073.jpg","","18"
"31841","Frozen Food","Frozen Dinners & Entrees","Frozen Appetizers & Sides","Hungry-Man","Hungry-Man Smokin' Backyard Barbeque","658276202781","Hungry-Man Smokin' Backyard Barbeque","3.74","0.0","Market Basket","15.25 oz","15.25 oz","X4011.jpg","","18"
"9897","Frozen Food","Frozen Produce","Frozen Produce","McKenzie's","McKenzie's Southland Yellow Turnips","","McKenzie's Southland Yellow Turnips","1.99","0.0","Market Basket","12 oz","12 oz","15765.jpg","","19"
"32797","Chips, Cookies & Snacks","Candy & Chocolates","Candy & Chocolate","Market Basket","Market Basket Sour Neon Crawlers ","","Market Basket Sour Neon Crawlers ","1.24","0.0","Market Basket","5.5 oz","5.5 oz","X513.jpg","","3"
"32115","Breakfast & Dairy","Cereal","Cereal","Kellogg's ","Kellogg's Spcecial K Cinnamon Brown Sugar Crunch ","038000200700","Kellogg's Spcecial K Cinnamon Brown Sugar Crunch ","3.75","0.0","Market Basket","11 oz","11 oz","X3357.jpg","","5"
"30154","Beverages & Juices","Juices & Refrigerated Drinks","Juice & Nectars","Apple & Eve","Apple & Eve Apple Juice","076301845046","Apple & Eve Apple Juice","3.13","0.0","Market Basket","8 x 6.75 fl oz","8 x 6.75 fl oz","X3105.jpg","","10"
"33057","Condiments & Dressings","Honey, Syrup & Nectars","Syrup","Market Basket ","Market Basket Lite Reduced Calorie Syrup","049705148853","Market Basket Lite Reduced Calorie Syrup","2.5","0.0","Market Basket","24 fl oz","24 fl oz","X3206.jpg","","2"
"30636","Cooking Needs","Oils & Vinegars","Oils & Vinegars","Botticelli ","Botticelli Olive Oil Perfect For Basting,Broiling Baking and Grilling ","855019000134","Botticelli Olive Oil Perfect For Basting,Broiling Baking and Grilling ","4.99","0.0","Market Basket","50.7 fl oz","50.7 fl oz","X1999.jpg","","2"
"15304","Personal Care","Vitamins & Proteins","Protien Drinks","Muscle Milk","Muscle Milk Banana Dairy Substitute - Shelf Stable","","Muscle Milk Banana Dairy Substitute - Shelf Stable","4.24","1.0","Market Basket","14 fl oz","14 fl oz","6735.jpg","","13"
"13786","Breakfast & Dairy","Dairy & Eggs","Packaged Cheese","Palmetto","Palmetto Cheese Jalapenos","","Palmetto Cheese Jalapenos","4.89","0.0","Market Basket","12 oz","12 oz","14631.jpg","","1"
"3732","Fresh Produce","Fresh Fruits","Watermelon","Melon Up","Melon Up Watermelon Mini Seedless","","Melon Up Watermelon Mini Seedless","4.93","0.0","Market Basket","1 count","1 count","14224.jpg","","20"
"6897","Cooking Needs","Baking & Cooking","Baking Ingredients","Onofrio's","Onofrio's Harvest Medley","","Onofrio's Harvest Medley","4.89","0.0","Market Basket","16 oz","16 oz","No Image.jpg","","8"
"14994","Personal Care","First Aid & Healthcare","Muscles, Joints & Pain Relief","Market Basket","Market Basket 81 mg Adult Low Strength Aspirin Coated Tablets","","Market Basket 81 mg Adult Low Strength Aspirin Coated Tablets","2.86","1.0","Market Basket","120 count","120 count","Market Basket.jpg","","13"
"34375","Cooking Needs","Rice & Grains","Instant Rice","Rice Roni","Rice Roni Stir Fried Rice- Rice, Vermicelli & delicious Asian Seasonings","015300430488","Rice Roni Stir Fried Rice- Rice, Vermicelli & delicious Asian Seasonings","1.25","0.0","Market Basket","6.2 oz","6.2 oz","X986.jpg","","4"
"6977","Cooking Needs","Baking & Cooking","Doughs, Gelatins & Bake Mixes","Jell-O","Jell O Orange Gelatin Mix","","Jell O Orange Gelatin Mix","1.09","0.0","Market Basket","3 oz","3 oz","2057.jpg","","8"
"6476","Chips, Cookies & Snacks","Nuts, Seeds & Dried Fruit","Nuts, Seeds & Dried Fruit","Superior Nut Company","Superior Nut Company Honey Roasted Almonds","","Superior Nut Company Honey Roasted Almonds","7.49","0.0","Market Basket","15 oz","15 oz","No Image.jpg","","6"
"4921","Chips, Cookies & Snacks","Chips & Fruit Snacks","Chips & Pretzels","Santitas","Santitas Corn Tortilla Chips","","Santitas Corn Tortilla Chips","3.58","0.0","Market Basket","11 oz","11 oz","No Image.jpg","","0"
"33394","Condiments & Dressings","Pickled Goods & Olives","Pickled Goods & Olives","Mt. Olive","Mt Olive Simply Refresh Select Ingredients Deli Style Sweet Fresh Pack ","009300006408","Mt Olive Simply Refresh Select Ingredients Deli Style Sweet Fresh Pack ","2.11","0.0","Market Basket","14 oz","14 oz","X2212.jpg","","2"
"4305","Meat & Seafood","Meat & Seafood Counter","Perch","Market Basket","Market Basket Whole Red Perch","","Market Basket Whole Red Perch","3.69","0.0","Market Basket","Approx: 1.00 lb at $3.69/lb","Approx: 1.00 lb at $3.69/lb","Market Basket.jpg","","22"
"7742","Cooking Needs","Canned Food","Canned Meals & Beans","Goya","Goya Black Beans","","Goya Black Beans","2.19","0.0","Market Basket","29 oz","29 oz","5121.jpg","","7"
"10280","Frozen Food","Ice Cream & Ice","Ice Cream & Ice","York","Ben & Jerry's Ice Cream New York Super Fudge Chunk","","Ben & Jerry's Ice Cream New York Super Fudge Chunk","4.29","0.0","Market Basket","1 pint","1 pint","3007.jpg","","21"
"543","Laundry & Paper Goods","Laundry","Laundry Detergent","all","all stainlifters free clear Laundry Detergent","","all stainlifters free clear Laundry Detergent","3.74","1.0","Market Basket","19 pack","19 pack","No Image.jpg","","15"
"7061","Cooking Needs","Oils & Vinegars","Oils & Vinegars","Calfornia Olive Ranch","California Olive Ranch Destination Series Everyday Extra Virgin Olive Oil","","California Olive Ranch Destination Series Everyday Extra Virgin Olive Oil","12.19","0.0","Market Basket","25.4 fl oz","25.4 fl oz","15486.jpg","","2"
"32728","Cooking Needs","Oils & Vinegars","Oils & Vinegars","Marconi","Marconi Mediterranean Oil A Blended Of Ganola,Extra Virgin Olive Oil & Grapeseed Oils ","072071157181","Marconi Mediterranean Oil A Blended Of Ganola,Extra Virgin Olive Oil & Grapeseed Oils ","11.24","0.0","Market Basket","16.9 fl oz","16.9 fl oz","X2012.jpg","","2"
"12697","Breakfast & Dairy","Breads & Rolls","Bread","Jessica's Brick Oven Bakery","Jessica's Brick Oven Cinnamon Raisin Swirl Bread","","Jessica's Brick Oven Cinnamon Raisin Swirl Bread","4.69","0.0","Market Basket","24 oz","24 oz","No Image.jpg","","18"
"34941","Cooking Needs","Rice & Grains","Instant Rice","Uncle Ben's","Uncle Ben's Whole Grain Brown Rice","054800120079","Uncle Ben's Whole Grain Brown Rice","4.24","0.0","Market Basket","2 lb","2 lb","X971.jpg","","4"
"30276","Pasta & Sauces","Raw Pasta","Raw Pasta","Banza","Banza Pasta Cavatappi","857183005342","Banza Pasta Cavatappi","4.36","0.0","Market Basket","8 oz","8 oz","X1552.jpg","","4"
"7220","Cooking Needs","Spices & Seasonings","Spices & Seasonings","Goya","Goya Adobo with Pepper","","Goya Adobo with Pepper","4.29","0.0","Market Basket","28 oz","28 oz","2243.jpg","","9"
"4115","Meat & Seafood","Meat & Seafood Counter","Chicken","Springer","Springer All Natural Whole Chicken","","Springer All Natural Whole Chicken","57.95","0.0","Market Basket","Approx: 5.04 lb at $11.5/lb","Approx: 5.04 lb at $11.5/lb","No Image.jpg","","22"
"34011","Chips, Cookies & Snacks","Candy & Chocolates","Candy & Chocolate","Peppermint Cobalt","Pepperment Cobalt Natural And Artificial Flavors Sugar free ","","Pepperment Cobalt Natural And Artificial Flavors Sugar free ","3.99","0.0","Market Basket","15 oz","15 oz","X729.jpg","","3"
"7870","Cooking Needs","Canned Food","Canned Meat & Seafood","Market Basket","Salmon Sashimi","","Salmon Sashimi","18.29","0.0","Market Basket","1 ct","1 ct","Market Basket.jpg","","2"
"33420","Frozen Food","Frozen Pizza","Frozen Pizza","Mystic Pizza ","Mystic Pizza Buffalo Chese ","795404131015","Mystic Pizza Buffalo Chese ","6.24","0.0","Market Basket","21.75 oz","21.75 oz","X4914.jpg","","19"
"30598","Personal Care","Vitamins & Proteins","Protien Powders","Body Fortress ","Body Fortress Super Advance Whey Protein","074312553684","Body Fortress Super Advance Whey Protein","24.99","0.0","Market Basket","2 lb","2 lb","X5209.jpg","","3"
"4747","Meat & Seafood","Frozen Meat & Seafood","Chicken Products","Tyson","Tyson Cooked Grilled Chicken Breast Strips, Frozen","","Tyson Cooked Grilled Chicken Breast Strips, Frozen","8.11","0.0","Market Basket","22 oz","22 oz","2910.jpg","","22"
"34067","Breakfast & Dairy","Bars & Pastries","Pastries","Pop Tarts","Pop Tarts Frosted Hot Fudge Sundae","038000225499","Pop Tarts Frosted Hot Fudge Sundae","4.99","0.0","Market Basket","27 oz","27 oz","X3499.jpg","","5"
"9860","Frozen Food","Frozen Produce","Frozen Produce","Market Basket","Market Basket Frozen Brussels Sprouts","","Market Basket Frozen Brussels Sprouts","1.89","0.0","Market Basket","16 oz","16 oz","Market Basket.jpg","","19"
"14786","Personal Care","Body Wash, Soap & Hair Care","Hair Care","Scunci","Scunci U got this No Slip Grip Head Bands","","Scunci U got this No Slip Grip Head Bands","5.62","1.0","Market Basket","4 count","4 count","6612.jpg","","13"
"8184","Condiments & Dressings","Marinades, Ketchup & Sauces","Condiments","Goya","Goya Salsita Hot Sauce Pure Fire Ripe Habanero Chiles","","Goya Salsita Hot Sauce Pure Fire Ripe Habanero Chiles","2.79","0.0","Market Basket","8 fl oz","8 fl oz","1580.jpg","","7"
"31216","Cooking Needs","Canned Food","Canned Fruit & Applesauce","Eden","Eden Apple Sauce Organic ","","Eden Apple Sauce Organic ","6.24","0.0","Market Basket","25 oz","25 oz","X240.jpg","","3"
"6276","Beverages & Juices","Water","Water","Glaceau","Glaceau Smart Water Antitoxidant","","Glaceau Smart Water Antitoxidant","1.24","0.0","Market Basket","33.8 fl oz","33.8 fl oz","No Image.jpg","","11"
"3520","Fresh Produce","Fresh Organic Vegetables","Squash","Market Basket","Organic Butternut Squash","","Organic Butternut Squash","2.19","0.0","Market Basket","1 lb","1 lb","f141.jpg","","20"
"9790","Frozen Food","Frozen Produce","Frozen Produce","Birds Eye","Birds Eye Sweet Kernel Corn","","Birds Eye Sweet Kernel Corn","1.89","0.0","Market Basket","14.4 oz","14.4 oz","2426.jpg","","19"
"34311","Pasta & Sauces","Pasta Sauce","Pasta Sauce","Rao's","Rao's Arrabbiata Homemade Pasta Sauce All Natural Premium","747479000048","Rao's Arrabbiata Homemade Pasta Sauce All Natural Premium","6.24","0.0","Market Basket","24 oz","24 oz","X1536.jpg","","4"
"5168","Chips, Cookies & Snacks","Cookies & Crackers","Crackers","Crunchmaster","Crunchmaster Multi Seed Crackers Rosemary + Olive Oil","","Crunchmaster Multi Seed Crackers Rosemary + Olive Oil","4.67","0.0","Market Basket","4 oz","4 oz","15127.jpg","","6"
"6834","Cooking Needs","Baking & Cooking","Baking Ingredients","Equal","Equal Original 0 Calorie Sweetener Packets","","Equal Original 0 Calorie Sweetener Packets","4.89","0.0","Market Basket","115 count","115 count","15738.jpg","","8"
"34335","Frozen Food","Frozen Pizza","Frozen Pizza","Red Baron ","Red Baron Thin & Crispy Five Cheese Pizza ","072180566126","Red Baron Thin & Crispy Five Cheese Pizza ","4.61","0.0","Market Basket","14.87 oz","14.87 oz","X4900.jpg","","19"
"34158","Personal Care","Vitamins & Proteins","Protien Powders","Premier Protien ","Premier Protien Cookies & Cream ","643843716105","Premier Protien Cookies & Cream ","9.99","0.0","Market Basket","44 fl oz","44 fl oz","X5187.jpg","","3"
"32548","Condiments & Dressings","Pickled Goods & Olives","Pickled Goods & Olives","Levant ","Levant  Mediterranean Delicacies Falafel Veggie Patty Mix ","859215003029","Levant  Mediterranean Delicacies Falafel Veggie Patty Mix ","2.49","0.0","Market Basket","7 oz","7 oz","X2288.jpg","","2"
"30558","Cooking Needs","Baking & Cooking","Flour","Bob's Red Mill","Bob's Red Mill Whole Grain Corn Flour Stone Ground ","039978014696","Bob's Red Mill Whole Grain Corn Flour Stone Ground ","3.74","0.0","Market Basket","22 oz","22 oz","X5266.jpg","","3"
"4293","Meat & Seafood","Meat & Seafood Counter","Lobster","Market Basket","Market Basket Cold Cooked Lobster Whole","","Market Basket Cold Cooked Lobster Whole","13.53","0.0","Market Basket","Approx: 1.12 lb at $12.1/lb","Approx: 1.12 lb at $12.1/lb","Market Basket.jpg","","22"
"9074","Condiments & Dressings","Preserved Dips & Spreads","Spreads","Trappist","Trappist Boysenberry Seedless Jam","","Trappist Boysenberry Seedless Jam","3.69","0.0","Market Basket","12 oz","12 oz","1662.jpg","","3"
"7731","Cooking Needs","Canned Food","Canned Meals & Beans","Dinty Moore","Dinty Moore Beef Stew","","Dinty Moore Beef Stew","2.49","0.0","Market Basket","20 oz","20 oz","17120.jpg","","2"
"9077","Condiments & Dressings","Preserved Dips & Spreads","Spreads","Trappist","Trappist Jam Blackberry Seedless","","Trappist Jam Blackberry Seedless","3.69","0.0","Market Basket","12 oz","12 oz","1659.jpg","","3"
"3749","Fresh Produce","Fresh Herbs","Garlic","Gourmet Garden","Gourmet Gardena, Garlic Stir-In Paste","","Gourmet Gardena, Garlic Stir-In Paste","4.93","0.0","Market Basket","4 oz","4 oz","96.jpg","","20"
"32990","Cooking Needs","Rice & Grains","Instant Rice","Market Basket","Market Basket Instant Rice Enriched, Precooked, Long grain ","049705041048","Market Basket Instant Rice Enriched, Precooked, Long grain ","1.88","0.0","Market Basket","14 oz","14 oz","X996.jpg","","4"
"33304","Frozen Food","Frozen Fruit & Juice","Frozen Juice","Minute Maid","Minute Maid Original Orange Juice","025000025198","Minute Maid Original Orange Juice","3.11","0.0","Market Basket","12 oz","12 oz","X5105.jpg","","19"
"31105","Breakfast & Dairy","Dairy & Eggs","Yogurt","Dannon","Dannon Light+Fit Greek Peach Naturally & Artifically Flavored ","","Dannon Light+Fit Greek Peach Naturally & Artifically Flavored ","3.75","0.0","Market Basket","5.3 oz","5.3 oz","X207.jpg","","1"
"6875","Cooking Needs","Baking & Cooking","Baking Ingredients","Market Basket","Market Basket Brand Equal Sweetener","","Market Basket Brand Equal Sweetener","1.89","0.0","Market Basket","3.52 oz","3.52 oz","Market Basket.jpg","","8"
"33419","Frozen Food","Frozen Pizza","Frozen Pizza","Mystic Pizza ","Mystic Pizza Buffalo Style Chicken ","795404134047","Mystic Pizza Buffalo Style Chicken ","6.61","0.0","Market Basket","22.75 oz","22.75 oz","X4913.jpg","","19"
"35200","Breakfast & Dairy","Dairy & Eggs","Yogurt","Yoplait","Yoplait Original French Vanilla Flavored with Other NaturalFlavors ","","Yoplait Original French Vanilla Flavored with Other NaturalFlavors ","0.81","0.0","Market Basket","6 oz","6 oz","X934.jpg","","1"
"10389","Cooking Needs","Rice & Grains","Grains, Rice & Dried Goods","Bom De Mais","Bom De Mais Cornmeal","","Bom De Mais Cornmeal","1.69","0.0","Market Basket","32 oz","32 oz","17447.jpg","","N/A"
"7325","Cooking Needs","Spices & Seasonings","Spices & Seasonings","McCormick","McCormick Imitation Almond Extract","","McCormick Imitation Almond Extract","6.09","0.0","Market Basket","2 fl oz","2 fl oz","2173.jpg","","9"
"7024","Cooking Needs","Baking & Cooking","Doughs, Gelatins & Bake Mixes","Pillsbury","Pillsbury Quick Bread Banana","","Pillsbury Quick Bread Banana","2.49","0.0","Market Basket","14 oz","14 oz","2040.jpg","","8"
"15130","Personal Care","Personal Needs","Facial Care","Topcare","TopCare Oil Of Beauty, Uva/uvb Broad Spectrum Uv Protection Spf 15 For Face With Sunscreen Lotion","","TopCare Oil Of Beauty, Uva/uvb Broad Spectrum Uv Protection Spf 15 For Face With Sunscreen Lotion","5.62","1.0","Market Basket","6 oz","6 oz","6281.jpg","","13"
"31867","Cooking Needs","Canned Food","Canned Tomatoes","Hunts","Hunts Whole Tomatoes","027000380116","Hunts Whole Tomatoes","1.88","0.0","Market Basket","28 oz","28 oz","X1374.jpg","","4"
"30586","Cooking Needs","Baking & Cooking","Flour","Bob's Red Mill","Bob's Red Mill Artisan Bread Flour ","039978002365","Bob's Red Mill Artisan Bread Flour ","8.11","0.0","Market Basket","80 oz","80 oz","X5294.jpg","","3"
"30647","Condiments & Dressings","Marinades, Ketchup & Sauces","Sauce","Bragg","Bragg Liquid Aminos Soy Sauce Alternative ","074305000164","Bragg Liquid Aminos Soy Sauce Alternative ","5.61","0.0","Market Basket","16 fl oz","16 fl oz","X5333.jpg","","3"
"12953","Breakfast & Dairy","Breads & Rolls","Tortillas & Flat Bread","Cedar","Cedar Wraps Sundried Tomato & Basil","","Cedar Wraps Sundried Tomato & Basil","2.19","0.0","Market Basket","10 oz","10 oz","4819.jpg","","7"
"33026","Pasta & Sauces","Raw Pasta","Raw Pasta","Market Basket","Market Basket Pasta Mini Penne","049795310915","Market Basket Pasta Mini Penne","1.25","0.0","Market Basket","16 oz","16 oz","X1681.jpg","","4"
"10207","Frozen Food","Ice Cream & Ice","Ice Cream & Ice","Popsicle","Popsicle Ice Pops Scribblers","","Popsicle Ice Pops Scribblers","4.39","0.0","Market Basket","20 count","20 count","3143.jpg","","21"
"33210","Meat & Seafood","Packaged Meat & Seafood","Ham","Market Basket ","Maket Basket Honey Ham","","Maket Basket Honey Ham","3.74","0.0","Market Basket","10 oz","10 oz","X4532.jpg","","1"
"3892","Fresh Produce","Fresh Vegetables","Mushroom","Monterey","Monterey Whole Mushrooms","","Monterey Whole Mushrooms","4.24","0.0","Market Basket","12 oz","12 oz","FP95.jpg","","20"
"30740","Cooking Needs","Canned Food","Baked Beans","Bush's","Bush's Best Since 1908 Boston Recipe Brown Sugar & Pork Baked Beans","","Bush's Best Since 1908 Boston Recipe Brown Sugar & Pork Baked Beans","3.0","0.0","Market Basket","28 oz","28 oz","X1835.jpg","","2"
"31491","Breakfast & Dairy","Cereal","Cereal","General Mills","General Mills Mutigrain Cheerios Large Size","016000487697","General Mills Mutigrain Cheerios Large Size","4.38","0.0","Market Basket","12 oz","12 oz","X3468.jpg","","5"
"32819","Breakfast & Dairy","Bars & Pastries","Granola Bars","Market Basket","Market Basket Crucnhy Granola Bars Peanut Butter","049705014615","Market Basket Crucnhy Granola Bars Peanut Butter","2.5","0.0","Market Basket","6 x 1.5 oz","6 x 1.5 oz","X3805.jpg","","5"
"35155","Breakfast & Dairy","Breads & Rolls","Bread","Wonder Bread","Wonder Bread White Bread Large","072250011372","Wonder Bread White Bread Large","4.36","0.0","Market Basket","20 oz","20 oz","X2456.jpg","","18"
"7019","Cooking Needs","Baking & Cooking","Doughs, Gelatins & Bake Mixes","Pillsbury","Pillsbury Moist Supreme Sugar Free Premium Cake Mix Classic Yellow","","Pillsbury Moist Supreme Sugar Free Premium Cake Mix Classic Yellow","1.49","0.0","Market Basket","16 oz","16 oz","2043.jpg","","8"
"9227","Frozen Food","Frozen Breakfast","Frozen Breads & Doughs","Warm N Serv","Warm N Serv Artisan French White Rolls","","Warm N Serv Artisan French White Rolls","3.69","0.0","Market Basket","22.8 oz","22.8 oz","2860.jpg","","19"
"33494","Breakfast & Dairy","Bars & Pastries","Breakfast Bars","Nature's Path","Nature's Path Crispy Peanut Butter Rice Bars","058449430018","Nature's Path Crispy Peanut Butter Rice Bars","4.99","0.0","Market Basket","6 oz","6 oz","X3527.jpg","","5"
"33834","Cooking Needs","Rice & Grains","Grains, Rice & Dried Goods","Pastene","Pastene Instant Polenta","066086070047","Pastene Instant Polenta","3.11","0.0","Market Basket","17.6 oz","17.6 oz","X1063.jpg","","4"
"30123","Pasta & Sauces","Instant Pasta","Instant Pasta","Annie's ","Annies made with Organic Pasta Deluxe Rich & Creamy Shells & Aged Cheddar Macaroni & Cheese Sauce","013562302109","Annies made with Organic Pasta Deluxe Rich & Creamy Shells & Aged Cheddar Macaroni & Cheese Sauce","3.74","0.0","Market Basket","11 oz","11 oz","X1193.jpg","","4"
"31418","Beverages & Juices","Energy & Sports Drinks","Energy & Sports Drinks","Gatorade","Gatorade G2 Lower Sugar Thirst Quencher Rasberry Lemonade","052000134612","Gatorade G2 Lower Sugar Thirst Quencher Rasberry Lemonade","1.25","0.0","Market Basket","32 fl oz","32 fl oz","X2665.jpg","","10"
"3760","Fresh Produce","Fresh Herbs","Rosemary","HerbThyme Farms","HerbThyme Farms Rosemary","","HerbThyme Farms Rosemary","2.86","0.0","Market Basket","0.67 oz","0.67 oz","FP55.jpg","","20"
"35186","Chips, Cookies & Snacks","Candy & Chocolates","Candy & Chocolate","Wrigley's ","Wrigley's Extra Long Lasting Flavors Classic Bubbles # packs","","Wrigley's Extra Long Lasting Flavors Classic Bubbles # packs","3.13","0.0","Market Basket","3 oz","3 oz","X924.jpg","","3"
"6047","Beverages & Juices","Juices & Refrigerated Drinks","Juice & Nectars","Kool-Aid","Kool Aid Strawberry","","Kool Aid Strawberry","3.36","0.0","Market Basket","19 oz","19 oz","No Image.jpg","","17"
"7225","Cooking Needs","Spices & Seasonings","Spices & Seasonings","Goya","Goya Sason Coriander & Annatto Seasoning","","Goya Sason Coriander & Annatto Seasoning","1.49","0.0","Market Basket","1.41 oz","1.41 oz","2238.jpg","","7"
"32789","Chips, Cookies & Snacks","Candy & Chocolates","Candy & Chocolate","Market Basket","Premium Dark Chocolate Raspbeery ","","Premium Dark Chocolate Raspbeery ","0.63","0.0","Market Basket","1.75 oz","1.75 oz","X505.jpg","","3"
"5038","Chips, Cookies & Snacks","Cookies & Crackers","Cookies & Cakes","Chips Ahoy!","Chips Ahoy! Reese's Peanut Butter Cups Cookies","","Chips Ahoy! Reese's Peanut Butter Cups Cookies","3.91","0.0","Market Basket","9.5 oz","9.5 oz","1129.jpg","","6"
"14763","Personal Care","Body Wash, Soap & Hair Care","Hair Care","LA Looks","LA Looks Hair Gel Extreme Sport","","LA Looks Hair Gel Extreme Sport","4.24","1.0","Market Basket","20 fl oz","20 fl oz","17831.jpg","","13"
"30530","Breakfast & Dairy","Granola & Oats","Granola","Bob's Red Mill","Bob's Red Mill Apple BlueBerry  Granola ","039978026644","Bob's Red Mill Apple BlueBerry  Granola ","4.36","0.0","Market Basket","12 oz","12 oz","X5238.jpg","","3"
"33693","Breakfast & Dairy","Dairy & Eggs","Yogurt","Oikos","Oikos Triple Zero Blueberry Flavor ","","Oikos Triple Zero Blueberry Flavor ","1.25","0.0","Market Basket","5.3 oz","5.3 oz","X691.jpg","","1"
"13916","Breakfast & Dairy","Dairy & Eggs","Soy & Lactose-Free","So Delicious","So Delicious Dairy Free Original Organic Coconutmilk","","So Delicious Dairy Free Original Organic Coconutmilk","3.09","0.0","Market Basket","32 oz","32 oz","743.jpg","","1"
"30611","Beverages & Juices","Energy & Sports Drinks","Energy & Sports Drinks","Body Armor","Body Armor Super Drink Watermelon Strawberry","858176002423","Body Armor Super Drink Watermelon Strawberry","1.88","0.0","Market Basket","16 fl oz","16 fl oz","X2759.jpg","","10"
"5312","Chips, Cookies & Snacks","Cookies & Crackers","Cookies & Cakes","Oreo","Oreo Milk's Favorite Cookie","","Oreo Milk's Favorite Cookie","5.47","0.0","Market Basket","13.3 oz","13.3 oz","No Image.jpg","","6"
"34198","Beverages & Juices","Juices & Refrigerated Drinks","Refrigerated Drinks","Pure Leaf ","Pure Leaf UNSWEETENED BLACK TEA  NEVER FROM BREWER Real TEA POWDER","","Pure Leaf UNSWEETENED BLACK TEA  NEVER FROM BREWER Real TEA POWDER","2.5","0.0","Market Basket","59 fl oz","59 fl oz","X733.jpg","","1"
"6366","Beverages & Juices","Soft Drinks & Seltzers","Seltzer","Polar","Polar Seltzer Lemon","","Polar Seltzer Lemon","3.74","0.0","Market Basket","6 x 16.9 fl oz","6 x 16.9 fl oz","No Image.jpg","","11"
"35321","Richardson's Farm Ice Cream","Ice Cream","Black Raspberry","Richarson's Farm","Richarson's Farm Black Raspberry Ice Cream Low Fat No Sugar Added 95% Fat Free","","95% Fat Free Black raspberry ice cream with berries","33.99","0.0","Richardson's Farm","3 Gal. Tub","3 Gal. Tub","RichardsonsFarm.jpg","",""
"4836","Chips, Cookies & Snacks","Chips & Fruit Snacks","Chips & Pretzels","Chex Mix","Chex Mix Bold Snack Mix","","Chex Mix Bold Snack Mix","3.13","0.0","Market Basket","8.5 oz","8.5 oz","No Image.jpg","","0"
"32175","Frozen Food","Frozen Breakfast","Frozen Waffles","Kellogg's ","Kellogg's Eggo Nutrigrain Original ","038000485848","Kellogg's Eggo Nutrigrain Original ","6.11","0.0","Market Basket","24.6 oz","24.6 oz","X5042.jpg","","19"
"32758","Frozen Food","Frozen Pasta","Frozen Pasta","Marie Callender's","Marie Callender's Brown Butter Butternut Squash Ravioli Bowl","021131000547","Marie Callender's Brown Butter Butternut Squash Ravioli Bowl","3.13","0.0","Market Basket","11 oz","11 oz","X4051.jpg","","18"
"4553","Meat & Seafood","Lunch Meat","Other Meat","San Daniele","San Daniele Calabrese Salame, Prosciutto, Capocollo","","San Daniele Calabrese Salame, Prosciutto, Capocollo","7.39","0.0","Market Basket","6 oz","6 oz","5451.jpg","","22"
"30262","Frozen Food","Frozen Dinners & Entrees","Frozen Meal","Banquet","Banquet Turkey Meal","031000007379","Banquet Turkey Meal","1.56","0.0","Market Basket","10 oz","10 oz","X4025.jpg","","18"
"33173","Cooking Needs","Oils & Vinegars","Oils & Vinegars","Market Basket ","Market Basket Apple Cider Vinegar ","","Market Basket Apple Cider Vinegar ","1.11","0.0","Market Basket","32 fl oz","32 fl oz","X1799.jpg","","2"
"4024","Fresh Produce","Fresh Vegetables","Tomato","Market Basket","Roma Plum Tomatoes","","Roma Plum Tomatoes","1.23","0.0","Market Basket","1 lb","1 lb","f298.jpg","","20"
"13601","Breakfast & Dairy","Dairy & Eggs","Other Creams & Cheeses","Market Basket","Market Basket Whole Milk Ricotta","","Market Basket Whole Milk Ricotta","2.39","0.0","Market Basket","15 oz","15 oz","Market Basket.jpg","","1"
"34928","Cooking Needs","Rice & Grains","Instant Rice","Uncle Ben's","Uncle Ben's Ready Rice Garden Vegetables with Peas, Carrots and Corn","054800032341","Uncle Ben's Ready Rice Garden Vegetables with Peas, Carrots and Corn","2.5","0.0","Market Basket","8.8 oz","8.8 oz","X958.jpg","","4"
"5173","Chips, Cookies & Snacks","Cookies & Crackers","Crackers","Dare","Dare Breton Herb & Garlic Gluten Free","","Dare Breton Herb & Garlic Gluten Free","3.13","0.0","Market Basket","4.76 oz","4.76 oz","No Image.jpg","","6"
"31746","Breakfast & Dairy","Cereal","Flax Seeds","Hodgson Mill","Hodgson Mill Milled Flax Seed ","071518010157","Hodgson Mill Milled Flax Seed ","3.74","0.0","Market Basket","12 oz","12 oz","X3676.jpg","","5"
"31869","Pasta & Sauces","Pasta Sauce","Pasta Sauce","Hunts","Hunts Pasta Sauce Roasted Garlic and Onion","027000500149","Hunts Pasta Sauce Roasted Garlic and Onion","1.25","0.0","Market Basket","24 oz","24 oz","X1398.jpg","","4"
"33079","Breakfast & Dairy","Cereal","Cereal","Market Basket ","Market Basket Honey Graham Cereal","049705005422","Market Basket Honey Graham Cereal","2.5","0.0","Market Basket","12 oz","12 oz","X3390.jpg","","5"
"7080","Cooking Needs","Oils & Vinegars","Oils & Vinegars","Goya","Goya Olive Oil Extra Virgin","","Goya Olive Oil Extra Virgin","14.09","0.0","Market Basket","34 fl oz","34 fl oz","1847.jpg","","2"
"31368","Condiments & Dressings","Marinades, Ketchup & Sauces","Mustard Sauce","French's ","French's Since 1904 Spicy Brown Mustard No Artificial Flavors ","041500820453","French's Since 1904 Spicy Brown Mustard No Artificial Flavors ","3.61","0.0","Market Basket","7.5 oz","7.5 oz","X2174.jpg","","2"
"3998","Fresh Produce","Fresh Vegetables","Squash","Market Basket","Chayote","","Chayote","1.09","0.0","Market Basket","1 count","1 count","f279.jpg","","20"
"6931","Cooking Needs","Baking & Cooking","Baking Ingredients","Truvia","Truvia Naturally Sweet Sweetener","","Truvia Naturally Sweet Sweetener","13.49","0.0","Market Basket","140 x 3 g","140 x 3 g","15672.jpg","","8"
"15264","Personal Care","Personal Needs","Oral Hygiene","Tom's Of Maine","Tom's of Maine Wicked Fresh! Mouthwash Cool Mountain Mint","","Tom's of Maine Wicked Fresh! Mouthwash Cool Mountain Mint","7.0","1.0","Market Basket","16 oz","16 oz","6460.jpg","","13"
"30561","Cooking Needs","Baking & Cooking","Flour","Bob's Red Mill","Bob's Red Mill Millet Flour Whole Grain Non GMo ","039978113108","Bob's Red Mill Millet Flour Whole Grain Non GMo ","3.74","0.0","Market Basket","20 oz","20 oz","X5269.jpg","","3"
"3902","Fresh Produce","Fresh Vegetables","Onion","Vidalia","Vidalia Sweet Onions","","Vidalia Sweet Onions","6.59","0.0","Market Basket","2 lb","2 lb","No Image.jpg","","20"
"14574","Breakfast & Dairy","Tea & Coffee","Tea","Lipton","Lipton Tea Bags Black Tea","","Lipton Tea Bags Black Tea","5.49","0.0","Market Basket","100 count","100 count","3488.jpg","","8"
"34241","Breakfast & Dairy","Granola & Oats","Cup Oatmeal","Quaker","Quaker Apple & Cranberries","030000319550","Quaker Apple & Cranberries","1.25","0.0","Market Basket","1.79 oz","1.79 oz","X3616.jpg","","5"
"6693","Beverages & Juices","Juices & Refrigerated Drinks","Refrigerated Drinks","Welch's","Welch's Strawberry Breeze Juice Cocktail","","Welch's Strawberry Breeze Juice Cocktail","2.49","0.0","Market Basket","59 fl oz","59 fl oz","3866.jpg","","1"
"13304","Breakfast & Dairy","Dairy & Eggs","Butter","Land O' Lakes","Land O' Lakes Spread Butter With Canola Oil","","Land O' Lakes Spread Butter With Canola Oil","6.09","0.0","Market Basket","24 oz","24 oz","624.jpg","","1"
"288","Kitchen & Cleaning","Food Storage & Kitchen Supplies","Cake Pans","Hefty","Hefty Ez Foil 12 3/4 x 9 x 1 27/32"" EZ Elegance Cake Pans with Covers","","Hefty Ez Foil 12 3/4 x 9 x 1 27/32"" EZ Elegance Cake Pans with Covers","3.09","1.0","Market Basket","2 count","2 count","4471.jpg","","12"
"6847","Cooking Needs","Baking & Cooking","Baking Ingredients","Gold Medal","Gold Medal Self Rising Flour","","Gold Medal Self Rising Flour","4.29","0.0","Market Basket","5 lb","5 lb","17971.jpg","","8"
"33032","Pasta & Sauces","Raw Pasta","Raw Pasta","Market Basket","Market Basket Tortellini with Ricotta and Spinach","049705309971","Market Basket Tortellini with Ricotta and Spinach","3.74","0.0","Market Basket","1 lb","1 lb","X1695.jpg","","4"
"3900","Fresh Produce","Fresh Vegetables","Onion","Auertak","Pearl Onions","","Pearl Onions","3.29","0.0","Market Basket","10 oz","10 oz","f236.jpg","","20"
"12822","Breakfast & Dairy","Breads & Rolls","Muffin","Little Debbie","Little Debbie Mini Muffins Blueberry","","Little Debbie Mini Muffins Blueberry","3.09","0.0","Market Basket","5 x 4 count","5 x 4 count","17058.jpg","","18"
"5991","Beverages & Juices","Cocoa & Drink Mixes","Cocoa & Drink Mixes","Master of Mixes","Master of Mixes Strawberry Daiquiri & Margarita Mixer","","Master of Mixes Strawberry Daiquiri & Margarita Mixer","7.49","0.0","Market Basket","1.75 L","1.75 L","No Image.jpg","","17"
"12689","Breakfast & Dairy","Breads & Rolls","Bread","Food For Life","Food for Life Food 4 Life Bread","","Food for Life Food 4 Life Bread","5.99","0.0","Market Basket","24 oz","24 oz","4775.jpg","","18"
"8298","Condiments & Dressings","Fresh Dips & Tapenades","Fresh Dips & Tapenades","El Yucatan","El Yucatan Guacamole Spicy","","El Yucatan Guacamole Spicy","5.23","0.0","Market Basket","16 oz","16 oz","5556.jpg","","1"
"6398","Beverages & Juices","Soft Drinks & Seltzers","Seltzer","Schweppes","Schweppes Black Cherry Sparkling Seltzer Water","","Schweppes Black Cherry Sparkling Seltzer Water","4.99","0.0","Market Basket","12 x 12 fl oz","12 x 12 fl oz","3249.jpg","","11"
"30464","Breakfast & Dairy","Cereal","Muesli Cereal","Bob's Red Mill","Bob's Red Mill Muesli Hot or cold cereal","039978501035","Bob's Red Mill Muesli Hot or cold cereal","4.36","0.0","Market Basket","18 oz","18 oz","X3670.jpg","","5"
"32483","Beverages & Juices","Juices & Refrigerated Drinks","Juice & Nectars","Langers","Langers Tangerine Peach Juice Cocktail from Concentrate","041755002284","Langers Tangerine Peach Juice Cocktail from Concentrate","2.5","0.0","Market Basket","64 fl oz","64 fl oz","X2859.jpg","","10"
"31945","Meat & Seafood","Packaged Meat & Seafood","Braunschweiger","John Morrell","John Morrell Braunschweiger ","","John Morrell Braunschweiger ","3.11","0.0","Market Basket","16 oz","16 oz","X4514.jpg","","1"
"5951","Beverages & Juices","Cocoa & Drink Mixes","Cocoa & Drink Mixes","Mr & Mrs T","Mr & Mrs T Pina Colada Mix","","Mr & Mrs T Pina Colada Mix","4.99","0.0","Market Basket","1 L","1 L","No Image.jpg","","17"
"7230","Cooking Needs","Spices & Seasonings","Spices & Seasonings","Infinite Herbs","Infinite Herbs Holiday Ham Blend","","Infinite Herbs Holiday Ham Blend","3.69","0.0","Market Basket","3 oz","3 oz","No Image.jpg","","9"
"31849","Cooking Needs","Canned Food","Tomato Sauce","Hunts","Hunts Tomato Sauce","027000390238","Hunts Tomato Sauce","2.5","0.0","Market Basket","29 oz","29 oz","X1280.jpg","","4"
"10270","Frozen Food","Ice Cream & Ice","Ice Cream & Ice","Yasso","Yasso Frozen Greek Yogurt, Chocolate Chip Bars","","Yasso Frozen Greek Yogurt, Chocolate Chip Bars","4.89","0.0","Market Basket","4 x 3.5 fl oz","4 x 3.5 fl oz","16131.jpg","","21"
"33816","Pasta & Sauces","Instant Pasta","Instant Pasta","Pasta Roni","Pasta Roni Shells and White Cheddar","015300440326","Pasta Roni Shells and White Cheddar","1.25","0.0","Market Basket","6.2 oz","6.2 oz","X1132.jpg","","4"
"220","Kitchen & Cleaning","Cleaning Products","Toilet Cleaner","SB Fresh","Sb Fresh Brush Fresh Brush Flushable Refills Citrus Action Toilet Cleaner","","Sb Fresh Brush Fresh Brush Flushable Refills Citrus Action Toilet Cleaner","4.89","1.0","Market Basket","12 count","12 count","16766.jpg","","15"
"8021","Cooking Needs","Canned Food","Soup, Broth & Bouillon","Kitchen Basics","Kitchen Basics Original Seafood Stock","","Kitchen Basics Original Seafood Stock","3.09","0.0","Market Basket","32 fl oz","32 fl oz","17217.jpg","","2"
"316","Kitchen & Cleaning","Food Storage & Kitchen Supplies","Roaster Pans","Hefty","Hefty Ez Foil 16 1/8 X 11 3/4 X 2 7/8"" Roaster Pan","","Hefty Ez Foil 16 1/8 X 11 3/4 X 2 7/8"" Roaster Pan","3.09","1.0","Market Basket","1 count","1 count","4467.jpg","","12"
"6461","Chips, Cookies & Snacks","Jerkies","Jerky","Vermont","Vermont BBQ Seasoned Beef Sticks","","Vermont BBQ Seasoned Beef Sticks","6.24","0.0","Market Basket","3 oz","3 oz","No Image.jpg","","6"
"34363","Chips, Cookies & Snacks","Candy & Chocolates","Candy & Chocolate","Reese's","Reese's Pieces Peanut Butter Candy In A Crunchy Shell ","","Reese's Pieces Peanut Butter Candy In A Crunchy Shell ","1.25","0.0","Market Basket","4 oz","4 oz","X741.jpg","","3"
"4280","Meat & Seafood","Packaged Meat & Seafood","Turkey","Butterball","Butterball Ground Turkey 93% Lean","","Butterball Ground Turkey 93% Lean","4.99","0.0","Market Basket","16 oz","16 oz","4117.jpg","","22"
"5322","Chips, Cookies & Snacks","Cookies & Crackers","Cookies & Cakes","Chips Ahoy!","Chips Ahoy! Chunky Chocolate Chip Cookies Family Size","","Chips Ahoy! Chunky Chocolate Chip Cookies Family Size","5.47","0.0","Market Basket","510 g","510 g","No Image.jpg","","6"
"14948","Personal Care","First Aid & Healthcare","Digestion","Tums","Tums Regular Strength Peppermint Antacid/Calcium Supplement Chewable Tablets","","Tums Regular Strength Peppermint Antacid/Calcium Supplement Chewable Tablets","7.0","1.0","Market Basket","150 count","150 count","6648.jpg","","13"
"464","Laundry & Paper Goods","Laundry","Laundry Detergent","Sun","Sun Triple Clean plus OXI original fresh 117 medium loads laundry detergent","","Sun Triple Clean plus OXI original fresh 117 medium loads laundry detergent","7.49","1.0","Market Basket","188 fl oz","188 fl oz","No Image.jpg","","15"
"7852","Cooking Needs","Canned Food","Canned Meat & Seafood","Goya","Goya Squid Pieces, Premium, Jumbo, in Olive Oil","","Goya Squid Pieces, Premium, Jumbo, in Olive Oil","3.09","0.0","Market Basket","4 oz","4 oz","5224.jpg","","2"
"7928","Cooking Needs","Canned Food","Soup, Broth & Bouillon","Campbell's","Campbell's Chunky Microwavable Soup, Beef with Country Vegetables Soup","","Campbell's Chunky Microwavable Soup, Beef with Country Vegetables Soup","3.09","0.0","Market Basket","15.25 oz","15.25 oz","5346.jpg","","2"
"32648","Breakfast & Dairy","Bars & Pastries","Breakfast Bars","Made Good","Made Good Vanilla Crispy Squares ","687456213286","Made Good Vanilla Crispy Squares ","3.75","0.0","Market Basket","6 x 0.78 oz","6 x 0.78 oz","X3531.jpg","","5"
"32852","Breakfast & Dairy","Breads & Rolls","Bread","Market Basket","Market Basket 100% Whole Wheat Bread 0g Trans Fat","049705319925","Market Basket 100% Whole Wheat Bread 0g Trans Fat","2.5","0.0","Market Basket","24 oz","24 oz","X2377.jpg","","18"
"4275","Meat & Seafood","Packaged Meat & Seafood","Shrimp","Cox's","Cox's 26/30 Wild Raw Peeled Shrimp","","Cox's 26/30 Wild Raw Peeled Shrimp","26.89","0.0","Market Basket","12 oz","12 oz","16717.jpg","","22"
"31373","Condiments & Dressings","Marinades, Ketchup & Sauces","Mustard Sauce","French's ","French's Since 1904 Honey Mustard Dipping Sauce ","041500989211","French's Since 1904 Honey Mustard Dipping Sauce ","0.99","0.0","Market Basket","14 oz","14 oz","X2185.jpg","","2"
"8004","Cooking Needs","Canned Food","Soup, Broth & Bouillon","Healthy Choice","Healthy Choice Chicken Noodle Soup","","Healthy Choice Chicken Noodle Soup","1.69","0.0","Market Basket","15 oz","15 oz","5365.jpg","","9"
"31339","Beverages & Juices","Juices & Refrigerated Drinks","Refrigerated Drinks","Floridas Natural","Floridas Natural 100% PRIMIUM RUBY RED GRAPEFRUIT JUICE WITH  NOT CONCENTRATE / NON GMO","","Floridas Natural 100% PRIMIUM RUBY RED GRAPEFRUIT JUICE WITH  NOT CONCENTRATE / NON GMO","3.74","0.0","Market Basket","52 fl oz","52 fl oz","X266.jpg","","1"
"6454","Chips, Cookies & Snacks","Jerkies","Jerky","Matador","Matador Teriyaki Beef Jerky","","Matador Teriyaki Beef Jerky","6.86","0.0","Market Basket","3 oz","3 oz","No Image.jpg","","6"
"13791","Breakfast & Dairy","Dairy & Eggs","Packaged Cheese","President","President Fat Free Feta Cheese Crumbles","","President Fat Free Feta Cheese Crumbles","4.89","0.0","Market Basket","12 oz","12 oz","14603.jpg","","1"
"453","Kitchen & Cleaning","Trash Bags & Liners","Tall Trash Bags","Market Basket","Market Basket Grip N Tie Tall Kitchen Bags","","Market Basket Grip N Tie Tall Kitchen Bags","3.69","1.0","Market Basket","30 count","30 count","Market Basket.jpg","","12"
"32818","Breakfast & Dairy","Bars & Pastries","Granola Bars","Market Basket","Market Basket Crunchy Granola Bars Oats N' Honey","049705014639","Market Basket Crunchy Granola Bars Oats N' Honey","2.5","0.0","Market Basket","6 x 1.5 oz","6 x 1.5 oz","X3804.jpg","","5"
"7979","Cooking Needs","Canned Food","Soup, Broth & Bouillon","Campbell's","Campbell's Ready to Serve Low Sodium Chicken with Noodles Soup","","Campbell's Ready to Serve Low Sodium Chicken with Noodles Soup","2.09","0.0","Market Basket","10.75 oz","10.75 oz","17207.jpg","","2"
"34653","Frozen Food","Frozen Dinners & Entrees","Frozen Meal","Stouffer's ","Stouffer's Veggie Lovers Lasagna","013800190024","Stouffer's Veggie Lovers Lasagna","14.99","0.0","Market Basket","96 oz","96 oz","X4267.jpg","","18"
"14381","Breakfast & Dairy","Tea & Coffee","Coffee","Gevalia","Gevalia Espresso Roast Ground Coffee, Caffeinated","","Gevalia Espresso Roast Ground Coffee, Caffeinated","7.39","0.0","Market Basket","12 oz","12 oz","16305.jpg","","8"
"8971","Condiments & Dressings","Preserved Dips & Spreads","Spreads","Skippy","Skippy Natural Extra Crunchy Super Chunk Peanut Butter Spread","","Skippy Natural Extra Crunchy Super Chunk Peanut Butter Spread","3.09","0.0","Market Basket","15 oz","15 oz","1641.jpg","","3"
"13975","Breakfast & Dairy","Dairy & Eggs","Specialty Cheeses","Market Basket","St Clemens Danish Blue Cheese","","St Clemens Danish Blue Cheese","6.09","0.0","Market Basket","1 per lb","1 per lb","Market Basket.jpg","","1"
"31032","Chips, Cookies & Snacks","Candy & Chocolates","Candy & Chocolate","Cow Tales","Cow Tales Original Caramel Minis ","","Cow Tales Original Caramel Minis ","1.24","0.0","Market Basket","4 oz","4 oz","X164.jpg","","3"
"7793","Cooking Needs","Canned Food","Canned Meals & Beans","Market Basket","Market Basket Light Red Kidney Beans","","Market Basket Light Red Kidney Beans","1.49","0.0","Market Basket","29 oz","29 oz","Market Basket.jpg","","2"
"5692","Chips, Cookies & Snacks","Nuts, Seeds & Dried Fruit","Trail Mix & Snack Mix","Market Basket","Market Basket Triple Mix Nut Cashew Almond & Pistachio","","Market Basket Triple Mix Nut Cashew Almond & Pistachio","6.69","0.0","Market Basket","1 ct","1 ct","Market Basket.jpg","","21"
"30956","Frozen Food","Frozen Dinners & Entrees","Frozen Appetizers & Sides","Chung's","Chung's Vegetable Mini Egg Rolls","011251014104","Chung's Vegetable Mini Egg Rolls","6.24","0.0","Market Basket","20 oz","20 oz","X3966.jpg","","18"
"32556","Condiments & Dressings","Pickled Goods & Olives","Pickled Goods & Olives","Levant ","Levant Mediterranean Delicacies Sesame Tahina ","859215009021","Levant Mediterranean Delicacies Sesame Tahina ","4.99","0.0","Market Basket","16 oz","16 oz","X2300.jpg","","2"
"7162","Cooking Needs","Oils & Vinegars","Oils & Vinegars","Pure Wesson","Pure Wesson Canola Oil","","Pure Wesson Canola Oil","9.19","0.0","Market Basket","1 gal","1 gal","1821.jpg","","2"
"30397","Cooking Needs","Rice & Grains","Instant Food","Betty Crocker","Betty Crocker Hamburger Helper Lasagna made with Real Cheese","016000417519","Betty Crocker Hamburger Helper Lasagna made with Real Cheese","1.88","0.0","Market Basket","6.9 oz","6.9 oz","X1141.jpg","","4"
"33587","Chips, Cookies & Snacks","Chips & Fruit Snacks","Popcorn","Newman's Own ","Newman's Own Touch Of Butter Microwave Popcorn ","020662000156","Newman's Own Touch Of Butter Microwave Popcorn ","2.5","0.0","Market Basket","9.6 oz","9.6 oz","X4942.jpg","","19"
"5307","Chips, Cookies & Snacks","Cookies & Crackers","Crackers","Nabisco","Nabisco Original Premium Topped With Sea Salt Fresh Stacks","","Nabisco Original Premium Topped With Sea Salt Fresh Stacks","3.91","0.0","Market Basket","13.6 oz","13.6 oz","No Image.jpg","","6"
"6060","Beverages & Juices","Cocoa & Drink Mixes","Cocoa & Drink Mixes","Crystal Light","Crystal Light Strawberry Orange Banana","","Crystal Light Strawberry Orange Banana","3.75","0.0","Market Basket","2.4 oz","2.4 oz","No Image.jpg","","17"
"553","Laundry & Paper Goods","Laundry","Laundry Detergent","cheer","Cheer colorguard Detergent 64 Loads","","Cheer colorguard Detergent 64 Loads","13.74","1.0","Market Basket","100 fl oz","100 fl oz","No Image.jpg","","15"
"401","Laundry & Paper Goods","Laundry","Stain Remover","Oxi Clean","Oxi Clean White Revive Laundry Stain Remover","","Oxi Clean White Revive Laundry Stain Remover","9.36","1.0","Market Basket","50 fl oz","50 fl oz","16890.jpg","","15"
"32663","Breakfast & Dairy","Cereal","Cereal","Malt O Meal","Malt  O Meal Cinnamon Toasters","042400084754","Malt  O Meal Cinnamon Toasters","3.75","0.0","Market Basket","17 oz","17 oz","X3477.jpg","","5"
"32361","Cooking Needs","Rice & Grains","Rice/Pasta Sides","Knorr","Knorr Rice Sides Rice Medley","041000022593","Knorr Rice Sides Rice Medley","1.25","0.0","Market Basket","5.6 oz","5.6 oz","X1169.jpg","","4"
"4996","Chips, Cookies & Snacks","Chips & Fruit Snacks","Chips & Pretzels","Utz","Utz Ripples Original Potato Chips","","Utz Ripples Original Potato Chips","4.69","0.0","Market Basket","9.5 oz","9.5 oz","837.jpg","","0"
"33620","Breakfast & Dairy","Dairy & Eggs","Yogurt","Noosa","Noosa blueberry","","Noosa blueberry","2.5","0.0","Market Basket","8 oz","8 oz","X668.jpg","","1"
"33830","Cooking Needs","Canned Food","Canned Tomatoes","Pastene","Pastene Italian Peeled Tomatoes in Puree with Basil Leaf","066086080121","Pastene Italian Peeled Tomatoes in Puree with Basil Leaf","6.86","0.0","Market Basket","6.75 lb","6.75 lb","X1380.jpg","","4"
"30756","Breakfast & Dairy","Dairy & Eggs","Yogurt","Cabot","Cabot Greek Yogurt Triple Cream Vanilla Bean ","","Cabot Greek Yogurt Triple Cream Vanilla Bean ","4.86","0.0","Market Basket","2 lb","2 lb","X90.jpg","","1"
"322","Kitchen & Cleaning","Food Storage & Kitchen Supplies","Storage Bags","Hefty","Hefty Storage Slider Bags","","Hefty Storage Slider Bags","3.69","1.0","Market Basket","30 x 1 gal","30 x 1 gal","4410.jpg","","12"
"3881","Fresh Produce","Fresh Vegetables","Lime","Market Basket","Bag Key Limes","","Bag Key Limes","4.06","0.0","Market Basket","1 lb","1 lb","f213.jpg","","20"
"13735","Breakfast & Dairy","Dairy & Eggs","Packaged Cheese","Market Basket","Market Basket Fat Free Sharp Cheddar Slices","","Market Basket Fat Free Sharp Cheddar Slices","3.09","0.0","Market Basket","12 oz","12 oz","Market Basket.jpg","","1"
"9332","Frozen Food","Frozen Dessert","Frozen Dessert","Carvel","Carvel Ice Cream Cake","","Carvel Ice Cream Cake","28.09","0.0","Market Basket","75 fl oz","75 fl oz","2972.jpg","","19"
"32724","Condiments & Dressings","Preserved Dips & Spreads","Spreads","Maranatha","Maranatha California Almond Butter ","","Maranatha California Almond Butter ","8.74","0.0","Market Basket","16 oz","16 oz","X502.jpg","","3"
"13375","Breakfast & Dairy","Dairy & Eggs","Cream","Market Basket","Market Basket Light Cream","","Market Basket Light Cream","1.49","0.0","Market Basket","16 fl oz","16 fl oz","Market Basket.jpg","","1"
"3568","Fresh Produce","Fresh Vegetables","Carrot","Bunny Love ","Fresh Carrots","","Fresh Carrots","2.19","0.0","Market Basket","2 lb","2 lb","f166.jpg","","20"
"32179","Breakfast & Dairy","Bars & Pastries","Breakfast Bars","Kellogg's ","Kellogg's Rice Kripies Snap Crackle Poppets Chocolatey","038000228162","Kellogg's Rice Kripies Snap Crackle Poppets Chocolatey","3.75","0.0","Market Basket","5 x 1 oz","5 x 1 oz","X3534.jpg","","5"
"7323","Cooking Needs","Spices & Seasonings","Spices & Seasonings","McCormick","McCormick Hot Taco Seasoning Mix","","McCormick Hot Taco Seasoning Mix","0.89","0.0","Market Basket","1.25 oz","1.25 oz","2291.jpg","","9"
"33378","Condiments & Dressings","Honey, Syrup & Nectars","Syrup","Mrs. Butter Worth's","Mrs. Butter Worth's Original Syrup ","644209791293","Mrs. Butter Worth's Original Syrup ","3.13","0.0","Market Basket","24 fl oz","24 fl oz","X3200.jpg","","2"
"34990","Frozen Food","Frozen Dinners & Entrees","Frozen Appetizers & Sides","White Castle","White Castle Veggie Sliders Vegan","082988067824","White Castle Veggie Sliders Vegan","4.61","0.0","Market Basket","7.83 oz","7.83 oz","X4001.jpg","","18"
"32830","Breakfast & Dairy","Breads & Rolls","Bagels","Market Basket","Market Basket Bagels Sesame","049705110942","Market Basket Bagels Sesame","2.5","0.0","Market Basket","22 oz","22 oz","X2411.jpg","","18"
"31833","Frozen Food","Frozen Dinners & Entrees","Frozen Appetizers & Sides","Hungry-Man","Hungry-Man Southern Fried Popcorn Chicken","051000063496","Hungry-Man Southern Fried Popcorn Chicken","3.74","0.0","Market Basket","14 oz","14 oz","X4003.jpg","","18"
"256","Kitchen & Cleaning","Dish Detergents","Dishwasher Detergent","Cascade","Cascade Complete Dawn 12X Dishwasher Detergent Lemon Scent","","Cascade Complete Dawn 12X Dishwasher Detergent Lemon Scent","9.19","1.0","Market Basket","23 count","23 count","4335.jpg","","15"
"8316","Condiments & Dressings","Fresh Dips & Tapenades","Fresh Dips & Tapenades","Joseph's","Josephs Bruschetta, Tuscan Style","","Josephs Bruschetta, Tuscan Style","3.29","0.0","Market Basket","16 oz","16 oz","17326.jpg","","1"
"30320","Pasta & Sauces","Gluten Free Pasta","Raw Pasta","Barilla","Barilla Gluten Free Pasta Penne","076808003895","Barilla Gluten Free Pasta Penne","3.13","0.0","Market Basket","12 oz","12 oz","X1619.jpg","","4"
"34649","Frozen Food","Frozen Dinners & Entrees","Frozen Meal","Stouffer's ","Stouffer's Macaroni & Cheese With Broccoli","013800447920","Stouffer's Macaroni & Cheese With Broccoli","3.36","0.0","Market Basket","12 oz","12 oz","X4263.jpg","","18"
"7614","Cooking Needs","Canned Food","Canned Fruit & Applesauce","Del Monte","Del Monte Fruit Cocktail Lite","","Del Monte Fruit Cocktail Lite","2.49","0.0","Market Basket","29 oz","29 oz","4920.jpg","","3"
"32513","Frozen Food","Frozen Dinners & Entrees","Frozen Meal","Lean Cuisine ","Lean Cuisine Deep Dish Spinach & Mushroom Pizza","013800135209","Lean Cuisine Deep Dish Spinach & Mushroom Pizza","3.13","0.0","Market Basket","6 1/8 oz","6 1/8 oz","X4232.jpg","","18"
"3490","Fresh Produce","Fresh Organic Fruits","Strawberries","Market Basket","Organic Strawberries","","Organic Strawberries","5.49","0.0","Market Basket","1 box","1 box","f88.jpg","","20"
"8723","Condiments & Dressings","Preserved Dips & Spreads","Preserved Dips & Salsa","Desert Pepper","Desert Pepper Trading Company Roasted Tomato Chipotle Corn Salsa Medium Hot","","Desert Pepper Trading Company Roasted Tomato Chipotle Corn Salsa Medium Hot","4.89","0.0","Market Basket","16 oz","16 oz","15605.jpg","","0"
"15201","Personal Care","Personal Needs","Oral Hygiene","Fixodent","Fixodent Denture Adhesive Cream Original","","Fixodent Denture Adhesive Cream Original","6.66","1.0","Market Basket","2 fl oz","2 fl oz","17784.jpg","","13"
"13462","Breakfast & Dairy","Dairy & Eggs","Milk","Hershey's","Hershey's Chocolate Milk 2% Reduced Fat 18 CT","","Hershey's Chocolate Milk 2% Reduced Fat 18 CT","15.89","0.0","Market Basket","8 fl oz","8 fl oz","14735.jpg","","1"
"13970","Breakfast & Dairy","Dairy & Eggs","Specialty Cheeses","Market Basket","Pecorino Romano","","Pecorino Romano","7.89","0.0","Market Basket","0.7 lb","0.7 lb","Market Basket.jpg","","1"
"14439","Breakfast & Dairy","Tea & Coffee","Coffee","New England Coffee","New England Coffee Chocolate Cappuccino Ground Coffee","","New England Coffee Chocolate Cappuccino Ground Coffee","7.39","0.0","Market Basket","11 oz","11 oz","3364.jpg","","8"
"30948","Chips, Cookies & Snacks","Candy & Chocolates","Candy & Chocolate","Chocolove","Chocolove xoxox Cherriies & Alomnds In Dark Chocolate","","Chocolove xoxox Cherriies & Alomnds In Dark Chocolate","2.5","0.0","Market Basket","3.2 oz","3.2 oz","X155.jpg","","3"
"34469","Frozen Food","Frozen Pizza","Frozen Pizza","Screamin' Sicilian ","Screamin' Sicilian Holy Pepperoni ","075706151110","Screamin' Sicilian Holy Pepperoni ","3.74","0.0","Market Basket","9.20 oz","9.20 oz","X4864.jpg","","19"
"5217","Chips, Cookies & Snacks","Cookies & Crackers","Crackers","Pepperidge Farm Goldfish","Pepperidge Farm Goldfish Cheddar Crackers","","Pepperidge Farm Goldfish Cheddar Crackers","1.55","0.0","Market Basket","2 oz","2 oz","1228.jpg","","6"
"10176","Frozen Food","Ice Cream & Ice","Ice Cream & Ice","Natural Rocks","Natural Rocks Spring Water Ice Cubes Cocktail Style","","Natural Rocks Spring Water Ice Cubes Cocktail Style","1.59","0.0","Market Basket","5 lb","5 lb","16080.jpg","","21"
"14573","Breakfast & Dairy","Tea & Coffee","Tea","Lipton","Lipton Tea Bags Black Tea","","Lipton Tea Bags Black Tea","3.69","0.0","Market Basket","50 count","50 count","3487.jpg","","8"
"30030","Cooking Needs","Rice & Grains","Rice/Pasta Sides","Alessi","Alessi Premium Risotto with Sundried Tomatoes","071072003145","Alessi Premium Risotto with Sundried Tomatoes","3.13","0.0","Market Basket","8 oz","8 oz","X1156.jpg","","4"
"9769","Frozen Food","Frozen Produce","Frozen Produce","Birds Eye","Birds Eye Steamfresh Broccoli Carrots Sugar Snap Peas & Water Chestnuts","","Birds Eye Steamfresh Broccoli Carrots Sugar Snap Peas & Water Chestnuts","2.49","0.0","Market Basket","12 oz","12 oz","2464.jpg","","19"
"7092","Cooking Needs","Oils & Vinegars","Oils & Vinegars","Goya","Goya Puro Olive Oil","","Goya Puro Olive Oil","4.39","0.0","Market Basket","8.5 fl oz","8.5 fl oz","1846.jpg","","2"
"9349","Frozen Food","Frozen Dessert","Frozen Dessert","Marie Callender's","Marie Callender's Lemon Meringue Pie","","Marie Callender's Lemon Meringue Pie","7.39","0.0","Market Basket","39 oz","39 oz","2967.jpg","","19"
"33077","Breakfast & Dairy","Cereal","Cereal","Market Basket ","Market Basket Cookie Factory ","049705004951","Market Basket Cookie Factory ","2.5","0.0","Market Basket","11.25 oz","11.25 oz","X3388.jpg","","5"
"33743","Meat & Seafood","Packaged Meat & Seafood","Bologna","Oscar Mayer","Oscar Mayer Beef Bologna ","","Oscar Mayer Beef Bologna ","4.86","0.0","Market Basket","8 oz","8 oz","X4496.jpg","","1"
"33938","Frozen Food","Frozen Pasta","Frozen Pasta","Pede Brothers","Pede Brother Cheese Stuffed Rigatoni","035916111830","Pede Brother Cheese Stuffed Rigatoni","1.24","0.0","Market Basket","12 oz","12 oz","X4317.jpg","","18"
"3637","Fresh Produce","Fresh Fruits","Blackberries","Sunbelle","Sunbelle Blackberries","","Sunbelle Blackberries","4.19","0.0","Market Basket","6 oz container","6 oz container","11.jpg","","20"
"4874","Chips, Cookies & Snacks","Chips & Fruit Snacks","Chips & Pretzels","Lay's","Lay's Wavy Lightly Salted","","Lay's Wavy Lightly Salted","3.91","0.0","Market Basket","7.5 oz","7.5 oz","No Image.jpg","","0"
"32888","Breakfast & Dairy","Breads & Rolls","Rolls","Market Basket","Market Basket Plain Bulkie Rolls","","Market Basket Plain Bulkie Rolls","1.88","0.0","Market Basket","15.6 oz","15.6 oz","X2425.jpg","","18"
"10023","Frozen Food","Ice Cream & Ice","Ice Cream & Ice","Edy's/dreyer's","Edy's/Dreyer's Vanilla Bean Ice Cream","","Edy's/Dreyer's Vanilla Bean Ice Cream","3.69","0.0","Market Basket","1.5 quart","1.5 quart","3026.jpg","","21"
"30843","Cooking Needs","Rice & Grains","Rice","Carolina ","Carolina Organic White Rice ","017400140823","Carolina Organic White Rice ","3.74","0.0","Market Basket","32 oz","32 oz","X1052.jpg","","4"
"14814","Personal Care","Body Wash, Soap & Hair Care","Hair Care","VS","VS Pro Series Moisture Lock Conditioner","","VS Pro Series Moisture Lock Conditioner","3.55","1.0","Market Basket","12 fl oz","12 fl oz","17844.jpg","","13"
"32088","Breakfast & Dairy","Bars & Pastries","Breakfast Bars","Kellogg's ","Kellogg's NutriGrain Soft Baked Breakfast Bars Apple Cinnamon","038000350016","Kellogg's NutriGrain Soft Baked Breakfast Bars Apple Cinnamon","4.99","0.0","Market Basket","16 x 1.3 oz","16 x 1.3 oz","X3943.jpg","","5"
"34706","Cooking Needs","Rice & Grains","Instant Rice","Success","Success Boil in Bag Basmati White Rice","017400100391","Success Boil in Bag Basmati White Rice","2.49","0.0","Market Basket","14 oz","14 oz","X983.jpg","","4"
"14828","Personal Care","Body Wash, Soap & Hair Care","Soap","Dial","Dial Bar Gold Antibacterial Deodorant Soap","","Dial Bar Gold Antibacterial Deodorant Soap","2.86","1.0","Market Basket","4 oz","4 oz","17734.jpg","","13"
"7602","Cooking Needs","Canned Food","Canned & Jarred Vegetables","Store Brand","La Napoletana Imported Artichoke Hearts","","La Napoletana Imported Artichoke Hearts","2.49","0.0","Market Basket","14 oz","14 oz","Market Basket.jpg","","9"
"34014","Meat & Seafood","Packaged Meat & Seafood","Sausage","Perdue","Perdue hardwood Smoked Chicken Sausage Kale & Feta ","","Perdue hardwood Smoked Chicken Sausage Kale & Feta ","4.99","0.0","Market Basket","12 oz","12 oz","X4640.jpg","","1"
"33610","Condiments & Dressings","Salad Dressings & Toppings","Salad Dressing & Toppings","Newmen's Own","Newmen's Own White Balsamic Dressing","020662002051","Newmen's Own White Balsamic Dressing","4.11","0.0","Market Basket","16 fl oz","16 fl oz","X659.jpg","","2"
"14949","Personal Care","First Aid & Healthcare","Digestion","Tums","Tums Smoothies Extra Strength 750 Chewable Antacid Tablets Peppermint","","Tums Smoothies Extra Strength 750 Chewable Antacid Tablets Peppermint","6.31","1.0","Market Basket","60 count","60 count","6646.jpg","","13"
"14535","Breakfast & Dairy","Tea & Coffee","Tea","Bigelow ","Bigelow Lemon Lift Black Tea Bags","","Bigelow Lemon Lift Black Tea Bags","3.09","0.0","Market Basket","1.37 oz","1.37 oz","3432.jpg","","8"
"15227","Personal Care","Personal Needs","Oral Hygiene","Market Basket","Market Basket Elite Angle Toothbrush Medium","","Market Basket Elite Angle Toothbrush Medium","1.83","1.0","Market Basket","1 count","1 count","Market Basket.jpg","","13"
"32931","Breakfast & Dairy","Dairy & Eggs","Yogurt","Market Basket","Market Basket Plain Yogurt Whole Milk ","","Market Basket Plain Yogurt Whole Milk ","2.36","0.0","Market Basket","32 oz","32 oz","X569.jpg","","1"
"6908","Cooking Needs","Baking & Cooking","Baking Ingredients","South Georgia Pecan Co.","South Georgia Pecan Co. Pecan Pieces","","South Georgia Pecan Co. Pecan Pieces","5.49","0.0","Market Basket","8 oz","8 oz","No Image.jpg","","8"
"6216","Beverages & Juices","Soft Drinks & Seltzers","Seltzer","Adirondack","Adirondack Beverages Seltzer, Raspberry Lime","","Adirondack Beverages Seltzer, Raspberry Lime","3.13","0.0","Market Basket","6 x 16.9 fl oz","6 x 16.9 fl oz","16267.jpg","","11"
"6416","Chips, Cookies & Snacks","Chips & Fruit Snacks","Rice Cake","Lundberg Family Farms","Lundberg Family Farms Organic Wild Rice Lightly Salted Whole Grain Rice Cakes","","Lundberg Family Farms Organic Wild Rice Lightly Salted Whole Grain Rice Cakes","3.74","0.0","Market Basket","8.5 oz","8.5 oz","No Image.jpg","","6"
"32103","Breakfast & Dairy","Cereal","Cereal","Kellogg's ","Kellogg's Cracklin' Oat Bran Cereal","038000198786","Kellogg's Cracklin' Oat Bran Cereal","4.86","0.0","Market Basket","16.5 oz","16.5 oz","X3343.jpg","","5"
"14873","Personal Care","Personal Needs","Family Planning","Trojan","Trojan Magnum Large Size Lubricated Latex Condoms","","Trojan Magnum Large Size Lubricated Latex Condoms","9.88","1.0","Market Basket","12 count","12 count","6755.jpg","","13"
"6855","Cooking Needs","Baking & Cooking","Baking Ingredients","Goya","Goya White Corn Meal Masarepa","","Goya White Corn Meal Masarepa","3.09","0.0","Market Basket","24 oz","24 oz","2349.jpg","","8"
"4189","Meat & Seafood","Packaged Meat & Seafood","Chicken","Market Basket","Market Basket Whole Frozen Chicken Paws","","Market Basket Whole Frozen Chicken Paws","2.49","0.0","Market Basket","Approx: 1.00 lb at $2.49/lb","Approx: 1.00 lb at $2.49/lb","Market Basket.jpg","","22"
"10256","Frozen Food","Ice Cream & Ice","Ice Cream & Ice","Turkey Hill","Turkey Hill Party Cake Original Recipe Premium Ice Cream","","Turkey Hill Party Cake Original Recipe Premium Ice Cream","3.69","0.0","Market Basket","48 fl oz","48 fl oz","3120.jpg","","21"
"4221","Meat & Seafood","Packaged Meat & Seafood","Chicken Thighs","Perdue","Perdue Chicken Thighs 4 Pc Skin On With Bones","","Perdue Chicken Thighs 4 Pc Skin On With Bones","4.23","0.0","Market Basket","Approx: 2.50 lb at $1.69/lb","Approx: 2.50 lb at $1.69/lb","4099.jpg","","22"
"10206","Frozen Food","Ice Cream & Ice","Ice Cream & Ice","Popsicle","Popsicle Ice Pops Rainbow","","Popsicle Ice Pops Rainbow","4.39","0.0","Market Basket","20 count","20 count","3146.jpg","","21"
"31399","Meat & Seafood","Packaged Meat & Seafood","Burger","Gardein","Gardein Chipotle Black Bean Burger ","","Gardein Chipotle Black Bean Burger ","5.61","0.0","Market Basket","12 oz","12 oz","X4762.jpg","","1"
"30617","Cooking Needs","Rice & Grains","Rice","Bombay Market","Bombay Market Naturally Aromatic Basmati Rice ","786081005058","Bombay Market Naturally Aromatic Basmati Rice ","6.24","0.0","Market Basket","4 lb","4 lb","X1054.jpg","","4"
"8778","Condiments & Dressings","Preserved Dips & Spreads","Preserved Dips & Salsa","Tostitos","Tostitos Habanero Salsa","","Tostitos Habanero Salsa","3.69","0.0","Market Basket","15 oz","15 oz","1997.jpg","","0"
"231","Kitchen & Cleaning","Dish Detergents","Dish Liquid","Ajax","Ajax Super Degreaser Dish Liquid Lemon","","Ajax Super Degreaser Dish Liquid Lemon","1.29","1.0","Market Basket","16 fl oz","16 fl oz","4372.jpg","","15"
"34261","Breakfast & Dairy","Bars & Pastries","Chewy Bars","Quaker ","Quaker Chewy Peanut Butter Marshmallows","030000564738","Quaker Chewy Peanut Butter Marshmallows","3.13","0.0","Market Basket","8 x 0.84 oz","8 x 0.84 oz","X3859.jpg","","5"
"34978","Beverages & Juices","Juices & Refrigerated Drinks","Juice & Nectars","V8","V8 Pomegranate Blueberry 100% Juice","051000169839","V8 Pomegranate Blueberry 100% Juice","3.74","0.0","Market Basket","14 fl oz","14 fl oz","X3134.jpg","","10"
"30152","Beverages & Juices","Juices & Refrigerated Drinks","Juice & Nectars","Apple & Eve","Apple & Eve Cool Waters Strawberry","076301830073","Apple & Eve Cool Waters Strawberry","3.13","0.0","Market Basket","8 x 6.75 fl oz","8 x 6.75 fl oz","X3103.jpg","","10"
"35009","Breakfast & Dairy","Breads & Rolls","English Muffins","Vermont Bread","Vermont Bread English Muffins Golden White","025911040334","Vermont Bread English Muffins Golden White","3.74","0.0","Market Basket","12 oz","12 oz","X2642.jpg","","18"
"15321","Personal Care","Vitamins & Proteins","Vitamins & Supplements","Flintstones","Flintstones Children's Chewable Multivitamins plus Immunity Support","","Flintstones Children's Chewable Multivitamins plus Immunity Support","11.95","1.0","Market Basket","60 count","60 count","6711.jpg","","13"
"5434","Chips, Cookies & Snacks","Candy & Chocolates","Candy & Chocolate","Dove","Dove Promises, Dark Chocolate Sea Salt Caramel","","Dove Promises, Dark Chocolate Sea Salt Caramel","5.29","0.0","Market Basket","7.9 oz","7.9 oz","17950.jpg","","3"
"35078","Beverages & Juices","Juices & Refrigerated Drinks","Juice & Nectars","Welch's","Welch's White Grape Peach 100% Juice No Sugar Added","041800271009","Welch's White Grape Peach 100% Juice No Sugar Added","4.74","0.0","Market Basket","64 fl oz","64 fl oz","X2894.jpg","","10"
"4994","Chips, Cookies & Snacks","Chips & Fruit Snacks","Chips & Pretzels","Utz","Utz Potato Chips Red Hot","","Utz Potato Chips Red Hot","4.69","0.0","Market Basket","9 oz","9 oz","842.jpg","","0"
"8725","Condiments & Dressings","Preserved Dips & Spreads","Preserved Dips & Salsa","Drew's","Drews Salsa, Thick & Chunky, Medium, Organic, Jar","","Drews Salsa, Thick & Chunky, Medium, Organic, Jar","4.29","0.0","Market Basket","12 oz","12 oz","15607.jpg","","1"
"3538","Fresh Produce","Fresh Vegetables","Beet","Market Basket","Golden Beets","","Golden Beets","3.84","0.0","Market Basket","1 bunch","1 bunch","f152.jpg","","20"
"5844","Breakfast & Dairy","Bars & Pastries","Protien Bars","Zone Perfect","Zone Perfect ZonePerfect Nutrition Bar Strawberry Yogurt Bar Bars","","Zone Perfect ZonePerfect Nutrition Bar Strawberry Yogurt Bar Bars","1.56","0.0","Market Basket","1.76 oz","1.76 oz","1323.jpg","","3"
"3575","Fresh Produce","Fresh Vegetables","Cauliflower","Market Basket","Green Giant Fresh Cauliflower","","Green Giant Fresh Cauliflower","4.93","0.0","Market Basket","1 count","1 count","14446.jpg","","20"
"13766","Breakfast & Dairy","Dairy & Eggs","Packaged Cheese","Market Basket","Market Basket Shredded Parmesan Cheese","","Market Basket Shredded Parmesan Cheese","2.39","0.0","Market Basket","6 oz","6 oz","Market Basket.jpg","","1"
"30060","Breakfast & Dairy","Cereal","Muesli Cereal","Alpen","Alpen Muesli Orignal","055712025711","Alpen Muesli Orignal","4.99","0.0","Market Basket","14 oz","14 oz","X3679.jpg","","5"
"33638","Meat & Seafood","Packaged Meat & Seafood","Sausage","North Country ","North Country Whiskey Fennel Sausage ","","North Country Whiskey Fennel Sausage ","6.24","0.0","Market Basket","16 oz","16 oz","X4636.jpg","","1"
"8296","Condiments & Dressings","Fresh Dips & Tapenades","Fresh Dips & Tapenades","El Yucatan","El Yucatan Guacamole Authentic Flavor","","El Yucatan Guacamole Authentic Flavor","4.89","0.0","Market Basket","16 oz","16 oz","5555.jpg","","1"
"33873","Condiments & Dressings","Pickled Goods & Olives","Pickled Goods & Olives","Pastene","Pastene Hearts of Palm Serving Suggestion","066086055044","Pastene Hearts of Palm Serving Suggestion","3.13","0.0","Market Basket","12 oz","12 oz","X2280.jpg","","2"
"30913","Breakfast & Dairy","Dairy & Eggs","Yogurt","Chobani","Chobani Complete Advance Nutrition Yogurt Vanilla ","","Chobani Complete Advance Nutrition Yogurt Vanilla ","2.36","0.0","Market Basket","10 fl oz","10 fl oz","X120.jpg","","1"
"34140","Beverages & Juices","Energy & Sports Drinks","Energy & Sports Drinks","Powerade","Powerade Power Water Tropical Mango","049000530896","Powerade Power Water Tropical Mango","5.0","0.0","Market Basket","6 x 16.9 fl oz","6 x 16.9 fl oz","X2779.jpg","","10"
"3798","Fresh Produce","Fresh Fruits","Mango","Market Basket","Ataulfo Mangoes","","Ataulfo Mangoes","2.19","0.0","Market Basket","1 each","1 each","f36.jpg","","20"
"4004","Fresh Produce","Fresh Vegetables","Squash","Market Basket","Butternut Squash","","Butternut Squash","15.49","0.0","Market Basket","1 count","1 count","14428.jpg","","20"
"12966","Breakfast & Dairy","Breads & Rolls","Tortillas & Flat Bread","Joseph's","Joseph's Pita Bread","","Joseph's Pita Bread","3.09","0.0","Market Basket","11 oz","11 oz","4794.jpg","","7"
"4079","Meat & Seafood","Meat & Seafood Counter","Beef","Market Basket","Market Basket Beef Extra Thin Bottom Round","","Market Basket Beef Extra Thin Bottom Round","7.11","0.0","Market Basket","Approx: 1.17 lb at $6.09/lb","Approx: 1.17 lb at $6.09/lb","Market Basket.jpg","","22"
"35006","Breakfast & Dairy","Breads & Rolls","Buns","Vermont Bread","Vermont Bread Broiche Style Buns","025911013482","Vermont Bread Broiche Style Buns","4.36","0.0","Market Basket","1 lb","1 lb","X2441.jpg","","18"
"34506","Frozen Food","Frozen Dinners & Entrees","Frozen Meal","Smart Ones","Smart Ones Three Cheese Macaroni","025800022434","Smart Ones Three Cheese Macaroni","2.5","0.0","Market Basket","9 oz","9 oz","X4189.jpg","","18"
"605","Laundry & Paper Goods","Paper Goods","Bathroom Tissues / Toilet Paper","Charmin","Charmin Ultra Strong Toilet Paper 9 Mega Rolls","","Charmin Ultra Strong Toilet Paper 9 Mega Rolls","16.24","1.0","Market Basket","9 count","9 count","No Image.jpg","","14"
"14560","Breakfast & Dairy","Tea & Coffee","Tea","Dafruta","Dafruta Passion Fruit Tetra","","Dafruta Passion Fruit Tetra","2.49","0.0","Market Basket","33.8 oz","33.8 oz","No Image.jpg","","8"
"5959","Beverages & Juices","Cocoa & Drink Mixes","Cocoa & Drink Mixes","Mr & Mrs T","Mr & Mrs T Bold & Spicy Bloody Mary Mix","","Mr & Mrs T Bold & Spicy Bloody Mary Mix","6.24","0.0","Market Basket","1.75 L","1.75 L","No Image.jpg","","17"
"10102","Frozen Food","Ice Cream & Ice","Ice Cream & Ice","Hood","Hood Ice Cream Peanut Butter Cup","","Hood Ice Cream Peanut Butter Cup","3.69","0.0","Market Basket","1.5 quart","1.5 quart","3103.jpg","","21"
"15223","Personal Care","Personal Needs","Oral Hygiene","Market Basket","Market Basket Antiseptic Mouth Rinse","","Market Basket Antiseptic Mouth Rinse","2.29","1.0","Market Basket","16.9 fl oz","16.9 fl oz","Market Basket.jpg","","13"
"13773","Breakfast & Dairy","Dairy & Eggs","Packaged Cheese","Market Basket","Market Basket Swiss Cheese Slices","","Market Basket Swiss Cheese Slices","3.09","0.0","Market Basket","8 oz","8 oz","Market Basket.jpg","","1"
"4991","Chips, Cookies & Snacks","Chips & Fruit Snacks","Chips & Pretzels","Utz","Utz Pork Rinds Chicharrones Original","","Utz Pork Rinds Chicharrones Original","2.8","0.0","Market Basket","3 oz","3 oz","835.jpg","","0"
"34297","Pasta & Sauces","Pasta Sauce","Pasta Sauce","Ragu","Ragu Classic Alfredo made with Real Cheese","036200013694","Ragu Classic Alfredo made with Real Cheese","2.5","0.0","Market Basket","16 oz","16 oz","X1448.jpg","","4"
"31211","Cooking Needs","Rice & Grains","Grains, Rice & Dried Goods","Dynasty","Dynasty Jasmine Rice Milagrosa","011152443683","Dynasty Jasmine Rice Milagrosa","11.24","0.0","Market Basket","5 lb","5 lb","X1116.jpg","","4"
"9763","Frozen Food","Frozen Produce","Frozen Produce","Birds Eye","Birds Eye Chef's Favorites with Oven Roasted Garlic Butter Sauce Rotini & Vegetables","","Birds Eye Chef's Favorites with Oven Roasted Garlic Butter Sauce Rotini & Vegetables","2.09","0.0","Market Basket","12 oz","12 oz","2432.jpg","","19"
"14121","Breakfast & Dairy","Dairy & Eggs","Yogurt","Danone","Danone Original Greek Vanilla Nonfat Yogurt","","Danone Original Greek Vanilla Nonfat Yogurt","1.29","0.0","Market Basket","5.3 oz","5.3 oz","14706.jpg","","1"
"4066","Meat & Seafood","Meat & Seafood Counter","Beef","Market Basket","Corned Beef","","Corned Beef","8.59","0.0","Market Basket","1 lb","1 lb","Market Basket.jpg","","22"
"34935","Cooking Needs","Rice & Grains","Instant Rice","Uncle Ben's","Uncle Ben's Ready Rice Butter & Garlic flavored","054800085477","Uncle Ben's Ready Rice Butter & Garlic flavored","2.5","0.0","Market Basket","8.8 oz","8.8 oz","X965.jpg","","4"
"7494","Cooking Needs","Canned Food","Canned & Jarred Vegetables","Le Sueur","Very Young Small Sweet Peas","","Very Young Small Sweet Peas","1.29","0.0","Market Basket","8.5 oz","8.5 oz","17088.jpg","","9"
"31109","Breakfast & Dairy","Dairy & Eggs","Yogurt","Dannon","Dannon Light & Fit Original Greek Banana Cream Naturally & Artifically Flavored ","","Dannon Light & Fit Original Greek Banana Cream Naturally & Artifically Flavored ","1.25","0.0","Market Basket","5.3 oz","5.3 oz","X211.jpg","","1"
"33313","Cooking Needs","Rice & Grains","Instant Rice","Minute Rice","Minute Multi Grain Medley Brown Rice, Flaxseed, Red Quinoa & Chia Seed","017400140076","Minute Multi Grain Medley Brown Rice, Flaxseed, Red Quinoa & Chia Seed","2.11","0.0","Market Basket","8.8 oz","8.8 oz","X1008.jpg","","4"
"33436","Beverages & Juices","Juices & Refrigerated Drinks","Juice & Nectars","Nantucket Nectars","Nantucket Nectars Pineapple Orange Guava","726284000115","Nantucket Nectars Pineapple Orange Guava","1.86","0.0","Market Basket","16 fl oz","16 fl oz","X3022.jpg","","10"
"6902","Cooking Needs","Baking & Cooking","Baking Ingredients","PAN","P.a.n. 100% White Corn Instant Dough Pre Cooked White Maize Meal","","P.a.n. 100% White Corn Instant Dough Pre Cooked White Maize Meal","2.99","0.0","Market Basket","35.27 oz","35.27 oz","15720.jpg","","8"
"35032","Beverages & Juices","Energy & Sports Drinks","Energy & Sports Drinks","Vitamin 1","Vitamin 1 Peach No Sugar","8.64477E+11","Vitamin 1 Peach No Sugar","2.49","0.0","Market Basket","16.9 fl oz","16.9 fl oz","X2751.jpg","","10"
"14657","Breakfast & Dairy","Tea & Coffee","Tea","Yogi","Yogi Organic Ginger Herbal Tea, Caffeine Free","","Yogi Organic Ginger Herbal Tea, Caffeine Free","4.89","0.0","Market Basket","16 x 1.12 oz","16 x 1.12 oz","3504.jpg","","8"
"6871","Cooking Needs","Baking & Cooking","Baking Ingredients","Libby's","Libby's Easy Pumpkin Pie Mix Pumpkin Pie Mix","","Libby's Easy Pumpkin Pie Mix Pumpkin Pie Mix","3.69","0.0","Market Basket","30 oz","30 oz","15707.jpg","","8"
"31744","Beverages & Juices","Energy & Sports Drinks","Energy & Sports Drinks","Hint","Hint Blood Orange","184739001009","Hint Blood Orange","1.56","0.0","Market Basket","16 fl oz","16 fl oz","X2749.jpg","","10"
"33289","Frozen Food","Frozen Dinners & Entrees","Frozen Appetizers & Sides","Michelina's","Michelina's Salisbury Steak","717854105576","Michelina's Salisbury Steak","1.25","0.0","Market Basket","8 oz","8 oz","X4112.jpg","","18"
"33788","Pasta & Sauces","Pasta Sauce","Pasta Sauce","Paesana","Paesana Pasta Sauce Tomato Basil","076050170307","Paesana Pasta Sauce Tomato Basil","4.99","0.0","Market Basket","25 oz","25 oz","X1528.jpg","","4"
"32744","Frozen Food","Frozen Dessert","Frozen Dessert","Marie Callender's","Marie Callender's Chicken Pot Pie","021131506919","Marie Callender's Chicken Pot Pie","3.13","0.0","Market Basket","15 oz","15 oz","X4049.jpg","","18"
"30535","Breakfast & Dairy","Cereal","Museli","Bob's Red Mill","Bob's Red Mill Muesli Whole Grain ","039978501035","Bob's Red Mill Muesli Whole Grain ","4.36","0.0","Market Basket","18 oz","18 oz","X5243.jpg","","3"
"13966","Breakfast & Dairy","Dairy & Eggs","Specialty Cheeses","Market Basket","Market Basket Shredded Parmesan Cheese","","Market Basket Shredded Parmesan Cheese","6.09","0.0","Market Basket","12 oz","12 oz","Market Basket.jpg","","1"
"9988","Frozen Food","Ice Cream & Ice","Ice Cream & Ice","Brigham's Ice Cream","Brigham's Ice Cream Chocolate Chip","","Brigham's Ice Cream Chocolate Chip","4.79","0.0","Market Basket","1 quart","1 quart","16143.jpg","","21"
"10233","Frozen Food","Ice Cream & Ice","Ice Cream & Ice","Talenti","Talenti Gelato Fudge Brownie","","Talenti Gelato Fudge Brownie","4.89","0.0","Market Basket","16 fl oz","16 fl oz","3181.jpg","","21"
"31653","Frozen Food","Frozen Dinners & Entrees","Frozen Meal","Healthy Choice","Healthy Choice Beef Merlot","072655001022","Healthy Choice Beef Merlot","3.13","0.0","Market Basket","9.5 oz","9.5 oz","X4066.jpg","","18"
"6115","Beverages & Juices","Soft Drinks & Seltzers","Soft Drinks","Dr Pepper","Dr Pepper Original Soda","","Dr Pepper Original Soda","5.0","0.0","Market Basket","6 x 16.9 fl oz","6 x 16.9 fl oz","No Image.jpg","","17"
"6545","Chips, Cookies & Snacks","Nuts, Seeds & Dried Fruit","Nuts, Seeds & Dried Fruit","StoneRidge Orchards","StoneRidge Mixed Berries","","StoneRidge Mixed Berries","3.13","0.0","Market Basket","4 oz","4 oz","No Image.jpg","","6"
"9812","Frozen Food","Frozen Produce","Frozen Produce","Green Giant","Green Giant Broccoli Spears & Butter Sauce","","Green Giant Broccoli Spears & Butter Sauce","2.09","0.0","Market Basket","10 oz","10 oz","2445.jpg","","19"
"31911","Condiments & Dressings","Pickled Goods & Olives","Olives","Italica ","Italica Sliced Olives Hot Olive Mix ","070118004214","Italica Sliced Olives Hot Olive Mix ","1.88","0.0","Market Basket","9 oz","9 oz","X2249.jpg","","2"
"89","Kitchen & Cleaning","Cleaning Products","All Purpose Cleaner","Fresh 'n Clean","Fresh 'n Clean All Purpose Pine Cleaner","","Fresh 'n Clean All Purpose Pine Cleaner","1.29","1.0","Market Basket","28 fl oz","28 fl oz","No Image.jpg","","15"
"34870","Frozen Food","Frozen Breakfast","Frozen Breakfast","Tina's","Tina's Cantina Handcrafted Breakfast BurritosEgg,Sausage & Cheddar Cheese","079606185015","Tina's Cantina Handcrafted Breakfast BurritosEgg,Sausage & Cheddar Cheese","7.49","0.0","Market Basket","32 oz","32 oz","X4991.jpg","","19"
"14791","Personal Care","Body Wash, Soap & Hair Care","Hair Care","Suave","Suave Conditioner Deep Moisture","","Suave Conditioner Deep Moisture","2.86","1.0","Market Basket","12.6 fl oz","12.6 fl oz","6560.jpg","","13"
"34301","Pasta & Sauces","Pasta Sauce","Pasta Sauce","Ragu","Ragu Tomato, Garlic and Onion Naturally Flavoured Chunky Sauce","036200004401","Ragu Tomato, Garlic and Onion Naturally Flavoured Chunky Sauce","2.5","0.0","Market Basket","24 oz","24 oz","X1452.jpg","","4"
"13432","Breakfast & Dairy","Dairy & Eggs","Eggs","Market Basket","Market Basket Organic Cage Free Eggs","","Market Basket Organic Cage Free Eggs","4.19","0.0","Market Basket","12 count","12 count","Market Basket.jpg","","1"
"30344","Pasta & Sauces","Raw Pasta","Raw Pasta","Barilla","Barilla Oven Ready Lasagne","076808515589","Barilla Oven Ready Lasagne","2.49","0.0","Market Basket","9 oz","9 oz","X1648.jpg","","4"
"3806","Fresh Produce","Fresh Organic Vegetables","Bell Pepper","Market Basket","Organic Green Bell Pepper","","Organic Green Bell Pepper","1.44","0.0","Market Basket","1 count","1 count","14297.jpg","","20"
"4188","Meat & Seafood","Packaged Meat & Seafood","Chicken","Market Basket","Market Basket Whole Chicken Legs","","Market Basket Whole Chicken Legs","3.35","0.0","Market Basket","Approx: 2.25 lb at $1.49/lb","Approx: 2.25 lb at $1.49/lb","Market Basket.jpg","","22"
"32987","Pasta & Sauces","Instant Pasta","Instant Pasta","Market Basket","Market Basket Shells & Cheese made with real aged cheddar cheese -Yellow Cheddar","049705310366","Market Basket Shells & Cheese made with real aged cheddar cheese -Yellow Cheddar","1.25","0.0","Market Basket","7 oz","7 oz","X1217.jpg","","4"
"31053","Condiments & Dressings","Preserved Dips & Spreads","Spreads","Crofter's","Crofter's  Berry Harvest Organic ","","Crofter's  Berry Harvest Organic ","6.24","0.0","Market Basket","16.5 oz","16.5 oz","X168.jpg","","3"
"8453","Condiments & Dressings","Marinades, Ketchup & Sauces","Marinades & Meat Preparation","Progresso","Progresso Italian Style Bread Crumbs","","Progresso Italian Style Bread Crumbs","2.49","0.0","Market Basket","24 oz","24 oz","15555.jpg","","1"
"33072","Breakfast & Dairy","Cereal","Cereal","Market Basket ","Market Basket Fiber Active","049705017852","Market Basket Fiber Active","3.13","0.0","Market Basket","16.2 oz","16.2 oz","X3383.jpg","","5"
"12974","Breakfast & Dairy","Breads & Rolls","Tortillas & Flat Bread","Market Basket","Market Basket Mexican Corn Tortilla","","Market Basket Mexican Corn Tortilla","2.09","0.0","Market Basket","1 lb","1 lb","Market Basket.jpg","","18"
"4655","Meat & Seafood","Canned Meat & Seafood","Canned Oysters","Chicken of the Sea","Chicken of the Sea Whole Oysters","","Chicken of the Sea Whole Oysters","3.09","0.0","Market Basket","8 oz","8 oz","5217.jpg","","2"
"9759","Frozen Food","Frozen Produce","Frozen Produce","Birds Eye","Birds Eye Bird's Eye Steamfresh Broccoli Florets","","Birds Eye Bird's Eye Steamfresh Broccoli Florets","2.69","0.0","Market Basket","10.8 oz","10.8 oz","2418.jpg","","19"
"34391","Cooking Needs","Rice & Grains","Grains, Rice & Dried Goods","Rice Select","Rice Select Organic Pearl Couscous Toasted Israeli style Pasta ","074401709237","Rice Select Organic Pearl Couscous Toasted Israeli style Pasta ","8.74","0.0","Market Basket","24.5 oz","24.5 oz","X1125.jpg","","4"
"13686","Breakfast & Dairy","Dairy & Eggs","Packaged Cheese","Galbani","Galbani Low Moisture Part Skim String Cheese Mozzarella","","Galbani Low Moisture Part Skim String Cheese Mozzarella","3.69","0.0","Market Basket","12 count","12 count","148.jpg","","1"
"13654","Breakfast & Dairy","Dairy & Eggs","Packaged Cheese","California Olive Ranch Frigo Cheese Heads","California Olive Ranch Frigo Cheese Heads Original String Cheese","","California Olive Ranch Frigo Cheese Heads Original String Cheese","7.19","0.0","Market Basket","24 oz","24 oz","14559.jpg","","1"
"10530","Cooking Needs","Rice & Grains","Instant Food","Maruchan","Maruchan Ramen Noodle Soup Chicken 6 Pk","","Maruchan Ramen Noodle Soup Chicken 6 Pk","2.49","0.0","Market Basket","6 x 2.25 oz","6 x 2.25 oz","17374.jpg","","9"
"6358","Beverages & Juices","Soft Drinks & Seltzers","Soft Drinks","Polar","Polar Premium Collins Natural Citrus Flavor","","Polar Premium Collins Natural Citrus Flavor","1.49","0.0","Market Basket","1 L","1 L","No Image.jpg","","11"
"33425","Cooking Needs","Oils & Vinegars","Oils & Vinegars","Nakano","Nakano Rice Vinegar Tosted Sesame ","073575220043","Nakano Rice Vinegar Tosted Sesame ","3.36","0.0","Market Basket","12 fl oz","12 fl oz","X5330.jpg","","3"
"205","Kitchen & Cleaning","Cleaning Products","Scrub Sponge","Scotch-Brite","Scotch-Brite Non-Scratch Scrub Sponges","","Scotch-Brite Non-Scratch Scrub Sponges","5.49","1.0","Market Basket","6 count","6 count","4302.jpg","","15"
"7366","Cooking Needs","Spices & Seasonings","Spices & Seasonings","Mrs. Dash","Mrs. Dash Salt Free Seasoning Blend Garlic & Herb","","Mrs. Dash Salt Free Seasoning Blend Garlic & Herb","3.69","0.0","Market Basket","2.5 oz","2.5 oz","15637.jpg","","9"
"34250","Breakfast & Dairy","Granola & Oats","Oats","Quaker","Quaker Cranberry Almond Instant Oatmeal","030000315989","Quaker Cranberry Almond Instant Oatmeal","3.75","0.0","Market Basket","6 x 2.18 oz","6 x 2.18 oz","X3588.jpg","","5"
"5115","Chips, Cookies & Snacks","Cookies & Crackers","Cookies & Cakes","Pepperidge Farm","Pepperidge Farm Nantucket Dark Chocolate Cookies","","Pepperidge Farm Nantucket Dark Chocolate Cookies","4.69","0.0","Market Basket","7.2 oz","7.2 oz","No Image.jpg","","6"
"6421","Chips, Cookies & Snacks","Chips & Fruit Snacks","Rice Cake","Quaker","Quaker Apple Cinnamon Rice Cake","","Quaker Apple Cinnamon Rice Cake","2.5","0.0","Market Basket","6.5 oz","6.5 oz","No Image.jpg","","6"
"4195","Meat & Seafood","Packaged Meat & Seafood","Chicken Breast","Bell & Evans","Bell & Evans Boneless Chicken Breast","","Bell & Evans Boneless Chicken Breast","9.19","0.0","Market Basket","1 lb","1 lb","4123.jpg","","22"
"13583","Breakfast & Dairy","Dairy & Eggs","Other Creams & Cheeses","Market Basket","Market Basket Cream Cheese","","Market Basket Cream Cheese","1.59","0.0","Market Basket","8 oz","8 oz","Market Basket.jpg","","1"
"31997","Beverages & Juices","Juices & Refrigerated Drinks","Juice & Nectars","Juicy Juice","Juicy Juice Berry","889497143250","Juicy Juice Berry","2.5","0.0","Market Basket","8 x 4.23 fl oz","8 x 4.23 fl oz","X3083.jpg","","10"
"33247","Pasta & Sauces","Pasta Sauce","Pasta Sauce","Mezzetta","Mezzetta Basil Pesto","073214009527","Mezzetta Basil Pesto","4.99","0.0","Market Basket","6.25 oz","6.25 oz","X1422.jpg","","4"
"9105","Frozen Food","Frozen Dinners & Entrees","Frozen Appetizers & Sides","Birds Eye","Birds Eye Steamfresh Selects Sweet Peas","","Birds Eye Steamfresh Selects Sweet Peas","2.99","0.0","Market Basket","10 oz","10 oz","2428.jpg","","19"
"35178","Condiments & Dressings","Marinades, Ketchup & Sauces","Marinades & Meat Preparation","World Harbors ","World Harbons Aulthentic Flavors Maui Mountain Sweet 'n Sour &Marinade ","072457550339","World Harbons Aulthentic Flavors Maui Mountain Sweet 'n Sour &Marinade ","3.13","0.0","Market Basket","16 fl oz","16 fl oz","X2051.jpg","","2"
"493","Laundry & Paper Goods","Laundry","Laundry Detergent","Tide","Tide Simply + OXI Refreshing Breeze 20 Loads Laundry Detergent","","Tide Simply + OXI Refreshing Breeze 20 Loads Laundry Detergent","4.36","1.0","Market Basket","31 fl oz","31 fl oz","No Image.jpg","","15"
"30844","Cooking Needs","Rice & Grains","Rice","Carolina ","Carolina Basmati Naturally Fragrant Rice Gluten Free","017400106973","Carolina Basmati Naturally Fragrant Rice Gluten Free","7.49","0.0","Market Basket","80 oz","80 oz","X1053.jpg","","4"
"5855","Richardson's Farm Ice Cream","Ice Cream Toppings","Ice Cream Toppings","Market Basket","Market Basket Lite Whipped Topping","","Market Basket Lite Whipped Topping","1.29","0.0","Market Basket","8 oz","8 oz","Market Basket.jpg","","20"
"32437","Frozen Food","Frozen Breakfast","Frozen Breads & Doughs","La Fe","La Fe Dough For Pastries Yellow Corn Color","023545002902","La Fe Dough For Pastries Yellow Corn Color","1.99","0.0","Market Basket","14 oz","14 oz","X4413.jpg","","18"
"34893","Breakfast & Dairy","Dairy & Eggs","Yogurt","Trimona","Trimona ORGANIC GRASS-FED BULGARIAN YOGURT PLAIN NON-STRAINED WHOLE MILK","","Trimona ORGANIC GRASS-FED BULGARIAN YOGURT PLAIN NON-STRAINED WHOLE MILK","5.86","0.0","Market Basket","32 oz","32 oz","X839.jpg","","1"
"5195","Chips, Cookies & Snacks","Cookies & Crackers","Crackers","Market Basket","Market Basket Saltinas Unsalted Top Crackers","","Market Basket Saltinas Unsalted Top Crackers","2.34","0.0","Market Basket","16 oz","16 oz","Market Basket.jpg","","6"
"6386","Beverages & Juices","Water","Sparkling Water","Polar","Polar Strawberry Watermelon Sparkling Water","","Polar Strawberry Watermelon Sparkling Water","1.24","0.0","Market Basket","1 L","1 L","No Image.jpg","","11"
"4130","Meat & Seafood","Meat & Seafood Counter","Chicken Tenderloins","Market Basket","Chicken Tenderloins","","Chicken Tenderloins","5.49","0.0","Market Basket","1 lb","1 lb","Market Basket.jpg","","22"
"203","Kitchen & Cleaning","Cleaning Products","Scrub Sponge","Scotch-Brite","Scotch-Brite Heavy Duty Scrub Sponges","","Scotch-Brite Heavy Duty Scrub Sponges","3.09","1.0","Market Basket","3 count","3 count","4305.jpg","","15"
"34802","Personal Care","Vitamins & Proteins","Protien Powders","Teras ","Teras Grass Fed Simply Whey Protein ","850628002180","Teras Grass Fed Simply Whey Protein ","21.24","0.0","Market Basket","12 oz","12 oz","X5197.jpg","","3"
"34415","Pasta & Sauces","Gluten Free Pasta","Raw Pasta","Ronzoni","Ronzoni Gluten Free Pasta Penne Rigate","071300042342","Ronzoni Gluten Free Pasta Penne Rigate","3.13","0.0","Market Basket","12 oz","12 oz","X1584.jpg","","4"
"6025","Beverages & Juices","Energy & Sports Drinks","Energy & Sports Drinks","Red Bull","Red Bull Sugar Free","","Red Bull Sugar Free","3.13","0.0","Market Basket","12 fl oz","12 fl oz","3741.jpg","","17"
"6169","Beverages & Juices","Soft Drinks & Seltzers","Soft Drinks","Pepsi","Pepsi Original Can","","Pepsi Original Can","4.38","0.0","Market Basket","6 x 7.5 oz","6 x 7.5 oz","3934.jpg","","17"
"9034","Condiments & Dressings","Preserved Dips & Spreads","Spreads","Skippy","Skippy Creamy Peanut Butter","","Skippy Creamy Peanut Butter","6.89","0.0","Market Basket","40 Oz","40 Oz","1637.jpg","","3"
"6514","Chips, Cookies & Snacks","Nuts, Seeds & Dried Fruit","Nuts, Seeds & Dried Fruit","Emerald","Emerald Dry Roasted Almonds","","Emerald Dry Roasted Almonds","3.49","0.0","Market Basket","5 oz","5 oz","No Image.jpg","","6"
"9886","Frozen Food","Frozen Produce","Frozen Produce","Market Basket","Market Basket Sweet Peas","","Market Basket Sweet Peas","1.89","0.0","Market Basket","24 oz","24 oz","Market Basket.jpg","","19"
"34001","Breakfast & Dairy","Breads & Rolls","Swirl Bread","Pepperidge Farm","Pepperidge Farm Swirl 100% Whole Wheat Cinnamon with Raisins Bread","014100085430","Pepperidge Farm Swirl 100% Whole Wheat Cinnamon with Raisins Bread","3.74","0.0","Market Basket","16 oz","16 oz","X2625.jpg","","18"
"32767","Beverages & Juices","Juices & Refrigerated Drinks","Juice & Nectars","Market Basket","Market Basket Reconstituted Lemon Juice","049705088982","Market Basket Reconstituted Lemon Juice","3.74","0.0","Market Basket","32 fl oz","32 fl oz","X2783.jpg","","10"
"10277","Frozen Food","Ice Cream & Ice","Ice Cream & Ice","Yasso","Yasso Frozen Greek Yogurt, Strawberry Bars","","Yasso Frozen Greek Yogurt, Strawberry Bars","4.89","0.0","Market Basket","4 x 3.5 fl oz","4 x 3.5 fl oz","16138.jpg","","21"
"7261","Cooking Needs","Spices & Seasonings","Spices & Seasonings","McCormick","McCormick Chili Powder","","McCormick Chili Powder","6.09","0.0","Market Basket","9.25 oz","9.25 oz","2136.jpg","","9"
"6023","Beverages & Juices","Energy & Sports Drinks","Energy & Sports Drinks","Red Bull","Red Bull Energy Drink","","Red Bull Energy Drink","2.49","0.0","Market Basket","8.4 fl oz","8.4 fl oz","No Image.jpg","","17"
"5946","Beverages & Juices","Cocoa & Drink Mixes","Cocoa & Drink Mixes","Finest Call","Finest Call Premium Margarita Mix","","Finest Call Premium Margarita Mix","4.99","0.0","Market Basket","33.8 fl oz","33.8 fl oz","No Image.jpg","","17"
"14900","Personal Care","Feminine Care","Pantiliner","Market Basket","Market Basket Sensitive Pantiliners Unscented Long","","Market Basket Sensitive Pantiliners Unscented Long","1.48","1.0","Market Basket","18 count","18 count","Market Basket.jpg","","13"
"5970","Beverages & Juices","Cocoa & Drink Mixes","Cocoa & Drink Mixes","Master of Mixes","Master of Mixes Handcrafted Pina Colada Mixer","","Master of Mixes Handcrafted Pina Colada Mixer","4.99","0.0","Market Basket","33.8 fl oz","33.8 fl oz","No Image.jpg","","17"
"31270","Breakfast & Dairy","Dairy & Eggs","Yogurt","Fage ","Fage Total 0% ,Milkfat With Cherry ","","Fage Total 0% ,Milkfat With Cherry ","1.25","0.0","Market Basket","5.3 oz","5.3 oz","X253.jpg","","1"
"3583","Fresh Produce","Fresh Vegetables","Celery","Dole","Dole Fresh Celery Stalk","","Dole Fresh Celery Stalk","2.86","0.0","Market Basket","1 bag","1 bag","14443.jpg","","20"
"31181","Beverages & Juices","Juices & Refrigerated Drinks","Juice & Nectars","Dole","Dole Pineapple Juice","038900009632","Dole Pineapple Juice","0.74","0.0","Market Basket","8.4 fl oz","8.4 fl oz","X3139.jpg","","10"
"10195","Frozen Food","Ice Cream & Ice","Ice Cream & Ice","Outshine","Outshine Strawberry Fruit Bars","","Outshine Strawberry Fruit Bars","4.29","0.0","Market Basket","6 count","6 count","3165.jpg","","21"
"3777","Fresh Produce","Fresh Organic Fruits","Cucumber","Market Basket","Organic Cucumber","","Organic Cucumber","2.4","0.0","Market Basket","1 count","1 count","14240.jpg","","20"
"32141","Frozen Food","Frozen Breakfast","Frozen Pancakes","Kellogg's ","Kellogg's Eggo Pancake Chocolatey Chip","038000396731","Kellogg's Eggo Pancake Chocolatey Chip","3.11","0.0","Market Basket","14.8 oz","14.8 oz","X5055.jpg","","19"
"33284","Condiments & Dressings","Pickled Goods & Olives","Relish","Mezzetta ","Mezzetta In the Napa Valley Deli-Style Zesty Bell Pepper Relish Family Owned Snice 1935","073214005710 ","Mezzetta In the Napa Valley Deli-Style Zesty Bell Pepper Relish Family Owned Snice 1935","3.74","0.0","Market Basket","12 fl oz","12 fl oz","X3240.jpg","","2"
"9766","Frozen Food","Frozen Produce","Frozen Produce","Birds Eye","Birds Eye Gold & White Corn","","Birds Eye Gold & White Corn","2.49","0.0","Market Basket","14 oz","14 oz","2435.jpg","","19"
"34218","Breakfast & Dairy","Bars & Pastries","Chewy Bars","Quaker","Quaker Chewy Peanut Butter Chocolate Chip","030000311844","Quaker Chewy Peanut Butter Chocolate Chip","3.13","0.0","Market Basket","8 x 0.84 oz","8 x 0.84 oz","X3866.jpg","","5"
"5188","Chips, Cookies & Snacks","Cookies & Crackers","Crackers","LATE JULY","LATE JULY Snacks Organic Classic Crackers","","LATE JULY Snacks Organic Classic Crackers","4.67","0.0","Market Basket","6 oz","6 oz","No Image.jpg","","6"
"4333","Meat & Seafood","Meat & Seafood Counter","Poultry Counter","Market Basket","Drumsticks","","Drumsticks","2.49","0.0","Market Basket","1 lb","1 lb","Market Basket.jpg","","22"
"4141","Meat & Seafood","Meat & Seafood Counter","Codfish","Gonsalves","Gonsalves Choice Boned Salted Codfish","","Gonsalves Choice Boned Salted Codfish","10.99","0.0","Market Basket","Approx: 1.01 lb at $10.9/lb","Approx: 1.01 lb at $10.9/lb","No Image.jpg","","22"
"30019","Chips, Cookies & Snacks","Candy & Chocolates","Candy & Chocolate","Air Heads","Air Heads mini Bars Assorted Flavors","","Air Heads mini Bars Assorted Flavors","1.24","0.0","Market Basket","4.2 oz","4.2 oz","X14.jpg","","3"
"30274","Meat & Seafood","Packaged Meat & Seafood","Sausage","Banquet","Banquet Brown'N Serve Vermont Maple 10 Fully Cooked Sausage Links","","Banquet Brown'N Serve Vermont Maple 10 Fully Cooked Sausage Links","1.88","0.0","Market Basket","6.4 oz","6.4 oz","X4750.jpg","","1"
"3546","Fresh Produce","Fresh Vegetables","Bell Pepper","Market Basket","Red Bell Peppers","","Red Bell Peppers","4.93","0.0","Market Basket","1 lb","1 lb","FP129.jpg","","20"
"33342","Breakfast & Dairy","Granola & Oats","Oats","Mother's","Mother's Oat Bran Creamy Hot Cereal ","030000201237","Mother's Oat Bran Creamy Hot Cereal ","3.74","0.0","Market Basket","16 oz","16 oz","X3677.jpg","","5"
"6665","Beverages & Juices","Juices & Refrigerated Drinks","Refrigerated Drinks","Sunny","Sunny D Citrus Punch Tangy Original","","Sunny D Citrus Punch Tangy Original","1.29","0.0","Market Basket","16 fl oz","16 fl oz","16552.jpg","","10"
"34358","Condiments & Dressings","Marinades, Ketchup & Sauces","Sauces","Reese","Resse Hollandaise Sauce Buttery & Smooth ","042563007676","Resse Hollandaise Sauce Buttery & Smooth ","2.5","0.0","Market Basket","16 oz","16 oz","X2149.jpg","","2"
"3764","Fresh Produce","Fresh Herbs","Sage","HerbThyme Farms","HerbThyme Farms Sage","","HerbThyme Farms Sage","2.86","0.0","Market Basket","0.67 oz","0.67 oz","No Image.jpg","","20"
"33168","Condiments & Dressings","Marinades, Ketchup & Sauces","Sauces","Market Basket ","Market BAsket Zesty Cocktail Sauce Made With Real Horeseradish ","049705027660","Market BAsket Zesty Cocktail Sauce Made With Real Horeseradish ","3.13","0.0","Market Basket","20 oz","20 oz","X2128.jpg","","2"
"30251","Frozen Food","Frozen Dinners & Entrees","Frozen Appetizers & Sides","Banquet","Banquet Sweet & Sour Chicken","031000007362","Banquet Sweet & Sour Chicken","1.56","0.0","Market Basket","9.25 oz","9.25 oz","X4028.jpg","","18"
"30511","Breakfast & Dairy","Granola & Oats","Oats","Bob's Red Mill","Bob's Red Mill Scottish Oatmeal ","039978041210","Bob's Red Mill Scottish Oatmeal ","4.36","0.0","Market Basket","20 oz","20 oz","X5219.jpg","","3"
"34044","Cooking Needs","Oils & Vinegars","Oils & Vinegars","Pompeian ","Pompeian Quality Since 1906 First Cold Pressed Extra Virgin Olive Oil Smooth Sauteing Stir Frying 63","070404002795","Pompeian Quality Since 1906 First Cold Pressed Extra Virgin Olive Oil Smooth Sauteing Stir Frying 63","14.99","0.0","Market Basket","48 fl oz","48 fl oz","X1990.jpg","","2"
"5169","Chips, Cookies & Snacks","Cookies & Crackers","Crackers","Dare","Dare Breton Crackers Multigrain","","Dare Breton Crackers Multigrain","3.13","0.0","Market Basket","8.8 oz","8.8 oz","15189.jpg","","6"
"5348","Chips, Cookies & Snacks","Cookies & Crackers","Cookies & Cakes","belVita","belVita Soft Baked Oats & Chocolate Breakfast Biscuits","","belVita Soft Baked Oats & Chocolate Breakfast Biscuits","4.69","0.0","Market Basket","8.8 oz","8.8 oz","No Image.jpg","","6"
"10405","Cooking Needs","Canned Food","Canned Food","Goya","Goya Black Beans","","Goya Black Beans","1.89","0.0","Market Basket","16 oz","16 oz","5807.jpg","","7"
"31477","Breakfast & Dairy","Cereal","Cereal","General Mills","General Mills Chocolate Chex","016000487932","General Mills Chocolate Chex","3.13","0.0","Market Basket","12.8 oz","12.8 oz","X3454.jpg","","5"
"6155","Beverages & Juices","Soft Drinks & Seltzers","Soft Drinks","Mug","Mug Root Beer Box of Cans","","Mug Root Beer Box of Cans","5.63","0.0","Market Basket","12 x 12 fl oz","12 x 12 fl oz","16625.jpg","","17"
"34483","Meat & Seafood","Canned Meat & Seafood","Other Meat","Sell's","Sell's Liver Pate ","","Sell's Liver Pate ","9.99","0.0","Market Basket","4.25 oz","4.25 oz","X1901.jpg","","2"
"34933","Cooking Needs","Rice & Grains","Instant Rice","Uncle Ben's","Uncle Ben's Ready Rice Whole Grain Brown","054800031771","Uncle Ben's Ready Rice Whole Grain Brown","2.5","0.0","Market Basket","8.8 oz","8.8 oz","X963.jpg","","4"
"31431","Beverages & Juices","Energy & Sports Drinks","Energy & Sports Drinks","Gatorade","Gatorade Zero Sugar Thirst Quencher Glacier Freeze 6 pack","052000043464","Gatorade Zero Sugar Thirst Quencher Glacier Freeze 6 pack","5.36","0.0","Market Basket","6 x 12 fl oz","6 x 12 fl oz","X2678.jpg","","10"
"13286","Breakfast & Dairy","Dairy & Eggs","Butter","I Can't Believe It's Not Butter","I Can't Believe It's Not Butter Buttery Spray Original","","I Can't Believe It's Not Butter Buttery Spray Original","4.59","0.0","Market Basket","12 oz","12 oz","639.jpg","","1"
"3733","Fresh Produce","Fresh Fruits","Watermelon","Sun State","Sun State Produce Sales, Seedless Watermelon","","Sun State Produce Sales, Seedless Watermelon","11.26","0.0","Market Basket","1 count","1 count","14280.jpg","","20"
"5014","Chips, Cookies & Snacks","Chips & Fruit Snacks","Ready Popcorn","Utz","Utz Premium White Cheddar Popcorn","","Utz Premium White Cheddar Popcorn","3.91","0.0","Market Basket","6.5 oz","6.5 oz","No Image.jpg","","0"
"54","Kitchen & Cleaning","Air Fresheners & Candles","Automatic Spray & Refill","Air Wick","Air Wick Freshmatic Ultra Gadget Only Automatic Spray","","Air Wick Freshmatic Ultra Gadget Only Automatic Spray","6.09","1.0","Market Basket","1 count","1 count","4216.jpg","","15"
"4368","Meat & Seafood","Meat & Seafood Counter","Tilapia","Market Basket","Market Basket Tilapia Fillets","","Market Basket Tilapia Fillets","8.35","0.0","Market Basket","Approx: 1.13 lb at $7.39/lb","Approx: 1.13 lb at $7.39/lb","Market Basket.jpg","","22"
"31279","Breakfast & Dairy","Cereal","Muesli Cereal","Familia","Familia Swiss Muesli rolled whole grain with fruit and nuts","813739910047","Familia Swiss Muesli rolled whole grain with fruit and nuts","4.99","0.0","Market Basket","12 oz","12 oz","X3682.jpg","","5"
"6829","Cooking Needs","Baking & Cooking","Baking Ingredients","Domino","Domino Sugar Quick Dissolve Superfine","","Domino Sugar Quick Dissolve Superfine","3.09","0.0","Market Basket","12 oz","12 oz","2336.jpg","","8"
"33690","Breakfast & Dairy","Dairy & Eggs","Yogurt","Oikos","Oikos Triple Zero Cherry Flavor ","","Oikos Triple Zero Cherry Flavor ","1.25","0.0","Market Basket","5.3 oz","5.3 oz","X688.jpg","","1"
"33525","Breakfast & Dairy","Cereal","Cereal","Nature's Path","Nature's Path Orignal Honey's corn flakes","058449602187","Nature's Path Orignal Honey's corn flakes","4.99","0.0","Market Basket","10.6 oz","10.6 oz","X3697.jpg","","5"
"34302","Pasta & Sauces","Pasta Sauce","Pasta Sauce","Ragu","Ragu Old World Style Sauce Traditional with Olive Oil","036200018002","Ragu Old World Style Sauce Traditional with Olive Oil","4.99","0.0","Market Basket","66 oz","66 oz","X1453.jpg","","4"
"12956","Breakfast & Dairy","Breads & Rolls","Tortillas & Flat Bread","CHI-CHI'S","Chi chi's Chips & Tortillas Whole Wheat Fajita Style Tortillas","","Chi chi's Chips & Tortillas Whole Wheat Fajita Style Tortillas","2.49","0.0","Market Basket","8 count","8 count","17028.jpg","","7"
"8791","Condiments & Dressings","Salad Dressings & Toppings","Salad Dressing & Toppings","Aurora","Aurora Natural Salad Fixin's Original","","Aurora Natural Salad Fixin's Original","4.89","0.0","Market Basket","14 oz","14 oz","15465.jpg","","2"
"30541","Cooking Needs","Baking & Cooking","Baking Mix","Bob's Red Mill","Bob's Red Mill Homemade Wonderful Bread Mix ","039978114549","Bob's Red Mill Homemade Wonderful Bread Mix ","6.86","0.0","Market Basket","16 oz","16 oz","X5249.jpg","","3"
"188","Kitchen & Cleaning","Cleaning Products","Other Cleaning Products","Tarn-x","Tarn-x Tarnish Remover","","Tarn-x Tarnish Remover","5.89","1.0","Market Basket","12 fl oz","12 fl oz","16758.jpg","","15"
"13550","Breakfast & Dairy","Dairy & Eggs","Other Creams & Cheeses","Daisy","Daisy Pure & Natural Sour Cream","","Daisy Pure & Natural Sour Cream","2.39","0.0","Market Basket","16 oz","16 oz","698.jpg","","1"
"30663","Breakfast & Dairy","Dairy & Eggs","Yogurt","Brekki ","Brekki Overnight Oats With Ancient Graw BlueBerries ","","Brekki Overnight Oats With Ancient Graw BlueBerries ","2.49","0.0","Market Basket","5.3 oz","5.3 oz","X63.jpg","","1"
"34659","Frozen Food","Frozen Dinners & Entrees","Frozen Meal","Stouffer's ","Stouffer's Bowl-Fulls Fried Chicken & Mashed Potatoes","013800938947","Stouffer's Bowl-Fulls Fried Chicken & Mashed Potatoes","4.11","0.0","Market Basket","14 oz","14 oz","X4273.jpg","","18"
"15233","Personal Care","Personal Needs","Oral Hygiene","Market Basket","Market Basket Soft & Smooth Dental Floss","","Market Basket Soft & Smooth Dental Floss","2.86","1.0","Market Basket","55 count","55 count","Market Basket.jpg","","13"
"4087","Meat & Seafood","Meat & Seafood Counter","Beef","Market Basket","Market Basket Beef Loin T Bone Steak","","Market Basket Beef Loin T Bone Steak","11.26","0.0","Market Basket","Approx: 1.15 lb at $9.79/lb","Approx: 1.15 lb at $9.79/lb","Market Basket.jpg","","22"
"10081","Frozen Food","Ice Cream & Ice","Ice Cream & Ice","Haagen-dazs","Haagen Dazs Vanilla Ice Cream","","Haagen Dazs Vanilla Ice Cream","4.79","0.0","Market Basket","14 fl oz","14 fl oz","3073.jpg","","21"
"33096","Breakfast & Dairy","Granola & Oats","Oats","Market Basket ","Market Basket Peaches & Cream Instant Oatmeal","049705005804","Market Basket Peaches & Cream Instant Oatmeal","2.5","0.0","Market Basket","10 x 1.23 oz","10 x 1.23 oz","X3567.jpg","","5"
"10341","Pasta & Sauces","Raw Pasta","Raw Pasta","Pasta Prima","Pasta Prima Five Cheese Ravioli Value Pack","","Pasta Prima Five Cheese Ravioli Value Pack","3.79","0.0","Market Basket","20 oz","20 oz","No Image.jpg","","N/A"
"32077","Chips, Cookies & Snacks","Chips & Fruit Snacks","Fruit & Vegetable Snacks","Kellogg's ","Kellogg's Paw Petrol ","038000161728","Kellogg's Paw Petrol ","2.5","0.0","Market Basket","8 oz","8 oz","X5162.jpg","","19"
"620","Laundry & Paper Goods","Paper Goods","Wipes","Kleenex","Kleenex trusted care","","Kleenex trusted care","2.5","1.0","Market Basket","144 count","144 count","No Image.jpg","","14"
"13555","Breakfast & Dairy","Dairy & Eggs","Other Creams & Cheeses","Galbani","Galbani Mascarpone Fresca","","Galbani Mascarpone Fresca","4.89","0.0","Market Basket","8 oz","8 oz","708.jpg","","1"
"8588","Condiments & Dressings","Pickled Goods & Olives","Pickled Goods & Olives","BaTampte","BaTampte Sauer Kraut","","BaTampte Sauer Kraut","3.69","0.0","Market Basket","32 oz","32 oz","15545.jpg","","2"
"8392","Condiments & Dressings","Marinades, Ketchup & Sauces","Marinades & Meat Preparation","4C Breadcrumbs","4C Breadcrumbs 100% Whole Wheat Seasoned","","4C Breadcrumbs 100% Whole Wheat Seasoned","1.49","0.0","Market Basket","13 oz","13 oz","1981.jpg","","1"
"34443","Frozen Food","Frozen Dinners & Entrees","Frozen Meal","Saffron Road","Saffron Road Chicken Enchiladas Poblano","857063002386","Saffron Road Chicken Enchiladas Poblano","4.99","0.0","Market Basket","10 oz","10 oz","X4173.jpg","","18"
"32507","Frozen Food","Frozen Dinners & Entrees","Frozen Meal","Lean Cuisine ","Lean Cuisine Chicken Fettuccini","013800188038","Lean Cuisine Chicken Fettuccini","2.5","0.0","Market Basket","                  9 1/4 oz","                  9 1/4 oz","X4226.jpg","","18"
"4808","Chips, Cookies & Snacks","Cookies & Crackers","Cookies & Cakes","Market Basket","Market Basket Fudge Marshmellow Cookies","","Market Basket Fudge Marshmellow Cookies","3.13","0.0","Market Basket","12 oz","12 oz","Market Basket.jpg","","6"
"33697","Breakfast & Dairy","Dairy & Eggs","Yogurt","Oikos","Oikos Triple Zero Greek Yogurt Plain ","","Oikos Triple Zero Greek Yogurt Plain ","5.49","0.0","Market Basket","32 oz","32 oz","X695.jpg","","1"
"607","Laundry & Paper Goods","Paper Goods","Paper Napkins","Market Basket","Market Basket Napkins","","Market Basket Napkins","3.74","1.0","Market Basket","250 count","250 count","Market Basket.jpg","","14"
"6174","Beverages & Juices","Soft Drinks & Seltzers","Soft Drinks","Pepsi","Pepsi Diet","","Pepsi Diet","2.5","0.0","Market Basket","2 L","2 L","3919.jpg","","17"
"6773","Cooking Needs","Baking & Cooking","Baking Ingredients","Argo","Argo 100% Pure Corn Starch","","Argo 100% Pure Corn Starch","1.89","0.0","Market Basket","16 oz","16 oz","15694.jpg","","8"
"4072","Meat & Seafood","Meat & Seafood Counter","Beef","Market Basket","Market Basket 85% Lean Ground Patties 6 Pack","","Market Basket 85% Lean Ground Patties 6 Pack","6.19","0.0","Market Basket","Approx: 1.27 lb at $4.89/lb","Approx: 1.27 lb at $4.89/lb","Market Basket.jpg","","22"
"3577","Fresh Produce","Fresh Vegetables","Celery","Market Basket","Celery Hearts","","Celery Hearts","4.39","0.0","Market Basket","1 lb","1 lb","f170.jpg","","20"
"13362","Breakfast & Dairy","Dairy & Eggs","Cream","La Fe","La Fe Coco Cream","","La Fe Coco Cream","2.49","0.0","Market Basket","12 fl oz","12 fl oz","14755.jpg","","1"
"6368","Beverages & Juices","Soft Drinks & Seltzers","Seltzer","Polar","Polar Seltzer, Ginger Lime Mule","","Polar Seltzer, Ginger Lime Mule","1.24","0.0","Market Basket","1 L","1 L","3221.jpg","","11"
"7732","Cooking Needs","Canned Food","Canned Meals & Beans","Ducal","Ducal Refried Beans Black","","Ducal Refried Beans Black","1.69","0.0","Market Basket","14.1 oz","14.1 oz","17132.jpg","","2"
"32312","Breakfast & Dairy","Bars & Pastries","Breakfast Bars","Kind","Kind Oats & Honey  Bars","602652184000","Kind Oats & Honey  Bars","3.75","0.0","Market Basket","5 x 1.2 oz","5 x 1.2 oz","X3888.jpg","","5"
"9094","Frozen Food","Frozen Dinners & Entrees","Frozen Appetizers & Sides","Alexia","Alexia Waffle Cut Sweet Potato Seasoned Fries","","Alexia Waffle Cut Sweet Potato Seasoned Fries","3.69","0.0","Market Basket","20 oz","20 oz","2590.jpg","","19"
"30929","Breakfast & Dairy","Dairy & Eggs","Yogurt","Chobani","Chobani Greek Yogurt Vanilla Blended 4 Value Pack","","Chobani Greek Yogurt Vanilla Blended 4 Value Pack","4.36","0.0","Market Basket","4 x 5.3 oz","4 x 5.3 oz","X136.jpg","","1"
"9073","Condiments & Dressings","Preserved Dips & Spreads","Spreads","Trappist","Trappist Apricot Preserve","","Trappist Apricot Preserve","3.69","0.0","Market Basket","12 oz","12 oz","1665.jpg","","3"
"34379","Cooking Needs","Rice & Grains","Instant Rice","Rice Roni","Rice Roni Creamy Four Cheese Rice, Vermicelli & 4 Creamy Cheeses with other natural flavors ","015300439801","Rice Roni Creamy Four Cheese Rice, Vermicelli & 4 Creamy Cheeses with other natural flavors ","1.25","0.0","Market Basket","6.4 oz","6.4 oz","X990.jpg","","4"
"35218","Breakfast & Dairy","Dairy & Eggs","Yogurt","Yoplait","Yoplait light Now More Fruit 4 Strawberry & 4 blueberry Patch ","","Yoplait light Now More Fruit 4 Strawberry & 4 blueberry Patch ","5.61","0.0","Market Basket","8 x 6 oz","8 x 6 oz","X952.jpg","","1"
"34704","Cooking Needs","Rice & Grains","Instant Rice","Success","Success Boil in Bag White Rice Precooked-Family Size Bags","017400102074","Success Boil in Bag White Rice Precooked-Family Size Bags","4.99","0.0","Market Basket","32 oz","32 oz","X981.jpg","","4"
"9400","Frozen Food","Frozen Dessert","Frozen Dessert","Atkins","Atkins Crustless Chicken Pot Pie ","637480090322","Atkins Crustless Chicken Pot Pie ","4.36","0.0","Market Basket","9 oz","9 oz","X4184.jpg","","18"
"14517","Breakfast & Dairy","Tea & Coffee","Tea","Bigelow ","Bigelow Black Tea, Constant Comment, Bags","","Bigelow Black Tea, Constant Comment, Bags","4.89","0.0","Market Basket","40 count","40 count","3405.jpg","","8"
"33864","Condiments & Dressings","Pickled Goods & Olives","Olives","Pastene","Pastene Castelvetrano Olives ","066086130604","Pastene Castelvetrano Olives ","6.24","0.0","Market Basket","12 oz","12 oz","X2328.jpg","","2"
"30768","Condiments & Dressings","Pickled Goods & Olives","Relish","Cains ","Cains Sweet Pickle Relish ","041660205008","Cains Sweet Pickle Relish ","3.74","0.0","Market Basket","10 oz","10 oz","X2204.jpg","","2"
"384","Kitchen & Cleaning","Food Storage & Kitchen Supplies","Utensils & Kitchen Supplies","Store Brand","Straws","","Straws","1.49","1.0","Market Basket","100 count","100 count","Market Basket.jpg","","12"
"3978","Fresh Produce","Fresh Vegetables","Speciality Produce","Market Basket","Jicama","","Jicama","8.21","0.0","Market Basket","1 pack","1 pack","14450.jpg","","20"
"6891","Cooking Needs","Baking & Cooking","Baking Ingredients","Market Basket","Market Basket Shredded Coconut","","Market Basket Shredded Coconut","2.39","0.0","Market Basket","14 oz","14 oz","Market Basket.jpg","","8"
"33572","Cooking Needs","Rice & Grains","Instant Rice","Near East ","Near East Couscous mix Herbed Chicken Flavor with other Natural flavor","072251001532","Near East Couscous mix Herbed Chicken Flavor with other Natural flavor","1.88","0.0","Market Basket","5.7 oz","5.7 oz","X1034.jpg","","4"
"34099","Breakfast & Dairy","Cereal","Cereal","Post","Post Hones Oh's Cereal","884912006202","Post Hones Oh's Cereal","2.86","0.0","Market Basket","10.5 oz","10.5 oz","X3324.jpg","","5"
"34701","Cooking Needs","Rice & Grains","Instant Rice","Success","Success Boil in Bag Quinoa Tri-Color","017400140755","Success Boil in Bag Quinoa Tri-Color","2.5","0.0","Market Basket","12 oz","12 oz","X978.jpg","","4"
"13864","Breakfast & Dairy","Dairy & Eggs","Soy & Lactose-Free","Blue Diamond","Blue Diamond Unsweetened Vanilla Almondmilk Coconutmilk Blend","","Blue Diamond Unsweetened Vanilla Almondmilk Coconutmilk Blend","3.09","0.0","Market Basket","32 fl oz","32 fl oz","779.jpg","","1"
"8355","Condiments & Dressings","Honey, Syrup & Nectars","Syrup","Cary's","Cary's Sugar Free Low Calorie Syrup","","Cary's Sugar Free Low Calorie Syrup","3.09","0.0","Market Basket","24 oz","24 oz","15397.jpg","","3"
"5202","Chips, Cookies & Snacks","Cookies & Crackers","Crackers","Milton's","Milton's Organic Crackers Olive Oil & Sea Salt","","Milton's Organic Crackers Olive Oil & Sea Salt","3.91","0.0","Market Basket","6 oz","6 oz","No Image.jpg","","6"
"7982","Cooking Needs","Canned Food","Soup, Broth & Bouillon","Campbell's","Campbell's Soup on the Go Campbell's Chicken & Mini Round Noodles Sipping Soup","","Campbell's Soup on the Go Campbell's Chicken & Mini Round Noodles Sipping Soup","2.09","0.0","Market Basket","10.75 oz","10.75 oz","17261.jpg","","2"
"4139","Meat & Seafood","Meat & Seafood Counter","Clams","Market Basket","Market Basket New England Clam Chowder","","Market Basket New England Clam Chowder","6.09","0.0","Market Basket","1 lb","1 lb","Market Basket.jpg","","22"
"7237","Cooking Needs","Spices & Seasonings","Spices & Seasonings","Litehouse","Litehouse Freeze Dried Parsley","","Litehouse Freeze Dried Parsley","4.09","0.0","Market Basket","0.35 oz","0.35 oz","2281.jpg","","9"
"31421","Beverages & Juices","Energy & Sports Drinks","Energy & Sports Drinks","Gatorade","Gatorade Zero Sugar Thirst Quencher Orange","052000042283","Gatorade Zero Sugar Thirst Quencher Orange","1.25","0.0","Market Basket","32 fl oz","32 fl oz","X2668.jpg","","10"
"34536","Richardson's Farm Ice Cream","Ice Cream Toppings","Ice Cream Toppings","Smucker's","Smucker's Sundae Syrup Chocolate ","051500025130","Smucker's Sundae Syrup Chocolate ","3.13","0.0","Market Basket","20 oz","20 oz","X5126.jpg","","20"
"34558","Beverages & Juices","Juices & Refrigerated Drinks","Juice & Nectars","Snapple","Snapple All Natural Kiwi Strawberry ","076183643631","Snapple All Natural Kiwi Strawberry ","3.13","0.0","Market Basket","64 fl oz","64 fl oz","X2984.jpg","","10"
"3653","Fresh Produce","Fresh Fruits","Clementine","Sunkist","Sunkist Clementine","","Sunkist Clementine","7.0","0.0","Market Basket","3 lb bag","3 lb bag","10.jpg","","20"
"30606","Beverages & Juices","Energy & Sports Drinks","Energy & Sports Drinks","Body Armor","Body Armor Super Drink Strawberry Banana 8 pack","858176002829","Body Armor Super Drink Strawberry Banana 8 pack","7.49","0.0","Market Basket","8 x 12 fl oz","8 x 12 fl oz","X2691.jpg","","10"
"8545","Cooking Needs","Oils & Vinegars","Oils & Vinegars","Marukan","Marukan Lite Rice Vinegar Dressing","","Marukan Lite Rice Vinegar Dressing","3.69","0.0","Market Basket","12 fl oz","12 fl oz","15515.jpg","","2"
"184","Kitchen & Cleaning","Cleaning Products","Other Cleaning Products","Swiffer","Swiffer Heavy Duty Extendable Handle Starter Kit","","Swiffer Heavy Duty Extendable Handle Starter Kit","9.79","1.0","Market Basket","1 count","1 count","4287.jpg","","15"
"4694","Meat & Seafood","Canned Meat & Seafood","Canned Tuna","StarKistÃÂ®","StarKistÃÂ® StarKist Low Sodium Albacore Tuna In Water","","StarKistÃÂ® StarKist Low Sodium Albacore Tuna In Water","2.49","0.0","Market Basket","2.6 oz","2.6 oz","5203.jpg","","2"
"30231","Frozen Food","Frozen Fruit & Juice","Frozen Juice","Bacardi Mixers ","Bacardi Mixers Strawberry Daiguiri","02562207","Bacardi Mixers Strawberry Daiguiri","3.36","0.0","Market Basket","10 oz","10 oz","X5093.jpg","","19"
"32300","Breakfast & Dairy","Bars & Pastries","Breakfast Bars","Kind","Kind Peanut Butter Dark Chocolate  Bars","602652271342","Kind Peanut Butter Dark Chocolate  Bars","9.99","0.0","Market Basket","6 x 1.4 oz","6 x 1.4 oz","X3876.jpg","","5"
"32591","Chips, Cookies & Snacks","Candy & Chocolates","Candy & Chocolate","Lindt","Lindt Classic Recipe 55% Cocoa Milk Chocolate Intense Cocoa Notes Milk Chocolate ","","Lindt Classic Recipe 55% Cocoa Milk Chocolate Intense Cocoa Notes Milk Chocolate ","2.5","0.0","Market Basket","4.1 oz","4.1 oz","X487.jpg","","3"
"33268","Condiments & Dressings","Pickled Goods & Olives","Olives","Mezzetta ","Mezzetta Since 1935 Family Co Whole Italian Castelvetrano Olives Hand Selected ","073214006113","Mezzetta Since 1935 Family Co Whole Italian Castelvetrano Olives Hand Selected ","6.86","0.0","Market Basket","16 oz","16 oz","X2237.jpg","","2"
"245","Kitchen & Cleaning","Dish Detergents","Dish Liquid","Palmolive","Palmolive ULTRA Dish Liquid Original","","Palmolive ULTRA Dish Liquid Original","3.69","1.0","Market Basket","25 fl oz","25 fl oz","4360.jpg","","15"
"14995","Personal Care","First Aid & Healthcare","Muscles, Joints & Pain Relief","Market Basket","Market Basket Extra Strength Non Aspirin Pain Relief Acetaminophen","","Market Basket Extra Strength Non Aspirin Pain Relief Acetaminophen","5.62","1.0","Market Basket","100 count","100 count","Market Basket.jpg","","13"
"31134","Pasta & Sauces","Raw Pasta","Raw Pasta","De Cecco","De Cecco Pasta Penne Rigate No. 41","024094070411","De Cecco Pasta Penne Rigate No. 41","2.08","0.0","Market Basket","1 lb","1 lb","X1543.jpg","","4"
"159","Kitchen & Cleaning","Cleaning Products","Other Cleaning Products","Market Basket","Market Basket 360 Duster","","Market Basket 360 Duster","3.69","1.0","Market Basket","1 count","1 count","Market Basket.jpg","","15"
"33986","Breakfast & Dairy","Breads & Rolls","Buns","Pepperidge Farm","Pepperidge Farm Sourdough Bigger Boulder Burger Buns","014100050452","Pepperidge Farm Sourdough Bigger Boulder Burger Buns","4.99","0.0","Market Basket","18 oz","18 oz","X2502.jpg","","18"
"33047","Breakfast & Dairy","Bars & Pastries","Pastries","Market Basket ","MarKet Basket Toaster Pasteries S'mores","049705010969","MarKet Basket Toaster Pasteries S'mores","1.24","0.0","Market Basket","11 oz","11 oz","X3523.jpg","","5"
"10220","Frozen Food","Ice Cream & Ice","Ice Cream & Ice","Skinny Cow","Skinny Cow Simply Amazing Salted Caramel Pretzel Ice Cream Bars","","Skinny Cow Simply Amazing Salted Caramel Pretzel Ice Cream Bars","4.29","0.0","Market Basket","5 x 2.1 fl oz","5 x 2.1 fl oz","16133.jpg","","21"
"33201","Meat & Seafood","Canned Meat & Seafood","Beef","Market Basket ","Market Basket Corned Beef Hash","","Market Basket Corned Beef Hash","2.11","0.0","Market Basket","15 oz","15 oz","X1858.jpg","","2"
"31526","Beverages & Juices","Tea, Coffee, Milk & Coconut Water","Tea","Gold Peak Tea","Gold Peak Tea California Raspberry","049000067927","Gold Peak Tea California Raspberry","1.66","0.0","Market Basket","18.5 fl oz","18.5 fl oz","X2933.jpg","","10"
"15056","Personal Care","Personal Needs","Deodorants","Speed Stick","Speed Stick Deodorant Fresh","","Speed Stick Deodorant Fresh","3.55","1.0","Market Basket","3 oz","3 oz","6312.jpg","","13"
"3540","Fresh Produce","Fresh Vegetables","Beet","Market Basket","Golden Beets","","Golden Beets","3.55","0.0","Market Basket","1 lb","1 lb","FP107.jpg","","20"
"7184","Cooking Needs","Spices & Seasonings","Spices & Seasonings","Badia","Badia Bay Leaves","","Badia Bay Leaves","1.29","0.0","Market Basket","0.2 oz","0.2 oz","2216.jpg","","9"
"14974","Personal Care","First Aid & Healthcare","Muscles, Joints & Pain Relief","Advil","Advil Children's Ibuprofen","","Advil Children's Ibuprofen","7.0","1.0","Market Basket","24 count","24 count","6632.jpg","","13"
"33819","Pasta & Sauces","Instant Pasta","Instant Pasta","Pastabilities","Pastabilities Organic Mac n Cheese Dinosaur","640173375057","Pastabilities Organic Mac n Cheese Dinosaur","4.99","0.0","Market Basket","10 oz","10 oz","X1237.jpg","","4"
"597","Laundry & Paper Goods","Paper Goods","Bathroom Tissues / Toilet Paper","Market Basket","Market Basket Supreme strong & soft Mega Call Bathroom Tissues","","Market Basket Supreme strong & soft Mega Call Bathroom Tissues","7.49","1.0","Market Basket","6 count","6 count","Market Basket.jpg","","14"
"6579","Beverages & Juices","Juices & Refrigerated Drinks","Refrigerated Drinks","Bolthouse Farms","Bolthouse Farms Vanilla Chai Tea","","Bolthouse Farms Vanilla Chai Tea","4.59","0.0","Market Basket","32 fl oz","32 fl oz","3835.jpg","","20"
"33824","Cooking Needs","Canned Food","Tomato Paste","Pastene","Pastene Fancy Tomato Paste","066086080336","Pastene Fancy Tomato Paste","1.24","0.0","Market Basket","12 oz","12 oz","X1295.jpg","","4"
"13967","Breakfast & Dairy","Dairy & Eggs","Specialty Cheeses","Market Basket","Market Basket Sliced Smoked Gouda","","Market Basket Sliced Smoked Gouda","3.69","0.0","Market Basket","10 oz","10 oz","Market Basket.jpg","","1"
"6550","Chips, Cookies & Snacks","Nuts, Seeds & Dried Fruit","Nuts, Seeds & Dried Fruit","Ocean Spray","Ocean Spray Cranberry Granola Snack Clusters","","Ocean Spray Cranberry Granola Snack Clusters","2.49","0.0","Market Basket","5 oz","5 oz","No Image.jpg","","6"
"457","Laundry & Paper Goods","Laundry","Laundry Detergent","Meyer","Meyer's Clean Day Laundry Detergent Lemon Verbena Scent","","Meyer's Clean Day Laundry Detergent Lemon Verbena Scent","17.49","1.0","Market Basket","64 fl oz","64 fl oz","No Image.jpg","","15"
"14807","Personal Care","Body Wash, Soap & Hair Care","Hair Care","TRESemme","TRESemme Shampoo 24 Hour Volume","","TRESemme Shampoo 24 Hour Volume","4.93","1.0","Market Basket","28 oz","28 oz","6554.jpg","","13"
"294","Kitchen & Cleaning","Food Storage & Kitchen Supplies","Casserole Pans","Hefty","Hefty Ez Foil 11 3/4 in x 9 1/4 in x 1 1/2 in Casserole Pans","","Hefty Ez Foil 11 3/4 in x 9 1/4 in x 1 1/2 in Casserole Pans","3.09","1.0","Market Basket","2 count","2 count","4460.jpg","","12"
"30625","Condiments & Dressings","Marinades, Ketchup & Sauces","Sauces","Bookbinder's","Bookbinders established Sassy Creamy Horseradish Sauce Refrigerate After Opening ","71851800460","Bookbinders established Sassy Creamy Horseradish Sauce Refrigerate After Opening ","2.86","0.0","Market Basket","12 oz","12 oz","X2182.jpg","","2"
"32874","Breakfast & Dairy","Breads & Rolls","English Muffins","Market Basket","Market Basket 12 Original English Muffins","049705326930","Market Basket 12 Original English Muffins","2.49","0.0","Market Basket","24 oz","24 oz","X2403.jpg","","18"
"31233","Pasta & Sauces","Pasta Sauce","Pasta Sauce","Emeril's","Emeril's Homesytle Pasta Sauce Marinara Sauce","074683099460","Emeril's Homesytle Pasta Sauce Marinara Sauce","3.75","0.0","Market Basket","24 oz","24 oz","X1519.jpg","","4"
"6382","Beverages & Juices","Water","Sparkling Water","Polar","Polar Pineapple Pomello Sparkling Water","","Polar Pineapple Pomello Sparkling Water","1.24","0.0","Market Basket","1 L","1 L","No Image.jpg","","11"
"10109","Frozen Food","Ice Cream & Ice","Ice Cream & Ice","Hood","Hood Rainbow Fat Free Sherbet","","Hood Rainbow Fat Free Sherbet","3.69","0.0","Market Basket","1.5 quart","1.5 quart","3100.jpg","","21"
"15076","Personal Care","Personal Needs","Eye & Ear Care","Q-Tips","Q-Tips Cotton Swabs Original","","Q-Tips Cotton Swabs Original","3.78","1.0","Market Basket","375 count","375 count","18156.jpg","","13"
"3606","Fresh Produce","Fresh Vegetables","Edamame","Market Basket","Edamame Beans","","Edamame Beans","3.21","0.0","Market Basket","1 count","1 count","17933.jpg","","20"
"8399","Condiments & Dressings","Marinades, Ketchup & Sauces","Marinades & Meat Preparation","Crockery Gourmet","Crockery Gourmet Seasoning Mix For Beef","","Crockery Gourmet Seasoning Mix For Beef","2.19","0.0","Market Basket","2.5 oz","2.5 oz","15564.jpg","","9"
"5148","Chips, Cookies & Snacks","Cookies & Crackers","Crackers","Austin","Austin Sandwich Crackers Cheddar Cheese on Cheese Crackers","","Austin Sandwich Crackers Cheddar Cheese on Cheese Crackers","2.34","0.0","Market Basket","11 oz","11 oz","15137.jpg","","6"
"15082","Personal Care","Personal Needs","Eye & Ear Care","Systane","Systane Balance Lubricant Eye Drops Restorative Formula","","Systane Balance Lubricant Eye Drops Restorative Formula","17.58","1.0","Market Basket","0.33 fl oz","0.33 fl oz","6484.jpg","","13"
"31220","Cooking Needs","Oils & Vinegars","Oils & Vinegars","Eden","Eden Selected Toasted Sesame Oil ","024182000283","Eden Selected Toasted Sesame Oil ","6.61","0.0","Market Basket","5 fl oz","5 fl oz","X5378.jpg","","3"
"32639","Cooking Needs","Rice & Grains","Grains, Rice & Dried Goods","Lundberg Family Farms","LundBerg Blackjaponica Rice Gluten Free Whole Grain","073416004511","LundBerg Blackjaponica Rice Gluten Free Whole Grain","4.99","0.0","Market Basket","16 oz","16 oz","X1109.jpg","","4"
"114","Kitchen & Cleaning","Cleaning Products","Cleaning Brush","Butler Gum","Butler Gum Combo Dust Pan & Brush","","Butler Gum Combo Dust Pan & Brush","6.09","1.0","Market Basket","1 count","1 count","4270.jpg","","15"
"498","Laundry & Paper Goods","Laundry","Laundry Detergent","Tide","Tide Ultra OXI Detergent 59 Loads","","Tide Ultra OXI Detergent 59 Loads","14.99","1.0","Market Basket","92 fl oz","92 fl oz","No Image.jpg","","15"
"34336","Frozen Food","Frozen Pizza","Frozen Pizza","Red Baron ","Red Baron Meat-Trio Pizza ","072180638137","Red Baron Meat-Trio Pizza ","4.61","0.0","Market Basket","18.22 oz","18.22 oz","X4901.jpg","","19"
"32236","Condiments & Dressings","Salad Dressings & Toppings","Salad Dressing & Toppings","Ken's Steak House","Ken's Seak House Balsamic With Honey Dressing ","041335342908","Ken's Seak House Balsamic With Honey Dressing ","3.49","0.0","Market Basket","16 fl oz","16 fl oz","X404.jpg","","2"
"121","Kitchen & Cleaning","Cleaning Products","Disinfecting Wipes & Sprays","Lysol","Lysol Ocean Fresh Scent Disinfecting Wipes","","Lysol Ocean Fresh Scent Disinfecting Wipes","3.49","1.0","Market Basket","35 count","35 count","16788.jpg","","15"
"32629","Cooking Needs","Rice & Grains","Grains, Rice & Dried Goods","Lundberg Family Farms","LundBerg Organic Whole Grain Rice & Seasoning Mix Black Beans & Rice Gluten Free Whole Grain Vegan","073416510609","LundBerg Organic Whole Grain Rice & Seasoning Mix Black Beans & Rice Gluten Free Whole Grain Vegan","4.36","0.0","Market Basket","6 oz","6 oz","X1066.jpg","","4"
"30363","Meat & Seafood","Packaged Meat & Seafood","Chicken","Bell & Evans","Bell & Evans Air Chilled Gluten Free Breaded Chicken Patties","738985272050","Bell & Evans Air Chilled Gluten Free Breaded Chicken Patties","8.74","0.0","Market Basket","16 oz","16 oz","X41.jpg","","1"
"13892","Breakfast & Dairy","Dairy & Eggs","Soy & Lactose-Free","Market Basket","Market Basket Original Soymilk","","Market Basket Original Soymilk","2.09","0.0","Market Basket","32 fl oz","32 fl oz","Market Basket.jpg","","1"
"13627","Breakfast & Dairy","Dairy & Eggs","Packaged Cheese","Biazzo","Biazzo Premium Whole Milk Mozzarella Cheese","","Biazzo Premium Whole Milk Mozzarella Cheese","3.69","0.0","Market Basket","1 lb","1 lb","14628.jpg","","1"
"8777","Condiments & Dressings","Preserved Dips & Spreads","Preserved Dips & Salsa","Tostitos","Tostitos Creamy Spinach Dip","","Tostitos Creamy Spinach Dip","2.24","0.0","Market Basket","15 oz","15 oz","1995.jpg","","0"
"31852","Cooking Needs","Canned Food","Tomato Sauce","Hunts","Hunts Tomato Sauce Roasted Garlic Flavor","027000391044","Hunts Tomato Sauce Roasted Garlic Flavor","0.74","0.0","Market Basket","8 oz","8 oz","X1287.jpg","","4"
"3948","Fresh Produce","Fresh Vegetables","Potato","Market Basket","Yellow Potatoes","","Yellow Potatoes","5.49","0.0","Market Basket","5 lb","5 lb","f267.jpg","","20"
"30131","Pasta & Sauces","Instant Pasta","Instant Pasta","Annie's ","Annies Homegrown Bunny Pasta with yummy Cheese Macaroni & Cheese","013562300600","Annies Homegrown Bunny Pasta with yummy Cheese Macaroni & Cheese","1.88","0.0","Market Basket","6 oz","6 oz","X1220.jpg","","4"
"14486","Beverages & Juices","Juices & Refrigerated Drinks","Refrigerated Drinks","StarBucks","STRABUCKS ICED COFFEE DARK ROASTED ROAST bold & robust","","STRABUCKS ICED COFFEE DARK ROASTED ROAST bold & robust","5.49","0.0","Market Basket","48 fl oz","48 fl oz","X815.jpg","","1"
"14374","Breakfast & Dairy","Tea & Coffee","Coffee","Folgers ","Folgers Coffee, Classic Roast, Medium, Ground, Tub","","Folgers Coffee, Classic Roast, Medium, Ground, Tub","9.79","0.0","Market Basket","30.5 oz","30.5 oz","3341.jpg","","8"
"31426","Beverages & Juices","Energy & Sports Drinks","Energy & Sports Drinks","Gatorade","Gatorade G2 Lower Sugar Thirst Quencher Rasberry Lemonade 8 pack","052000134551","Gatorade G2 Lower Sugar Thirst Quencher Rasberry Lemonade 8 pack","7.49","0.0","Market Basket","8 x 20 fl oz","8 x 20 fl oz","X2673.jpg","","10"
"34747","Breakfast & Dairy","Granola & Oats","Granola","Super Food","Super food Bunches of Crunches Dark Chocolate Seal salt with chia Granola","035228006301","Super food Bunches of Crunches Dark Chocolate Seal salt with chia Granola","6.24","0.0","Market Basket","11 oz","11 oz","X3749.jpg","","5"
"6679","Beverages & Juices","Juices & Refrigerated Drinks","Refrigerated Drinks","Tropicana ","Tropicana Twister Tropical Punch Flavored Drink","","Tropicana Twister Tropical Punch Flavored Drink","1.29","0.0","Market Basket","59 fl oz","59 fl oz","3821.jpg","","1"
"13471","Breakfast & Dairy","Dairy & Eggs","Milk","Hood","Hood Chocolate Lowfat Milk","","Hood Chocolate Lowfat Milk","1.69","0.0","Market Basket","32 oz","32 oz","497.jpg","","1"
"32761","Meat & Seafood","Packaged Meat & Seafood","Nachos","Mariokart ","Mariokart Nachos Cheese Dip & Salsa ","","Mariokart Nachos Cheese Dip & Salsa ","1.61","0.0","Market Basket","4.4 oz","4.4 oz","X4549.jpg","","1"
"13943","Breakfast & Dairy","Dairy & Eggs","Specialty Cheeses","La Ricura","La Ricura Mexican Cream","","La Ricura Mexican Cream","8.59","0.0","Market Basket","32 oz","32 oz","Market Basket.jpg","","1"
"3786","Fresh Produce","Fresh Organic Fruits","Pea","Jonathan's Sprouts","Jonathan's Sprouts Organic Pea Shoots","","Jonathan's Sprouts Organic Pea Shoots","5.28","0.0","Market Basket","6 oz","6 oz","14264.jpg","","20"
"5257","Chips, Cookies & Snacks","Chips & Fruit Snacks","Chips & Pretzels","LATE JULY","LATE JULY Organic Blue Corn Dippers Tortilla Chips","","LATE JULY Organic Blue Corn Dippers Tortilla Chips","4.69","0.0","Market Basket","8 oz","8 oz","No Image.jpg","","0"
"34548","Frozen Food","Frozen Breakfast","Frozen Breakfast","Smucker's","Smucker's Uncrestables Peanut Butter & Strawberry Spread Sandwich","051500041383","Smucker's Uncrestables Peanut Butter & Strawberry Spread Sandwich","3.36","0.0","Market Basket","8 oz","8 oz","X4976.jpg","","19"
"9989","Frozen Food","Ice Cream & Ice","Ice Cream & Ice","Brigham's Ice Cream","Brigham's Ice Cream Coffee","","Brigham's Ice Cream Coffee","3.69","0.0","Market Basket","1 quart","1 quart","16125.jpg","","21"
"7453","Cooking Needs","Canned Food","Canned & Jarred Vegetables","Goya","Goya Seasoned Tomato Sauce with Onion, Garlic & Cilantro","","Goya Seasoned Tomato Sauce with Onion, Garlic & Cilantro","0.69","0.0","Market Basket","8 oz","8 oz","5058.jpg","","7"
"30600","Personal Care","Vitamins & Proteins","Protien Powders","Body Fortress ","Body Fortress Super Advance Whey Protein","074312553660","Body Fortress Super Advance Whey Protein","24.99","0.0","Market Basket","2 lb","2 lb","X5211.jpg","","3"
"14925","Personal Care","First Aid & Healthcare","Cold, Flu & Allergy","Claritin","Claritin 24 Hour Non-Drowsy Allergy Tablets","","Claritin 24 Hour Non-Drowsy Allergy Tablets","10.22","1.0","Market Basket","5 count","5 count","6664.jpg","","13"
"30849","Cooking Needs","Baking & Cooking","Pizza Sauce","Casa Visco ","Casa Visco Italian Style Pizza Sauce","081319281656","Casa Visco Italian Style Pizza Sauce","3.74","0.0","Market Basket","16 oz","16 oz","X1318.jpg","","4"
"31760","Beverages & Juices","Juices & Refrigerated Drinks","Juice & Nectars","Honest","Honest Kids Organic Super Fruit Punch","657622412782","Honest Kids Organic Super Fruit Punch","3.74","0.0","Market Basket","59 fl oz","59 fl oz","X2870.jpg","","10"
"14838","Personal Care","Body Wash, Soap & Hair Care","Soap","Dove","Dove Beauty Bar Sensitive Skin","","Dove Beauty Bar Sensitive Skin","9.88","1.0","Market Basket","6 ct","6 ct","18135.jpg","","13"
"34658","Frozen Food","Frozen Dinners & Entrees","Frozen Meal","Stouffer's ","Stouffer's Bowl-Fulls Southwest Style Mac & Cheese","013800758897","Stouffer's Bowl-Fulls Southwest Style Mac & Cheese","4.11","0.0","Market Basket","14 oz","14 oz","X4272.jpg","","18"
"15265","Personal Care","Personal Needs","Oral Hygiene","Tom's Of Maine","Tom's of Maine Wicked Fresh! Spearmint Ice Toothpaste","","Tom's of Maine Wicked Fresh! Spearmint Ice Toothpaste","6.31","1.0","Market Basket","5.5 oz","5.5 oz","6462.jpg","","13"
"4201","Meat & Seafood","Packaged Meat & Seafood","Chicken Breast","Market Basket","Market Basket Chicken Breast Cutlets","","Market Basket Chicken Breast Cutlets","5.84","0.0","Market Basket","1.2 lb","1.2 lb","4097.jpg","","22"
"4698","Meat & Seafood","Canned Meat & Seafood","Canned Tuna","StarKistÃÂ®","StarKistÃÂ® StarKist Tuna Creations Lemon Pepper","","StarKistÃÂ® StarKist Tuna Creations Lemon Pepper","1.69","0.0","Market Basket","2.6 oz","2.6 oz","5204.jpg","","2"
"5399","Chips, Cookies & Snacks","Cookies & Crackers","Crackers","Back to Nature","Back to Nature Fudge Mint Cookies","","Back to Nature Fudge Mint Cookies","6.23","0.0","Market Basket","6.4 oz","6.4 oz","No Image.jpg","","6"
"31687","Condiments & Dressings","Marinades, Ketchup & Sauces","Mayonnaise","Heinz","Heinz Real Mayonnaise Delicously Creamy","","Heinz Real Mayonnaise Delicously Creamy","4.36","0.0","Market Basket","30 fl oz","30 fl oz","X1732.jpg","","2"
"8051","Cooking Needs","Canned Food","Soup, Broth & Bouillon","Market Basket","Market Basket Fat Free Reduced Sodium Chicken Broth","","Market Basket Fat Free Reduced Sodium Chicken Broth","1.29","0.0","Market Basket","14.5 oz","14.5 oz","Market Basket.jpg","","2"
"262","Kitchen & Cleaning","Dish Detergents","Dishwasher Detergent","Finish","Finish All in 1 Powerball Orange Grease Cutting Automatic Dishwasher Detergent","","Finish All in 1 Powerball Orange Grease Cutting Automatic Dishwasher Detergent","4.89","1.0","Market Basket","20 count","20 count","16852.jpg","","15"
"12813","Breakfast & Dairy","Breads & Rolls","Bread","York","When Pigs Fly Bread, New York Rye","","When Pigs Fly Bread, New York Rye","5.79","0.0","Market Basket","20 oz","20 oz","4735.jpg","","18"
"4231","Meat & Seafood","Packaged Meat & Seafood","Ham","Fiorucci","Fiorucci Panino Antipasti Prosciutto","","Fiorucci Panino Antipasti Prosciutto","6.09","0.0","Market Basket","5 oz","5 oz","18046.jpg","","22"
"32727","Cooking Needs","Oils & Vinegars","Oils & Vinegars","Maranatha ","Maranatha Coconut Butter Creamy","051651093651","Maranatha Coconut Butter Creamy","9.99","0.0","Market Basket","29 fl oz","29 fl oz","X1974.jpg","","2"
"9018","Condiments & Dressings","Preserved Dips & Spreads","Spreads","Nutella","Nutella Hazelnut Spread With Cocoa","","Nutella Hazelnut Spread With Cocoa","3.89","0.0","Market Basket","13 oz","13 oz","15403.jpg","","3"
"3790","Fresh Produce","Fresh Organic Fruits","Raspberries","Market Basket","Green Belle Organic Raspberries","","Green Belle Organic Raspberries","6.99","0.0","Market Basket","0.5 pint container","0.5 pint container","FP23.jpg","","20"
"14876","Personal Care","Feminine Care","Menstrual Pads","Always","Always Maxi Extra Heavy Overnight Pads Size 5","","Always Maxi Extra Heavy Overnight Pads Size 5","8.5","1.0","Market Basket","20 count","20 count","6492.jpg","","13"
"6814","Cooking Needs","Baking & Cooking","Baking Ingredients","Crisco","Crisco All Vegetable Shortening Baking Sticks","","Crisco All Vegetable Shortening Baking Sticks","4.29","0.0","Market Basket","20 oz","20 oz","15712.jpg","","8"
"30870","Cooking Needs","Canned Food","Canned Tomatoes","Cento","Cento San Marzano Peeled Tomatoes","070796150975","Cento San Marzano Peeled Tomatoes","8.74","0.0","Market Basket","90 oz","90 oz","X1397.jpg","","4"
"6526","Chips, Cookies & Snacks","Nuts, Seeds & Dried Fruit","Nuts, Seeds & Dried Fruit","Sunmaid","Sunmaid Strawberry Yogurt Flavored Raisins","","Sunmaid Strawberry Yogurt Flavored Raisins","3.74","0.0","Market Basket","5 oz","5 oz","No Image.jpg","","6"
"13426","Breakfast & Dairy","Dairy & Eggs","Eggs","Market Basket","Market Basket Grade A Extra Large Eggs Brown","","Market Basket Grade A Extra Large Eggs Brown","3.09","0.0","Market Basket","12 count","12 count","Market Basket.jpg","","1"
"34884","Frozen Food","Frozen Dinners & Entrees","Frozen Appetizers & Sides","Totino's","Totino's Pizza Rolls Combination","042800109521","Totino's Pizza Rolls Combination","4.99","0.0","Market Basket","24.8 oz","24.8 oz","X4803.jpg","","19"
"6326","Beverages & Juices","Soft Drinks & Seltzers","Soft Drinks","Polar","Polar Birch Beer Soda","","Polar Birch Beer Soda","1.49","0.0","Market Basket","1 L","1 L","No Image.jpg","","11"
"5041","Chips, Cookies & Snacks","Cookies & Crackers","Cookies & Cakes","Dare","Dare Cookies Lemon Creme","","Dare Cookies Lemon Creme","3.91","0.0","Market Basket","10.2 oz","10.2 oz","15094.jpg","","6"
"367","Kitchen & Cleaning","Food Storage & Kitchen Supplies","Storage Containers","Ziploc","Ziploc S Square 4 Pk","","Ziploc S Square 4 Pk","3.49","1.0","Market Basket","4 count","4 count","No Image.jpg","","12"
"6054","Beverages & Juices","Ice Pops","Ice Pops","Market Basket","Market Basket FunPops","","Market Basket FunPops","4.99","0.0","Market Basket","100 x 1.5 oz","100 x 1.5 oz","Market Basket.jpg","","17"
"30819","Condiments & Dressings","Salad Dressings & Toppings","Salad Dressing & Toppings","Cardini's","Cardini's Caesar Dressing Light Caesar ","","Cardini's Caesar Dressing Light Caesar ","3.25","0.0","Market Basket","12 fl oz","12 fl oz","X95.jpg","","2"
"33516","Breakfast & Dairy","Cereal","Cereal","Nature's Path","Nature's Path Orignal Optimum Power Blueberry Cinnamon Flax","058449777007","Nature's Path Orignal Optimum Power Blueberry Cinnamon Flax","4.99","0.0","Market Basket","14 oz","14 oz","X3688.jpg","","5"
"4872","Chips, Cookies & Snacks","Chips & Fruit Snacks","Chips & Pretzels","Lay's","Lay'S Sour Cream & Onion Flavored Potato Chips","","Lay'S Sour Cream & Onion Flavored Potato Chips","3.91","0.0","Market Basket","7.75 oz","7.75 oz","868.jpg","","0"
"34833","Breakfast & Dairy","Breads & Rolls","Bagels","Thomas","Thomas Bagel Thins Plain","048121135454","Thomas Bagel Thins Plain","5.61","0.0","Market Basket","13 oz","13 oz","X2603.jpg","","18"
"34040","Meat & Seafood","Packaged Meat & Seafood","Burger","Plant Made ","Plant Made Chicken Curry ","","Plant Made Chicken Curry ","4.99","0.0","Market Basket","10 oz","10 oz","X4730.jpg","","1"
"14970","Personal Care","First Aid & Healthcare","First Aid","Topcare","TopCare Sheer Bandages","","TopCare Sheer Bandages","3.55","1.0","Market Basket","10 count","10 count","6536.jpg","","13"
"34942","Cooking Needs","Rice & Grains","Instant Rice","Uncle Ben's","Uncle Ben's Original Enriched Parboiled Long Grain Rice","054800010073","Uncle Ben's Original Enriched Parboiled Long Grain Rice","9.36","0.0","Market Basket","5 lb","5 lb","X972.jpg","","4"
"33878","Condiments & Dressings","Pickled Goods & Olives","Pickled Goods & Olives","Pastene","Pastene Imported Diced Pimientos ","066086100805","Pastene Imported Diced Pimientos ","1.74","0.0","Market Basket","4 oz","4 oz","X2314.jpg","","2"
"4686","Meat & Seafood","Canned Meat & Seafood","Canned Clams","Snow's","Snow's Chopped Clams in Clam Juice","","Snow's Chopped Clams in Clam Juice","1.49","0.0","Market Basket","6.5 oz","6.5 oz","17169.jpg","","2"
"396","Laundry & Paper Goods","Laundry","Laundry Detergent","Tide","Tide Liquid Laundry Detergent with a Touch of Downy, April Fresh","","Tide Liquid Laundry Detergent with a Touch of Downy, April Fresh","14.99","1.0","Market Basket","92 fl oz","92 fl oz","18069.jpg","","15"
"31197","Condiments & Dressings","Marinades, Ketchup & Sauces","Paste","Dragonfly","Dragonfly Crab Paste with Bean Oil","721557214305","Dragonfly Crab Paste with Bean Oil","4.36","0.0","Market Basket","7 oz","7 oz","X3237.jpg","","2"
"31466","Breakfast & Dairy","Cereal","Cereal","General Mills","General Mills Reese's Puffs","016000122222","General Mills Reese's Puffs","3.75","0.0","Market Basket","11.5 oz","11.5 oz","X3443.jpg","","5"
"34028","Frozen Food","Frozen Dessert","Frozen Dessert","Pillsbury","Pillsbury Toster Strudel Pestries Cream Cheese & Strawberry","018000426973","Pillsbury Toster Strudel Pestries Cream Cheese & Strawberry","3.13","0.0","Market Basket","11.7 oz","11.7 oz","X5078.jpg","","19"
"33892","Condiments & Dressings","Pickled Goods & Olives","Pickled Goods & Olives","Pastene","Pastene Since 1874 Marinated Mushrooms ","066086100317","Pastene Since 1874 Marinated Mushrooms ","5.61","0.0","Market Basket","16 oz","16 oz","X2344.jpg","","2"
"30965","Breakfast & Dairy","Bars & Pastries","Breakfast Bars","Clif","Bar Clif Sierra Trail mix ","722252366153","Bar Clif Sierra Trail mix ","8.11","0.0","Market Basket","14.40 oz","14.40 oz","X3903.jpg","","5"
"4980","Chips, Cookies & Snacks","Chips & Fruit Snacks","Chips & Pretzels","Utz","Utz Extra Thins Pretzels","","Utz Extra Thins Pretzels","4.69","0.0","Market Basket","16 oz","16 oz","863.jpg","","0"
"7953","Cooking Needs","Canned Food","Soup, Broth & Bouillon","Campbell's","Campbell's Condensed Campbell's Condensed Double Noodle Soup","","Campbell's Condensed Campbell's Condensed Double Noodle Soup","2.09","0.0","Market Basket","10.5 oz","10.5 oz","5308.jpg","","9"
"8972","Condiments & Dressings","Preserved Dips & Spreads","Spreads","Skippy","Skippy Super Chunk Extra Crunchy Natural Peanut Butter Spread","","Skippy Super Chunk Extra Crunchy Natural Peanut Butter Spread","3.09","0.0","Market Basket","15 oz","15 oz","1642.jpg","","3"
"13621","Breakfast & Dairy","Dairy & Eggs","Packaged Cheese","Athenos","Athenos Crumbled Traditional Feta Cheese","","Athenos Crumbled Traditional Feta Cheese","4.29","0.0","Market Basket","16 oz","16 oz","14613.jpg","","1"
"15057","Personal Care","Personal Needs","Deodorants","Speed Stick","Speed Stick Power Antipirspirant Deodorant Ultimate Sport","","Speed Stick Power Antipirspirant Deodorant Ultimate Sport","3.55","1.0","Market Basket","3 oz","3 oz","6309.jpg","","13"
"34327","Breakfast & Dairy","Dairy & Eggs","Yogurt","Ratio Kito ","Ratio Kito Friendly Vanilla","","Ratio Kito Friendly Vanilla","1.86","0.0","Market Basket","5.3 oz","5.3 oz","X738.jpg","","1"
"13849","Breakfast & Dairy","Dairy & Eggs","Refrigerated Pudding & Desserts","Snack Pack","Snack Pack Pudding Butter Scotch","","Snack Pack Pudding Butter Scotch","1.49","0.0","Market Basket","4 x 3.25 oz","4 x 3.25 oz","807.jpg","","19"
"34460","Breakfast & Dairy","Breads & Rolls","Bread","Sara Lee","Sara Lee Sweet Hawain Sandwich Bread","072945612259","Sara Lee Sweet Hawain Sandwich Bread","3.13","0.0","Market Basket","18 oz","18 oz","X2477.jpg","","18"
"30848","Cooking Needs","Baking & Cooking","Pizza Sauce","Casa Visco ","Casa Visco Italian Style Pizza Sauce","081319281649","Casa Visco Italian Style Pizza Sauce","4.99","0.0","Market Basket","32 oz","32 oz","X1300.jpg","","4"
"5592","Chips, Cookies & Snacks","Candy & Chocolates","Candy & Chocolate","Store Brand","Junior Mints Creamy Mints in Pure Chocolate","","Junior Mints Creamy Mints in Pure Chocolate","1.29","0.0","Market Basket","4 oz","4 oz","14920.jpg","","3"
"15142","Personal Care","Personal Needs","Oral Hygiene","Aim","Aim Multi Benefit Whitening W/Baking Soda Fresh Mint Gel Toothpaste","","Aim Multi Benefit Whitening W/Baking Soda Fresh Mint Gel Toothpaste","1.48","1.0","Market Basket","6 oz","6 oz","17776.jpg","","13"
"502","Laundry & Paper Goods","Laundry","Laundry Detergent","Tide","Tide Plus Febreeze freshness botanical rain 69 Loads","","Tide Plus Febreeze freshness botanical rain 69 Loads","14.99","1.0","Market Basket","92 fl oz","92 fl oz","No Image.jpg","","15"
"9437","Frozen Food","Frozen Dinners & Entrees","Frozen Meal","Dining Smart","Dining Smart Chicken Stir Fry","","Dining Smart Chicken Stir Fry","4.89","0.0","Market Basket","21 oz","21 oz","16012.jpg","","18"
"30808","Beverages & Juices","Juices & Refrigerated Drinks","Juice & Nectars","Caprisun ","Caprisun Roarin Waters Strawberry Kiwi Surf","087684001141","Caprisun Roarin Waters Strawberry Kiwi Surf","3.13","0.0","Market Basket","10 x 6 fl oz","10 x 6 fl oz","X3094.jpg","","10"
"610","Laundry & Paper Goods","Paper Goods","Paper Napkins","Clorox","HandiWipes MultiUse Reusable Cloths","","HandiWipes MultiUse Reusable Cloths","2.49","1.0","Market Basket","1 pack","1 pack","No Image.jpg","","14"
"9962","Frozen Food","Ice Cream & Ice","Ice Cream & Ice","Ben & Jerry's","Ben & Jerry's Non Dairy Chunky Monkey","","Ben & Jerry's Non Dairy Chunky Monkey","5.39","0.0","Market Basket","1 pint","1 pint","3005.jpg","","21"
"8319","Condiments & Dressings","Fresh Dips & Tapenades","Salsa","La Mexicana","La Mexicana Salsa, Mango Peach, Mild","","La Mexicana Salsa, Mango Peach, Mild","3.09","0.0","Market Basket","16 oz","16 oz","5553.jpg","","20"
"9052","Condiments & Dressings","Preserved Dips & Spreads","Spreads","Smucker's","Smucker's Seedless Blackberry Jam Sugar Free","","Smucker's Seedless Blackberry Jam Sugar Free","2.99","0.0","Market Basket","12.75 oz","12.75 oz","1626.jpg","","3"
"5133","Chips, Cookies & Snacks","Cookies & Crackers","Cookies & Cakes","Pepperidge Farm","Pepperidge Farm Irish Cream Cookies","","Pepperidge Farm Irish Cream Cookies","4.69","0.0","Market Basket","7 oz","7 oz","No Image.jpg","","6"
"8032","Cooking Needs","Canned Food","Soup, Broth & Bouillon","Lipton","Lipton Instant Soup Cream Of Chicken","","Lipton Instant Soup Cream Of Chicken","1.49","0.0","Market Basket","2.4 oz","2.4 oz","17199.jpg","","2"
"33551","Breakfast & Dairy","Granola & Oats","Oats","Nature's Path ","Nature's Path Gluten free Brown Sugar Maple Instant Oatmeal","058449450610","Nature's Path Gluten free Brown Sugar Maple Instant Oatmeal","3.75","0.0","Market Basket","11.3 oz","11.3 oz","X3546.jpg","","5"
"13635","Breakfast & Dairy","Dairy & Eggs","Packaged Cheese","Cabot","Cabot Cheese Swiss Cheese Slices","","Cabot Cheese Swiss Cheese Slices","3.59","0.0","Market Basket","8 oz","8 oz","14583.jpg","","1"
"32908","Breakfast & Dairy","Dairy & Eggs","Sour Cream","Market Basket","Market Basket Lowfat Sour Cream","","Market Basket Lowfat Sour Cream","2.49","0.0","Market Basket","16 oz","16 oz","X578.jpg","","1"
"32835","Breakfast & Dairy","Breads & Rolls","Bagels","Market Basket","Market Basket Bagels Cinnamon Raisin","049705106945","Market Basket Bagels Cinnamon Raisin","2.5","0.0","Market Basket","22 oz","22 oz","X2416.jpg","","18"
"31691","Condiments & Dressings","Marinades, Ketchup & Sauces","Ketchup","Heinz ","Heinz Est 1869 Tomato Ketchup 57 Varieties","01312403","Heinz Est 1869 Tomato Ketchup 57 Varieties","1.74","0.0","Market Basket","5 fl oz","5 fl oz","X2120.jpg","","2"
"67","Kitchen & Cleaning","Air Fresheners & Candles","Other Air Fresheners & Candles","Glade","Glade Plug-In Apple Cinnamon Scented Oil","","Glade Plug-In Apple Cinnamon Scented Oil","6.09","1.0","Market Basket","2 count","2 count","4231.jpg","","15"
"14766","Personal Care","Body Wash, Soap & Hair Care","Hair Care","Market Basket","Market Basket Hair Detangler","","Market Basket Hair Detangler","2.29","1.0","Market Basket","10 fl oz","10 fl oz","Market Basket.jpg","","13"
"5094","Chips, Cookies & Snacks","Cookies & Crackers","Cookies & Cakes","Nonni's","Nonni's Biscotti Cioccolati","","Nonni's Biscotti Cioccolati","4.36","0.0","Market Basket","6.88 oz","6.88 oz","15043.jpg","","6"
"5004","Chips, Cookies & Snacks","Chips & Fruit Snacks","Chips & Pretzels","Utz","Utz Sourdough Specials Extra Dark Pretzels","","Utz Sourdough Specials Extra Dark Pretzels","4.69","0.0","Market Basket","16 oz","16 oz","852.jpg","","0"
"8062","Cooking Needs","Canned Food","Soup, Broth & Bouillon","Maruchan","Maruchan Instant Lunch Chicken Flavor","","Maruchan Instant Lunch Chicken Flavor","0.49","0.0","Market Basket","2.15 oz","2.15 oz","5332.jpg","","9"
"34180","Beverages & Juices","Tea, Coffee, Milk & Coconut Water","Tea","Pure Leaf","Pure Leaf Peach Real Brewed Tea","012000286216","Pure Leaf Peach Real Brewed Tea","1.24","0.0","Market Basket","18.5 fl oz","18.5 fl oz","X2948.jpg","","10"
"12781","Breakfast & Dairy","Breads & Rolls","Bread","Stonefire","Stonefire Flatbread Artisan Stone Oven Baked","","Stonefire Flatbread Artisan Stone Oven Baked","4.29","0.0","Market Basket","2 x 14.1 oz","2 x 14.1 oz","17006.jpg","","7"
"34242","Breakfast & Dairy","Granola & Oats","Cup Oatmeal","Quaker","Quaker Maple & Brown Sugar ","030000319581","Quaker Maple & Brown Sugar ","1.25","0.0","Market Basket","1.69 oz","1.69 oz","X3617.jpg","","5"
"34561","Beverages & Juices","Juices & Refrigerated Drinks","Juice & Nectars","Snapple","Snapple All Natural Mango Madness","076183263648","Snapple All Natural Mango Madness","7.49","0.0","Market Basket","6 x 16 fl oz","6 x 16 fl oz","X2997.jpg","","10"
"7972","Cooking Needs","Canned Food","Soup, Broth & Bouillon","Campbell's","Campbell's Condensed French Onion Soup","","Campbell's Condensed French Onion Soup","1.89","0.0","Market Basket","10.5 oz","10.5 oz","5314.jpg","","9"
"5889","Beverages & Juices","Tea, Coffee, Milk & Coconut Water","Single To-Go Coffee","Dunkin' Donuts","Dunkin' Donuts French Vanilla","","Dunkin' Donuts French Vanilla","3.13","0.0","Market Basket","13.7 fl oz","13.7 fl oz","No Image.jpg","","17"
"13275","Breakfast & Dairy","Dairy & Eggs","Butter","Country Crock","Country Crock Buttery Spread Calcium","","Country Crock Buttery Spread Calcium","2.49","0.0","Market Basket","15 oz","15 oz","649.jpg","","1"
"5221","Chips, Cookies & Snacks","Cookies & Crackers","Crackers","Nabisco","Nabisco Wheat Thins Crackers, Original Flavor","","Nabisco Wheat Thins Crackers, Original Flavor","4.69","0.0","Market Basket","16 oz","16 oz","1207.jpg","","6"
"9914","Frozen Food","Frozen Dinners & Entrees","Frozen Vegan & Vegetarian","Gardein","Gardein Mandarin Orange Crispy Chick'n","","Gardein Mandarin Orange Crispy Chick'n","5.61","0.0","Market Basket","10.5 oz","10.5 oz","2929.jpg","","1"
"30306","Pasta & Sauces","Instant Pasta","Instant Pasta","Barilla","Barilla Collezione Pasta Tortellini Three Cheese No Preservative","076808000221","Barilla Collezione Pasta Tortellini Three Cheese No Preservative","4.99","0.0","Market Basket","12 oz","12 oz","X1624.jpg","","4"
"33777","Frozen Food","Frozen Dinners & Entrees","Frozen Meal","P.F.Chang's","P.F.Chang's Chicken Pad Thai","031000670719","P.F.Chang's Chicken Pad Thai","4.99","0.0","Market Basket","11 oz","11 oz","X4100.jpg","","18"
"31710","Condiments & Dressings","Marinades, Ketchup & Sauces","Mayonnaise","Hellmann's ","Hellmann's Light Mayonnaise ","","Hellmann's Light Mayonnaise ","8.11","0.0","Market Basket","30 fl oz","30 fl oz","X1731.jpg","","2"
"32815","Breakfast & Dairy","Bars & Pastries","Cereal Bars","Market Basket","Market Basket Fruit & Grain Cereal Bars Blueberry","049705020029","Market Basket Fruit & Grain Cereal Bars Blueberry","3.13","0.0","Market Basket","8 x 1.3 oz","8 x 1.3 oz","X3933.jpg","","5"
"32726","Condiments & Dressings","Preserved Dips & Spreads","Spreads","Maranatha","Maranatha Coconut Almound Butter ","","Maranatha Coconut Almound Butter ","8.74","0.0","Market Basket","16 oz","16 oz","X504.jpg","","3"
"4047","Meat & Seafood","Meat & Seafood Counter","Beef","Certified Angus Beef","Certified Angus Beef Boneless Chuck Stew","","Certified Angus Beef Boneless Chuck Stew","10.04","0.0","Market Basket","1 lb","1 lb","16670.jpg","","22"
"8612","Condiments & Dressings","Pickled Goods & Olives","Pickled Goods & Olives","Goya","Goya Capers","","Goya Capers","2.99","0.0","Market Basket","3.5 oz","3.5 oz","1876.jpg","","7"
"10076","Frozen Food","Ice Cream & Ice","Ice Cream & Ice","Haagen-dazs","Haagen dazs Strawberry Ice Cream","","Haagen dazs Strawberry Ice Cream","1.29","0.0","Market Basket","3.6 fl oz","3.6 fl oz","3068.jpg","","21"
"31234","Pasta & Sauces","Pasta Sauce","Pasta Sauce","Emeril's","Emeril's Pasta Sauce Kicked up Tomato Sauce","074683099507","Emeril's Pasta Sauce Kicked up Tomato Sauce","3.75","0.0","Market Basket","24 oz","24 oz","X1520.jpg","","4"
"627","Laundry & Paper Goods","Paper Goods","Wipes","Scotties","Scotties Pocket Packs ultra plush","","Scotties Pocket Packs ultra plush","1.88","1.0","Market Basket","8 count","8 count","No Image.jpg","","14"
"34034","Pasta & Sauces","Pasta Sauce","Pasta Sauce","Pirro's","Pirro's All Natural Sauce Puttanesca","793573073921","Pirro's All Natural Sauce Puttanesca","9.71","0.0","Market Basket","24 oz","24 oz","X1517.jpg","","4"
"32883","Breakfast & Dairy","Breads & Rolls","Rolls","Market Basket","Market Basket Premium 8 Hamburger Rolls","835841003107","Market Basket Premium 8 Hamburger Rolls","2.49","0.0","Market Basket","18 oz","18 oz","X2389.jpg","","18"
"31248","Breakfast & Dairy","Bars & Pastries","Chewy Bars","Enjoy Life","Enjoy Life Soft Baked Chewy Bars Carrot Cake","819597011265","Enjoy Life Soft Baked Chewy Bars Carrot Cake","4.99","0.0","Market Basket","5 x 1.15 oz","5 x 1.15 oz","X3916.jpg","","5"
"7033","Cooking Needs","Baking & Cooking","Doughs, Gelatins & Bake Mixes","Royal","Royal Gelatin, Lime, Sugar Free, Box","","Royal Gelatin, Lime, Sugar Free, Box","0.49","0.0","Market Basket","0.32 oz","0.32 oz","2102.jpg","","8"
"4245","Meat & Seafood","Packaged Meat & Seafood","Herring","Blue Hill Bay","Blue Hill Bay Smoked Seafood Herring in Cream Sauce","","Blue Hill Bay Smoked Seafood Herring in Cream Sauce","5.59","0.0","Market Basket","12 oz","12 oz","4129.jpg","","22"
"30305","Pasta & Sauces","Instant Pasta","Instant Pasta","Barilla","Barilla Collezione Pasta Tortellini Cheese and Spinach No Preservative","076808000238","Barilla Collezione Pasta Tortellini Cheese and Spinach No Preservative","4.99","0.0","Market Basket","12 oz","12 oz","X1623.jpg","","4"
"7320","Cooking Needs","Spices & Seasonings","Spices & Seasonings","McCormick","McCormick Ground Sage","","McCormick Ground Sage","4.89","0.0","Market Basket","0.6 oz container","0.6 oz container","2166.jpg","","9"
"13709","Breakfast & Dairy","Dairy & Eggs","Packaged Cheese","Kraft","Kraft Velveeta Original Pasteurized Recipe Cheese Product","","Kraft Velveeta Original Pasteurized Recipe Cheese Product","5.39","0.0","Market Basket","16 oz","16 oz","14601.jpg","","1"
"33552","Breakfast & Dairy","Granola & Oats","Oats","Nature's Path ","Nature's Path Variety Pack Instant Oatmeal Apple Cinnamon, Multigrain Raisin, Flax Plus, Maple Nut","058449450009","Nature's Path Variety Pack Instant Oatmeal Apple Cinnamon, Multigrain Raisin, Flax Plus, Maple Nut","3.75","0.0","Market Basket","14 oz","14 oz","X3548.jpg","","5"
"7514","Cooking Needs","Canned Food","Canned & Jarred Vegetables","Market Basket","Market Basket Mushroom Stems And Pieces","","Market Basket Mushroom Stems And Pieces","1.69","0.0","Market Basket","4 oz","4 oz","Market Basket.jpg","","9"
"6517","Chips, Cookies & Snacks","Nuts, Seeds & Dried Fruit","Nuts, Seeds & Dried Fruit","Second Nature","Second Nature Dark Chocolate Medley","","Second Nature Dark Chocolate Medley","6.24","0.0","Market Basket","12 oz","12 oz","No Image.jpg","","6"
"7999","Cooking Needs","Canned Food","Soup, Broth & Bouillon","Emeril's","Emeril's Organic Vegetable Stock","","Emeril's Organic Vegetable Stock","3.09","0.0","Market Basket","32 oz","32 oz","17263.jpg","","2"
"35042","Beverages & Juices","Energy & Sports Drinks","Energy & Sports Drinks","Vitamin Water","Vitamin Water Zero Sugar Shine Strawberry Lemonade","786162004987","Vitamin Water Zero Sugar Shine Strawberry Lemonade","1.1","0.0","Market Basket","20 fl oz","20 fl oz","X2771.jpg","","10"
"8281","Condiments & Dressings","Fresh Dips & Tapenades","Hommus","Cedar","Cedar Hommus Classic Original","","Cedar Hommus Classic Original","2.49","0.0","Market Basket","8 oz","8 oz","5499.jpg","","1"
"33898","Condiments & Dressings","Pickled Goods & Olives","Peppers","Pastene","Pastene Since 1874 Italian Style Pepper Salad ","066086100706","Pastene Since 1874 Italian Style Pepper Salad ","4.99","0.0","Market Basket","16 oz","16 oz","X2331.jpg","","2"
"31119","Breakfast & Dairy","Breads & Rolls","Bagels","Dave's Killer Bread","Dave's Killer Bread Organic Bagels Epic Everything","013764028036","Dave's Killer Bread Organic Bagels Epic Everything","6.61","0.0","Market Basket","16.75 oz","16.75 oz","X2429.jpg","","18"
"463","Laundry & Paper Goods","Laundry","Laundry Detergent","Sun","Sun Triple Clean clean&fresh 134 medium loads laundry detergent","","Sun Triple Clean clean&fresh 134 medium loads laundry detergent","7.49","1.0","Market Basket","188 fl oz","188 fl oz","No Image.jpg","","15"
"32371","Cooking Needs","Rice & Grains","Rice/Pasta Sides","Knorr","Knorr Pasta Sides Cheesy Spinach Dip","041000384721","Knorr Pasta Sides Cheesy Spinach Dip","1.25","0.0","Market Basket","4.1 oz","4.1 oz","X1179.jpg","","4"
"5054","Chips, Cookies & Snacks","Cookies & Crackers","Cookies & Cakes","Keebler","Keebler Fudge Stripes Cookies Original","","Keebler Fudge Stripes Cookies Original","3.91","0.0","Market Basket","11.5 oz","11.5 oz","1101.jpg","","6"
"5964","Beverages & Juices","Cocoa & Drink Mixes","Cocoa & Drink Mixes","Lipton","Lipton Decaffeinated Iced Tea Unsweetened","","Lipton Decaffeinated Iced Tea Unsweetened","4.61","0.0","Market Basket","3 oz","3 oz","No Image.jpg","","17"
"13776","Breakfast & Dairy","Dairy & Eggs","Packaged Cheese","Market Basket","Roth Cheese Buttermilk Blue Cheese","","Roth Cheese Buttermilk Blue Cheese","3.19","0.0","Market Basket","1 lb","1 lb","Market Basket.jpg","","1"
"32549","Condiments & Dressings","Pickled Goods & Olives","Pickled Goods & Olives","Levant ","Levant  Mediterranean Delicacies Tabouli Quinoa Salad Mix ","859215003012","Levant  Mediterranean Delicacies Tabouli Quinoa Salad Mix ","4.11","0.0","Market Basket","7 oz","7 oz","X2289.jpg","","2"
"35110","Breakfast & Dairy","Breads & Rolls","Bread","When Pig's Fly","When Pig's Fly Oats and Honey Bread","793617001002","When Pig's Fly Oats and Honey Bread","6.24","0.0","Market Basket","20 oz","20 oz","X2562.jpg","","18"
"30268","Frozen Food","Frozen Dinners & Entrees","Frozen Meal","Banquet","Banquet Mega Bowls, Nashville Hot Chicken Recipe","031000809478","Banquet Mega Bowls, Nashville Hot Chicken Recipe","3.13","0.0","Market Basket","13 oz","13 oz","X4032.jpg","","18"
"14795","Personal Care","Body Wash, Soap & Hair Care","Hair Care","Suave","Suave Sun-Ripened Strawberry Conditioner","","Suave Sun-Ripened Strawberry Conditioner","2.17","1.0","Market Basket","22.5 oz","22.5 oz","6566.jpg","","13"
"12685","Breakfast & Dairy","Breads & Rolls","Bread","Food For Life","Food for Life 7 Sprouted Grains Bread","","Food for Life 7 Sprouted Grains Bread","5.99","0.0","Market Basket","24 oz","24 oz","4777.jpg","","18"
"13500","Breakfast & Dairy","Dairy & Eggs","Milk","Market Basket","Market Basket Organic 2% Milk","","Market Basket Organic 2% Milk","4.29","0.0","Market Basket","0.5 gal","0.5 gal","480.jpg","","1"
"14278","Breakfast & Dairy","Dairy & Eggs","Yogurt","YoCrunch","YoCrunch Lowfat Yogurt Cookies N' Cream","","YoCrunch Lowfat Yogurt Cookies N' Cream","3.36","0.0","Market Basket","4 x 4.1 oz","4 x 4.1 oz","460.jpg","","1"
"31951","Meat & Seafood","Hot Dogs, Bacon & Sausage","Sausage","Johnsonville","Johnsonville Italian SAUSAGE SWEET","","Johnsonville Italian SAUSAGE SWEET","5.86","0.0","Market Basket","19 oz","19 oz","X387.jpg","","1"
"33185","Frozen Food","Frozen Fruit & Juice","Frozen Juice","Market Basket ","Market Basket Orange Juice Calcium Enriched ","049705718681","Market Basket Orange Juice Calcium Enriched ","2.11","0.0","Market Basket","12 oz","12 oz","X5103.jpg","","19"
"616","Laundry & Paper Goods","Paper Goods","Wipes","Puffs","Puffs Softly Eases Sneezes","","Puffs Softly Eases Sneezes","2.74","1.0","Market Basket","80 count","80 count","No Image.jpg","","14"
"14710","Personal Care","Body Wash, Soap & Hair Care","Body Wash","Tone","Tone Soothing Oatmeal & Shea Butter Body Wash","","Tone Soothing Oatmeal & Shea Butter Body Wash","5.62","1.0","Market Basket","18 fl oz","18 fl oz","17721.jpg","","13"
"33689","Breakfast & Dairy","Dairy & Eggs","Yogurt","Oikos","Oikos Triple Zero Orange Creme Flavor","","Oikos Triple Zero Orange Creme Flavor","1.25","0.0","Market Basket","5.3 oz","5.3 oz","X687.jpg","","1"
"5131","Chips, Cookies & Snacks","Cookies & Crackers","Cookies & Cakes","Pepperidge Farm Milano","Pepperidge Farm Milano Raspberry Chocolate Cookies","","Pepperidge Farm Milano Raspberry Chocolate Cookies","4.69","0.0","Market Basket","7 oz","7 oz","1151.jpg","","6"
"31185","Beverages & Juices","Juices & Refrigerated Drinks","Refrigerated Drinks","Dole","Dole 100% JUICE Pineapple Orange","","Dole 100% JUICE Pineapple Orange","3.13","0.0","Market Basket","59 fl oz","59 fl oz","X231.jpg","","1"
"3724","Fresh Produce","Fresh Fruits","Strawberries","Market Basket","Fresh box of Strawberries","","Fresh box of Strawberries","6.23","0.0","Market Basket","16 oz","16 oz","14191.jpg","","20"
"14728","Personal Care","Body Wash, Soap & Hair Care","Hair Care","Garnier","Garnier Fructis For Dry, Damaged Hair Triple Nutrition Conditioner","","Garnier Fructis For Dry, Damaged Hair Triple Nutrition Conditioner","4.93","1.0","Market Basket","13 fl oz","13 fl oz","6610.jpg","","13"
"4007","Fresh Produce","Fresh Vegetables","Squash","Market Basket","Zucchini Squash (Approx: 1.5-2 lb)","","Zucchini Squash (Approx: 1.5-2 lb)","8.99","0.0","Market Basket","1 count","1 count","14387.jpg","","20"
"30932","Breakfast & Dairy","Dairy & Eggs","Yogurt","Chobani","Chobani Greek Yogurt Pampkin Spice Blended 4 Value Pack","","Chobani Greek Yogurt Pampkin Spice Blended 4 Value Pack","4.36","0.0","Market Basket","4 x 5.3 oz","4 x 5.3 oz","X139.jpg","","1"
"14493","Beverages & Juices","Tea, Coffee, Milk & Coconut Water","Coffee","Stok","Stok Cold Brew Iced Coffee Un Sweet Black","","Stok Cold Brew Iced Coffee Un Sweet Black","5.39","0.0","Market Basket","48 fl oz","48 fl oz","16270.jpg","","1"
"34646","Frozen Food","Frozen Dinners & Entrees","Frozen Meal","Stouffer's ","Stouffer's Fried Chicken","013800100399","Stouffer's Fried Chicken","3.36","0.0","Market Basket","8 7/8 oz","8 7/8 oz","X4260.jpg","","18"
"32150","Frozen Food","Frozen Breakfast","Frozen Waffles","Kellogg's ","Kellogg's Eggo Nutri-Grain Original","038000403705","Kellogg's Eggo Nutri-Grain Original","3.36","0.0","Market Basket","12.30 oz","12.30 oz","X5017.jpg","","19"
"32303","Breakfast & Dairy","Bars & Pastries","Breakfast Bars","Kind","Kind Dark Chocolate Cherry Cashew Bars","602652271427","Kind Dark Chocolate Cherry Cashew Bars","9.99","0.0","Market Basket","6 x 1.4 oz","6 x 1.4 oz","X3879.jpg","","5"
"9190","Frozen Food","Frozen Dinners & Entrees","Frozen Appetizers & Sides","Perdue","Perdue Chicken Breast Nuggets","","Perdue Chicken Breast Nuggets","7.99","0.0","Market Basket","1.81 lb","1.81 lb","2605.jpg","","22"
"32606","Condiments & Dressings","Honey, Syrup & Nectars","Syrup","Log Cabin","Log Cabin Original Syrup","043000000373","Log Cabin Original Syrup","3.74","0.0","Market Basket","24 fl oz","24 fl oz","X3204.jpg","","2"
"15024","Personal Care","Personal Needs","Deodorants","Degree","Degree Motionsense Antiperspirant Deodorant Sheer Powder","","Degree Motionsense Antiperspirant Deodorant Sheer Powder","6.31","1.0","Market Basket","2.6 oz","2.6 oz","6323.jpg","","13"
"10175","Frozen Food","Ice Cream & Ice","Ice Cream & Ice","Market Basket","Market Basket Vanilla Bean Ice Cream","","Market Basket Vanilla Bean Ice Cream","3.49","0.0","Market Basket","1.5 quart","1.5 quart","Market Basket.jpg","","21"
"4069","Meat & Seafood","Meat & Seafood Counter","Beef","Market Basket","Market Basket 80% Lean Ground Beef","","Market Basket 80% Lean Ground Beef","3.69","0.0","Market Basket","1 lb","1 lb","4047.jpg","","22"
"4036","Fresh Produce","Fresh Vegetables","White Onion","Market Basket","White Onion","","White Onion","1.12","0.0","Market Basket","1 count","1 count","14331.jpg","","20"
"9245","Frozen Food","Frozen Breakfast","Frozen Breakfast","Farm Rich","Farm Rich Cinnamon French Toast Sticks","","Farm Rich Cinnamon French Toast Sticks","2.49","0.0","Market Basket","12 oz","12 oz","15772.jpg","","20"
"31705","Condiments & Dressings","Marinades, Ketchup & Sauces","Mayonnaise","Hellmann's ","Hellmann's Est 1913 Organic Mayonnaise ","","Hellmann's Est 1913 Organic Mayonnaise ","4.99","0.0","Market Basket","15 fl oz","15 fl oz","X1726.jpg","","2"
"34615","Condiments & Dressings","Marinades, Ketchup & Sauces","Marinades & Meat Preparation","Sticky","Sticky Fingers SmokeHouse Memphis Original Barbecue Sauce ","757339222220","Sticky Fingers SmokeHouse Memphis Original Barbecue Sauce ","1.74","0.0","Market Basket","18 oz","18 oz","X2092.jpg","","2"
"13778","Breakfast & Dairy","Dairy & Eggs","Packaged Cheese","Milano's","Milano's Grated Parmesan Cheese","","Milano's Grated Parmesan Cheese","6.09","0.0","Market Basket","6 oz","6 oz","Market Basket.jpg","","1"
"34723","Breakfast & Dairy","Bars & Pastries","Granola Bars","Sunbelt Bakery ","Sunbelt Bakery Oats & Hooney Granola Bars","024300033025","Sunbelt Bakery Oats & Hooney Granola Bars","4.36","0.0","Market Basket","14.26 oz","14.26 oz","X3783.jpg","","5"
"10266","Frozen Food","Ice Cream & Ice","Ice Cream & Ice","Weight Watchers","Weight Watchers Dark Chocolate Raspberry Ice Cream Bar","","Weight Watchers Dark Chocolate Raspberry Ice Cream Bar","4.89","0.0","Market Basket","12 count","12 count","16203.jpg","","21"
"34987","Frozen Food","Frozen Dinners & Entrees","Frozen Appetizers & Sides","Van De Kamp's","Van De Kamp's Crunchy Fish Sticks","019600920311","Van De Kamp's Crunchy Fish Sticks","4.86","0.0","Market Basket","10.9 oz","10.9 oz","X4394.jpg","","18"
"30964","Cooking Needs","Baking & Cooking","Pizza Sauce","Classico","Classico Traditional Pizza Sauce","041229396407","Classico Traditional Pizza Sauce","2.24","0.0","Market Basket","14 oz","14 oz","X1317.jpg","","4"
"7507","Cooking Needs","Canned Food","Canned & Jarred Vegetables","Market Basket","Market Basket Diced Tomatoes With Green Chilies","","Market Basket Diced Tomatoes With Green Chilies","0.89","0.0","Market Basket","14.5 oz","14.5 oz","Market Basket.jpg","","4"
"30066","Frozen Food","Frozen Pizza","Frozen Pizza","American Flatbread ","American Flatbread Sausage & Cheese ","731789035142","American Flatbread Sausage & Cheese ","11.24","0.0","Market Basket","16.61 oz","16.61 oz","X4888.jpg","","19"
"30500","Cooking Needs","Rice & Grains","Grains, Rice & Dried Goods","Bob's Red Mill","Bob's Red Mill Premium Rice Blend Wild & Brown Rice Whole grain Non GMO ","039978116055","Bob's Red Mill Premium Rice Blend Wild & Brown Rice Whole grain Non GMO ","6.24","0.0","Market Basket","28 oz","28 oz","X1102.jpg","","4"
"35237","Breakfast & Dairy","Breads & Rolls","Bagels","Zeppy","Zeppy Bagels Cinnamon Raisin","023698100098","Zeppy Bagels Cinnamon Raisin","3.74","0.0","Market Basket","20 oz","20 oz","X2632.jpg","","18"
"4920","Chips, Cookies & Snacks","Chips & Fruit Snacks","Chips & Pretzels","Santitas","Santitas Tortilla Chips","","Santitas Tortilla Chips","3.58","0.0","Market Basket","11 oz","11 oz","14814.jpg","","0"
"34603","Cooking Needs","Oils & Vinegars","Oils & Vinegars","Spectrum","Spectrum Culinary Partners In Cooking Orgaic Coconut Oil Non-Stick Cooking Spary Expeller Pressed Refined ","022506285606","Spectrum Culinary Partners In Cooking Orgaic Coconut Oil Non-Stick Cooking Spary Expeller Pressed Refined ","6.86","0.0","Market Basket","16 oz","16 oz","X1951.jpg","","2"
"5427","Chips, Cookies & Snacks","Candy & Chocolates","Candy & Chocolate","Brookside","Brookside Dark Chocolate AÃÂ§ai and Blueberry Flavors","","Brookside Dark Chocolate AÃÂ§ai and Blueberry Flavors","3.69","0.0","Market Basket","7 oz","7 oz","14931.jpg","","3"
"15016","Personal Care","Personal Needs","Deodorants","Axe","Axe Deodorant Stick For Men Phoenix","","Axe Deodorant Stick For Men Phoenix","7.0","1.0","Market Basket","3 oz","3 oz","18131.jpg","","13"
"13717","Breakfast & Dairy","Dairy & Eggs","Packaged Cheese","Market Basket","El Viajero Queso Fresco","","El Viajero Queso Fresco","4.59","0.0","Market Basket","10 oz","10 oz","14619.jpg","","1"
"4183","Meat & Seafood","Packaged Meat & Seafood","Chicken","Perdue","Perdue Dino Shape Breaded Chicken Nuggets","","Perdue Dino Shape Breaded Chicken Nuggets","3.74","0.0","Market Basket","12 oz","12 oz","4092.jpg","","22"
"9834","Frozen Food","Frozen Produce","Frozen Produce","Market Basket","Market Basket Broccoli Cuts","","Market Basket Broccoli Cuts","1.69","0.0","Market Basket","16 oz","16 oz","Market Basket.jpg","","19"
"9526","Frozen Food","Frozen Dinners & Entrees","Frozen Appetizers & Sides","Lean Pockets","Lean Pockets Chicken Jalapeno & Cheese Pretzel Bread Frozen Sandwiches","","Lean Pockets Chicken Jalapeno & Cheese Pretzel Bread Frozen Sandwiches","2.49","0.0","Market Basket","9 oz","9 oz","15990.jpg","","18"
"4992","Chips, Cookies & Snacks","Chips & Fruit Snacks","Chips & Pretzels","Utz","Utz Potato Chips Original","","Utz Potato Chips Original","4.69","0.0","Market Basket","9.5 oz","9.5 oz","843.jpg","","0"
"32426","Condiments & Dressings","Pickled Goods & Olives","Olives","Krinos ","Krinos Impored Cracked Greek Olives Marinated in Brine","075013266002","Krinos Impored Cracked Greek Olives Marinated in Brine","6.24","0.0","Market Basket","1 lb","1 lb","X2298.jpg","","2"
"8034","Cooking Needs","Canned Food","Soup, Broth & Bouillon","Lipton","Lipton Soup And Dip Mix Golden Onion","","Lipton Soup And Dip Mix Golden Onion","1.89","0.0","Market Basket","2.6 oz","2.6 oz","17185.jpg","","2"
"31773","Breakfast & Dairy","Dairy & Eggs","Cottage Cheese","Hood","Hood 4% Cottage Cheese With Pineapple added SMALL CURD","","Hood 4% Cottage Cheese With Pineapple added SMALL CURD","2.09","0.0","Market Basket","16 oz","16 oz","X336.jpg","","1"
"4726","Meat & Seafood","Frozen Meat & Seafood","Ham","Market Basket","Market Basket Spiral Cut Half Ham","","Market Basket Spiral Cut Half Ham","25.6","0.0","Market Basket","Approx: 10.7 lb at $2.39/lb","Approx: 10.7 lb at $2.39/lb","Market Basket.jpg","","18"
"7016","Cooking Needs","Baking & Cooking","Doughs, Gelatins & Bake Mixes","Pillsbury","Pillsbury Grands! Flaky Layers, Original","","Pillsbury Grands! Flaky Layers, Original","2.49","0.0","Market Basket","8 x 16.3 oz","8 x 16.3 oz","2020.jpg","","8"
"3838","Fresh Produce","Fresh Organic Vegetables","Squash","Market Basket","Organic Kabocha Squash","","Organic Kabocha Squash","5.73","0.0","Market Basket","1 count","1 count","14444.jpg","","20"
"3864","Fresh Produce","Fresh Vegetables","Hot Pepper","Market Basket","Thai Green Hot Peppers","","Thai Green Hot Peppers","6.59","0.0","Market Basket","1 lb","1 lb","f204.jpg","","20"
"32557","Condiments & Dressings","Pickled Goods & Olives","Pickled Goods & Olives","Levant ","Levant Mediterranean Delicacies Wild Pickled Cucumbers ","859215006655","Levant Mediterranean Delicacies Wild Pickled Cucumbers ","3.74","0.0","Market Basket","23 oz","23 oz","X2301.jpg","","2"
"6530","Chips, Cookies & Snacks","Nuts, Seeds & Dried Fruit","Nuts, Seeds & Dried Fruit","Sunmaid","Sunmaid California Sun-dried Raisins","","Sunmaid California Sun-dried Raisins","2.5","0.0","Market Basket","6 x 1 oz","6 x 1 oz","No Image.jpg","","6"
"34427","Chips, Cookies & Snacks","Candy & Chocolates","Candy & Chocolate","Russell Stover ","Russell Stover Sugar Free Made With Stevia Extract Truffle Rice Truffle Filling In Dark Chocolate ","","Russell Stover Sugar Free Made With Stevia Extract Truffle Rice Truffle Filling In Dark Chocolate ","3.75","0.0","Market Basket","3 oz","3 oz","X749.jpg","","3"
"13727","Breakfast & Dairy","Dairy & Eggs","Packaged Cheese","Market Basket","Market Basket bad price Grated Parmesan Cheese","","Market Basket bad price Grated Parmesan Cheese","3.09","0.0","Market Basket","8 oz","8 oz","Market Basket.jpg","","1"
"30410","Chips, Cookies & Snacks","Chips & Fruit Snacks","Fruit & Vegetable Snacks","Betty Crocker","Betty Crocker Fruit Gushers Fruit Flavored Snacks ","016000147331","Betty Crocker Fruit Gushers Fruit Flavored Snacks ","2.5","0.0","Market Basket","4.8 oz","4.8 oz","X5172.jpg","","19"
"8172","Condiments & Dressings","Marinades, Ketchup & Sauces","Condiments","Frank's","Frank's RedHot Original Cayenne Pepper Hot Sauce","","Frank's RedHot Original Cayenne Pepper Hot Sauce","6.09","0.0","Market Basket","23 fl oz","23 fl oz","1577.jpg","","2"
"95","Kitchen & Cleaning","Cleaning Products","Antibacterial Cleaner","Soft Scrub","Soft Scrub Antibacterial Cleanser, With Bleach","","Soft Scrub Antibacterial Cleanser, With Bleach","3.89","1.0","Market Basket","24 oz","24 oz","16776.jpg","","15"
"33944","Breakfast & Dairy","Breads & Rolls","Bagels","Pepperidge Farm","Pepperidge Farm Bagels Cinnamon Raisin","014100074830","Pepperidge Farm Bagels Cinnamon Raisin","5.61","0.0","Market Basket","21 oz","21 oz","X2628.jpg","","18"
"3942","Fresh Produce","Fresh Vegetables","Pepper","Royal","Royal Flavor Mini Sweet Peppers","","Royal Flavor Mini Sweet Peppers","5.62","0.0","Market Basket","16 oz","16 oz","17934.jpg","","20"
"5842","Breakfast & Dairy","Bars & Pastries","Protien Bars","Zone Perfect","Zone Perfect Nutrition Bar Chocolate Peanut Butter","","Zone Perfect Nutrition Bar Chocolate Peanut Butter","1.56","0.0","Market Basket","1.76 oz","1.76 oz","1324.jpg","","3"
"31725","Condiments & Dressings","Salad Dressings & Toppings","Salad Dressing & Toppings","Hidden Valley","Hidden Valley The Original Ranch Coleslaw Dressing  ","071100006063","Hidden Valley The Original Ranch Coleslaw Dressing  ","3.75","0.0","Market Basket","16 fl oz","16 fl oz","X332.jpg","","2"
"32368","Cooking Needs","Rice & Grains","Rice/Pasta Sides","Knorr","Knorr Pasta Sides Butter Flavour","041000022494","Knorr Pasta Sides Butter Flavour","1.25","0.0","Market Basket","4.5 oz","4.5 oz","X1176.jpg","","4"
"31739","Beverages & Juices","Energy & Sports Drinks","Energy & Sports Drinks","Hint","Hint Mango Grapefruit","184739000163","Hint Mango Grapefruit","1.56","0.0","Market Basket","16 fl oz","16 fl oz","X2744.jpg","","10"
"30534","Breakfast & Dairy","Cereal","Museli","Bob's Red Mill","Bob's Red Mill Muesli European Style ","039978003669","Bob's Red Mill Muesli European Style ","6.24","0.0","Market Basket","16 oz","16 oz","X5242.jpg","","3"
"31158","Meat & Seafood","Canned Meat & Seafood","Salmon","Deming's ","Deming's Pink Wild Caught Alaskan Salmon ","","Deming's Pink Wild Caught Alaskan Salmon ","4.99","0.0","Market Basket","14.75 oz","14.75 oz","X1880.jpg","","2"
"31707","Condiments & Dressings","Marinades, Ketchup & Sauces","Mayonnaise","Hellmann's ","Hellmann's Est 1913 Extra Heavy Real Mayonnaise ","","Hellmann's Est 1913 Extra Heavy Real Mayonnaise ","18.74","0.0","Market Basket","128 fl oz","128 fl oz","X1728.jpg","","2"
"33973","Breakfast & Dairy","Breads & Rolls","Bread","Pepperidge Farm","Pepperidge Farm Light Style 7 Grain Bread","014100070641","Pepperidge Farm Light Style 7 Grain Bread","5.36","0.0","Market Basket","16 oz","16 oz","X2540.jpg","","18"
"4037","Fresh Produce","Fresh Vegetables","White Potato","Fresh from the Start","Fresh from the Start White Potatoes","","Fresh from the Start White Potatoes","4.24","0.0","Market Basket","5 lb","5 lb","14405.jpg","","20"
"14743","Personal Care","Body Wash, Soap & Hair Care","Hair Care","Head & Shoulders","Head & Shoulders Men Old Spice Dandruff Shampoo Pure Sport","","Head & Shoulders Men Old Spice Dandruff Shampoo Pure Sport","6.31","1.0","Market Basket","13.5 fl oz","13.5 fl oz","6582.jpg","","13"
"31896","Cooking Needs","Oils & Vinegars","Oils & Vinegars","International Collection","International Collection Red Palm Oil ","072248292219","International Collection Red Palm Oil ","9.99","0.0","Market Basket","8.45 fl oz","8.45 fl oz","X1958.jpg","","2"
"6392","Beverages & Juices","Soft Drinks & Seltzers","Seltzer","Polar","Polar Seltzer Tart Cherry Limeade","","Polar Seltzer Tart Cherry Limeade","4.18","0.0","Market Basket","8 x 12 fl oz","8 x 12 fl oz","No Image.jpg","","11"
"7321","Cooking Needs","Spices & Seasonings","Spices & Seasonings","McCormick","McCormick Ground Thyme","","McCormick Ground Thyme","2.49","0.0","Market Basket","0.7 oz","0.7 oz","2165.jpg","","9"
"34669","Frozen Food","Frozen Dinners & Entrees","Frozen Meal","Stouffer's ","Stouffer's Macaroni & Cheese","013800103420","Stouffer's Macaroni & Cheese","4.36","0.0","Market Basket","20 oz","20 oz","X4283.jpg","","18"
"6291","Beverages & Juices","Water","Water","Poland Spring","Poland Spring 100% Natural Spring Water","","Poland Spring 100% Natural Spring Water","0.69","0.0","Market Basket","33.8 fl oz","33.8 fl oz","3237.jpg","","11"
"3642","Fresh Produce","Fresh Fruits","Blueberries","Market Basket","Oppy Blueberries","","Oppy Blueberries","5.62","0.0","Market Basket","16 oz container","16 oz container","14273.jpg","","20"
"12784","Breakfast & Dairy","Breads & Rolls","Bread","Three Bakers","Three Bakers Whole Grain Bread 7 Ancient Grains","","Three Bakers Whole Grain Bread 7 Ancient Grains","7.99","0.0","Market Basket","17 oz","17 oz","17025.jpg","","18"
"33331","Cooking Needs","Oils & Vinegars","Oils & Vinegars","Monari Federzoni","Monini Dal 1920 Una Spremuta Di Olive White Truffle Flavored Extra Virgin Olive Oil ","080441000616","Monini Dal 1920 Una Spremuta Di Olive White Truffle Flavored Extra Virgin Olive Oil ","9.99","0.0","Market Basket","8 fl oz","8 fl oz","X1960.jpg","","2"
"14356","Breakfast & Dairy","Tea & Coffee","Coffee","Dunkin' Donuts","Dunkin' Donuts Hazelnut Ground Coffee","","Dunkin' Donuts Hazelnut Ground Coffee","8.59","0.0","Market Basket","12 oz","12 oz","3377.jpg","","8"
"34138","Beverages & Juices","Energy & Sports Drinks","Energy & Sports Drinks","Powerade","Powerade Power Water Berry Cherry","049000530933","Powerade Power Water Berry Cherry","5.0","0.0","Market Basket","6 x 16.9 fl oz","6 x 16.9 fl oz","X2777.jpg","","10"
"14922","Personal Care","First Aid & Healthcare","Cold, Flu & Allergy","Arm & Hammer","Arm & Hammer Daily Care Nasal Mist","","Arm & Hammer Daily Care Nasal Mist","7.69","1.0","Market Basket","1.5 oz","1.5 oz","6663.jpg","","13"
"7433","Cooking Needs","Canned Food","Canned & Jarred Vegetables","Del Monte","Fresh Cut Del Monte Sliced Beets","","Fresh Cut Del Monte Sliced Beets","0.99","0.0","Market Basket","8.25 oz","8.25 oz","17080.jpg","","9"
"14549","Breakfast & Dairy","Tea & Coffee","Tea","Celestial Seasonings","Celestial Seasonings Fruit Tea Sampler Herbal Tea","","Celestial Seasonings Fruit Tea Sampler Herbal Tea","3.09","0.0","Market Basket","18 x 1.4 oz","18 x 1.4 oz","3471.jpg","","8"
"7425","Cooking Needs","Canned Food","Canned & Jarred Vegetables","Del Monte","Del Monte Fresh Cut French Style Green Beans","","Del Monte Fresh Cut French Style Green Beans","1.09","0.0","Market Basket","14.5 oz","14.5 oz","5019.jpg","","9"
"31877","Condiments & Dressings","Marinades, Ketchup & Sauces","Sauce","Huy Fong","Huy Fong Tuong Ot Sriracha Hot Chili Sauce","024463061095","Huy Fong Tuong Ot Sriracha Hot Chili Sauce","3.74","0.0","Market Basket","17 oz","17 oz","X3214.jpg","","2"
"15338","Personal Care","Vitamins & Proteins","Vitamins & Supplements","Nature Made","Nature Made Magnesium Oxide 250 mg Tablets","","Nature Made Magnesium Oxide 250 mg Tablets","5.05","1.0","Market Basket","100 count","100 count","18190.jpg","","13"
"13663","Breakfast & Dairy","Dairy & Eggs","Packaged Cheese","Disney","Disney Mozzarella String Cheese","","Disney Mozzarella String Cheese","2.49","0.0","Market Basket","12 x 10 oz","12 x 10 oz","14560.jpg","","1"
"31777","Breakfast & Dairy","Dairy & Eggs","Cottage Cheese","Hood","Hood LOWFAT Cottage Cheese With Peaches SMALL CURD 1% MILKFAT MIN","","Hood LOWFAT Cottage Cheese With Peaches SMALL CURD 1% MILKFAT MIN","2.09","0.0","Market Basket","16 oz","16 oz","X340.jpg","","1"
"33855","Pasta & Sauces","Raw Pasta","Raw Pasta","Pastene","Pastene Orecchiette 19","066086070979","Pastene Orecchiette 19","1.25","0.0","Market Basket","16 oz","16 oz","X1607.jpg","","4"
"8731","Condiments & Dressings","Preserved Dips & Spreads","Preserved Dips & Salsa","Fritos","Fritos Jalapeno & Cheddar Flavored Cheese Dip","","Fritos Jalapeno & Cheddar Flavored Cheese Dip","3.69","0.0","Market Basket","9 oz","9 oz","2009.jpg","","1"
"6483","Chips, Cookies & Snacks","Nuts, Seeds & Dried Fruit","Nuts, Seeds & Dried Fruit","Beer Nuts","Beer Nuts Original Peanuts","","Beer Nuts Original Peanuts","3.74","0.0","Market Basket","12 oz","12 oz","No Image.jpg","","6"
"30518","Breakfast & Dairy","Granola & Oats","Oats","Bob's Red Mill","Bob's Red Mill Quick Cooking  Rolled Oats Whole Grain ","039978041531","Bob's Red Mill Quick Cooking  Rolled Oats Whole Grain ","4.74","0.0","Market Basket","32 oz","32 oz","X5226.jpg","","3"
"32980","Cooking Needs","Rice & Grains","Instant Food","Market Basket","Market Basket Lasagna Skillet Pasta and Italian Style Sauce Mix Dinner","049705038543","Market Basket Lasagna Skillet Pasta and Italian Style Sauce Mix Dinner","1.25","0.0","Market Basket","6.4 oz","6.4 oz","X1147.jpg","","4"
"4638","Meat & Seafood","Canned Meat & Seafood","Canned Tuna","Bumble Bee","Bumble Bee Premium Light Tuna In Water","","Bumble Bee Premium Light Tuna In Water","2.49","0.0","Market Basket","5 oz","5 oz","5192.jpg","","2"
"233","Kitchen & Cleaning","Dish Detergents","Dish Liquid","Ajax","Ajax Super Degreaser Lemon Dish Liquid","","Ajax Super Degreaser Lemon Dish Liquid","2.49","1.0","Market Basket","30 fl oz","30 fl oz","4371.jpg","","15"
"31139","Pasta & Sauces","Raw Pasta","Raw Pasta","De Cecco","De Cecco Pasta Spahetti No. 12","024094070121","De Cecco Pasta Spahetti No. 12","2.08","0.0","Market Basket","1 lb","1 lb","X1548.jpg","","4"
"14389","Breakfast & Dairy","Tea & Coffee","Coffee","Green Mountain","Green Mountain Coffee French Vanilla Light Roast Coffee K Cups","","Green Mountain Coffee French Vanilla Light Roast Coffee K Cups","8.59","0.0","Market Basket","12 x 0.33 oz","12 x 0.33 oz","3352.jpg","","8"
"31346","Breakfast & Dairy","Dairy & Eggs","Sour Cream","Forager ","Forager Project Organic Dairy-free SOUR Cream","","Forager Project Organic Dairy-free SOUR Cream","4.11","0.0","Market Basket","12 oz","12 oz","X279.jpg","","1"
"33366","Cooking Needs","Canned Food","Canned Fruit & Applesauce","Mott's ","Mott's no Sugar Added Appleasuce Apple ","","Mott's no Sugar Added Appleasuce Apple ","3.74","0.0","Market Basket","48 oz","48 oz","X628.jpg","","3"
"12845","Breakfast & Dairy","Breads & Rolls","Muffin","Market Basket","Market Basket Raisin Bran Muffin","","Market Basket Raisin Bran Muffin","2.19","0.0","Market Basket","10 oz","10 oz","Market Basket.jpg","","0"
"3604","Fresh Produce","Fresh Vegetables","Cucumber","Market Basket","Tricar Gold Gourmet English Cucumbers","","Tricar Gold Gourmet English Cucumbers","5.51","0.0","Market Basket","1 count","1 count","14451.jpg","","20"
"32445","Frozen Food","Frozen Produce","Frozen Produce","La Fe","La Fe Fava Beans Habas Tiernas","023545102961","La Fe Fava Beans Habas Tiernas","3.74","0.0","Market Basket","28 oz","28 oz","X4408.jpg","","18"
"13435","Breakfast & Dairy","Dairy & Eggs","Eggs","Market Basket","U.S. Grade Grade A Large Eggs White","","U.S. Grade Grade A Large Eggs White","2.39","0.0","Market Basket","12 count","12 count","Market Basket.jpg","","1"
"34045","Cooking Needs","Oils & Vinegars","Oils & Vinegars","Pompeian ","Pompeian Quality Since 1906 First Cold Pressed Extra Virgin Olive Oil Smooth Sauteing Stir Frying ","070404002818","Pompeian Quality Since 1906 First Cold Pressed Extra Virgin Olive Oil Smooth Sauteing Stir Frying ","6.24","0.0","Market Basket","48 fl oz","48 fl oz","X1991.jpg","","2"
"4237","Meat & Seafood","Packaged Meat & Seafood","Ham","Market Basket","Mb Smoked Ham","","Mb Smoked Ham","3.39","0.0","Market Basket","1 lb","1 lb","Market Basket.jpg","","22"
"31376","Frozen Food","Frozen Pizza","Frozen Pizza","Freschetta ","Freschetta Five Cheese ","072180566195","Freschetta Five Cheese ","6.24","0.0","Market Basket","17.71 oz","17.71 oz","X4924.jpg","","19"
"31854","Cooking Needs","Canned Food","Canned Tomatoes","Hunts","Hunts Organic Diced Tomatoes","027000388402","Hunts Organic Diced Tomatoes","1.99","0.0","Market Basket","14.5 oz","14.5 oz","X1343.jpg","","4"
"32924","Breakfast & Dairy","Dairy & Eggs","Yogurt","Market Basket","Market Basket Greek Nonfat Yogurt Key Lime","","Market Basket Greek Nonfat Yogurt Key Lime","3.75","0.0","Market Basket","5.3 oz","5.3 oz","X562.jpg","","1"
"10210","Frozen Food","Ice Cream & Ice","Ice Cream & Ice","Popsicle","Popsicle Ice Pops Sugar Free Orange Cherry Grape","","Popsicle Ice Pops Sugar Free Orange Cherry Grape","1.89","0.0","Market Basket","8 x 1.65 fl oz","8 x 1.65 fl oz","3150.jpg","","21"
"34888","Pasta & Sauces","Pasta Sauce","Pasta Sauce","Tresca","Tresca Pasta Sauce Vodka","860000631846","Tresca Pasta Sauce Vodka","8.74","0.0","Market Basket","25.5 oz","25.5 oz","X1507.jpg","","4"
"35183","Condiments & Dressings","Preserved Dips & Spreads","Spreads","Wow Butter","Wow Butter Peanut Free Creamy Natural Spread","","Wow Butter Peanut Free Creamy Natural Spread","4.99","0.0","Market Basket","17.6 oz","17.6 oz","X921.jpg","","3"
"13423","Breakfast & Dairy","Dairy & Eggs","Eggs","Market Basket","Market Basket Egg Starts","","Market Basket Egg Starts","2.39","0.0","Market Basket","16 oz","16 oz","Market Basket.jpg","","1"
"31690","Condiments & Dressings","Marinades, Ketchup & Sauces","Ketchup","Heinz ","Heinz Est 1869 Tomato Ketchup Organic Certified ","01389900","Heinz Est 1869 Tomato Ketchup Organic Certified ","1.74","0.0","Market Basket","2 fl oz","2 fl oz","X2119.jpg","","2"
"34433","Breakfast & Dairy","Breads & Rolls","Pizza Crust","Rustic Crust","Rustic Crust Cauliflower ","794716912169","Rustic Crust Cauliflower ","4.99","0.0","Market Basket","9 oz","9 oz","X1341.jpg","","4"
"15330","Personal Care","Vitamins & Proteins","Vitamins & Supplements","Nature Made","Nature Made Calcium, Magnesium Oxide, Zinc with Vitamin D3 Tablets","","Nature Made Calcium, Magnesium Oxide, Zinc with Vitamin D3 Tablets","12.64","1.0","Market Basket","300 count","300 count","18178.jpg","","13"
"31981","Cooking Needs","Oils & Vinegars","Oils & Vinegars","Joyce Chen ","Joyce Chen Kosher Roasted Sesame Oil ","048002005852","Joyce Chen Kosher Roasted Sesame Oil ","6.24","0.0","Market Basket","8 fl oz","8 fl oz","X5379.jpg","","3"
"32193","Breakfast & Dairy","Cereal","Cereal","Kellogg's ","Kellogg's Special K Honey Almond Ancient Grains","038000196218","Kellogg's Special K Honey Almond Ancient Grains","3.75","0.0","Market Basket","11 oz","11 oz","X3359.jpg","","5"
"7828","Cooking Needs","Canned Food","Canned Meat & Seafood","Bumble Bee","Bumble Bee Solid White Albacore Tuna in Water","","Bumble Bee Solid White Albacore Tuna in Water","2.19","0.0","Market Basket","5 oz","5 oz","5186.jpg","","2"
"32525","Frozen Food","Frozen Dinners & Entrees","Frozen Meal","Lean Cuisine ","Lean Cuisine Chicken Parmesan","013800166074","Lean Cuisine Chicken Parmesan","3.13","0.0","Market Basket","10 7/8 oz","10 7/8 oz","X4246.jpg","","18"
"30863","Frozen Food","Frozen Pizza","Frozen Pizza","Celeste ","Celeste Suprema Pizza","019600046707","Celeste Suprema Pizza","1.25","0.0","Market Basket","5.96 oz","5.96 oz","X4859.jpg","","19"
"33526","Breakfast & Dairy","Cereal","Cereal","Nature's Path","Nature's Path Envirokidz Orignal Peanut Butter Panda Puffs Organic","058449860044","Nature's Path Envirokidz Orignal Peanut Butter Panda Puffs Organic","4.99","0.0","Market Basket","10.6 oz","10.6 oz","X3698.jpg","","5"
"3992","Fresh Produce","Fresh Vegetables","Speciality Produce","Monterey","Monterey Portabellas, Gourmet, Baby","","Monterey Portabellas, Gourmet, Baby","2.4","0.0","Market Basket","6 oz","6 oz","35.jpg","","20"
"14453","Breakfast & Dairy","Tea & Coffee","Coffee","Peet's Coffee","Peet's Coffee CafÃÂ© Domingo Medium Roast Coffee K Cup Pods","","Peet's Coffee CafÃÂ© Domingo Medium Roast Coffee K Cup Pods","7.39","0.0","Market Basket","10 x 0.43 oz","10 x 0.43 oz","3317.jpg","","8"
"30420","Breakfast & Dairy","Dairy & Eggs","Ricotta","Biazoo","Biazoo Authentic Italian Recipe Old Fashioned RICOTTA CHEESE Whole Milk","","Biazoo Authentic Italian Recipe Old Fashioned RICOTTA CHEESE Whole Milk","3.74","0.0","Market Basket","32 oz","32 oz","X47.jpg","","1"
"31019","Frozen Food","Frozen Dessert","Frozen Dessert","Cool Whip ","Cool Whip original ","043000009604","Cool Whip original ","3.74","0.0","Market Basket","16 oz","16 oz","X4966.jpg","","19"
"4530","Meat & Seafood","Lunch Meat","Other Meat","Carando","Carando Classic Italian Foods Boneless Prosciutto","","Carando Classic Italian Foods Boneless Prosciutto","2.19","0.0","Market Basket","0.22 oz","0.22 oz","No Image.jpg","","22"
"30584","Cooking Needs","Baking & Cooking","Flour","Bob's Red Mill","Bob's Red Mill No.1 Durum Wheat Semolina Flour For Superb Pasta ","039978113184","Bob's Red Mill No.1 Durum Wheat Semolina Flour For Superb Pasta ","4.99","0.0","Market Basket","24 oz","24 oz","X5292.jpg","","3"
"5060","Chips, Cookies & Snacks","Cookies & Crackers","Cookies & Cakes","Keebler","Keebler Whoopsy Fudge Stripes Fullt Fudged","","Keebler Whoopsy Fudge Stripes Fullt Fudged","3.91","0.0","Market Basket","11.5 oz","11.5 oz","No Image.jpg","","6"
"6306","Beverages & Juices","Water","Sparkling Water","Poland Spring","Poland Spring Sparkling Water, Twist of Orange","","Poland Spring Sparkling Water, Twist of Orange","3.74","0.0","Market Basket","8 x 16.9 fl oz","8 x 16.9 fl oz","No Image.jpg","","11"
"33303","Frozen Food","Frozen Fruit & Juice","Frozen Juice","Minute Maid","Minute Maid Orange Juice With Calcium","025000025440","Minute Maid Orange Juice With Calcium","3.11","0.0","Market Basket","12 oz","12 oz","X5104.jpg","","19"
"32302","Breakfast & Dairy","Bars & Pastries","Breakfast Bars","Kind","Kind Caramel Almond & Sea Salt Bars","602652270291","Kind Caramel Almond & Sea Salt Bars","9.99","0.0","Market Basket","6 x 1.4 oz","6 x 1.4 oz","X3878.jpg","","5"
"31593","Frozen Food","Frozen Fruit & Juice","Frozen Fruit","Goya","Goya Fried Plantain Cups Tostones Para Rellenar","041331090926","Goya Fried Plantain Cups Tostones Para Rellenar","3.61","0.0","Market Basket","12 oz","12 oz","X4438.jpg","","18"
"9961","Frozen Food","Ice Cream & Ice","Ice Cream & Ice","Ben & Jerry's","Ben & Jerry's Ice Cream Vanilla Caramel Fudge","","Ben & Jerry's Ice Cream Vanilla Caramel Fudge","4.59","0.0","Market Basket","1 pint","1 pint","3008.jpg","","21"
"5129","Chips, Cookies & Snacks","Cookies & Crackers","Cookies & Cakes","Pepperidge Farm Milano","Pepperidge Farm Milano Toasted Marshmallow Cookies","","Pepperidge Farm Milano Toasted Marshmallow Cookies","4.69","0.0","Market Basket","7 oz","7 oz","No Image.jpg","","6"
"7457","Cooking Needs","Canned Food","Canned & Jarred Vegetables","Goya","Goya Tomato Paste","","Goya Tomato Paste","0.89","0.0","Market Basket","6 oz","6 oz","5052.jpg","","9"
"34640","Frozen Food","Frozen Pizza","Frozen Pizza","Stouffer's","Stouffer's French Bread Pizzas Deluxe","013800151827","Stouffer's French Bread Pizzas Deluxe","3.13","0.0","Market Basket","12 3/8 oz","12 3/8 oz","X4856.jpg","","19"
"13921","Breakfast & Dairy","Dairy & Eggs","Soy & Lactose-Free Milk","Lactaid","Lactaid 100% Lactose Free Fat Free Milk","","Lactaid 100% Lactose Free Fat Free Milk","4.86","0.0","Market Basket","0.5 gal","0.5 gal","770.jpg","","1"
"13824","Breakfast & Dairy","Dairy & Eggs","Refrigerated Pudding & Desserts","Jell-O","Jell O Ready to Eat Sugar Sweetened Chocolate Pudding Snack","","Jell O Ready to Eat Sugar Sweetened Chocolate Pudding Snack","2.49","0.0","Market Basket","3.875 oz","3.875 oz","792.jpg","","1"
"9359","Frozen Food","Frozen Dessert","Frozen Dessert","Pepperidge Farm","Pepperidge Farm Frozen Chocolate Fudge Layer Cake","","Pepperidge Farm Frozen Chocolate Fudge Layer Cake","3.69","0.0","Market Basket","19.6 oz","19.6 oz","2960.jpg","","19"
"6593","Beverages & Juices","Juices & Refrigerated Drinks","Refrigerated Drinks","Floridas Natural","Floridas Natural NO PULP CALICIUM & VITAMIN D 100% PRIMIUM Florida Natural ORANGE JUICE WITH  NOT CONCENTRATE / NON GMO","","Floridas Natural NO PULP CALICIUM & VITAMIN D 100% PRIMIUM Florida Natural ORANGE JUICE WITH  NOT CONCENTRATE / NON GMO","6.24","0.0","Market Basket","89 fl oz","89 fl oz","X271.jpg","","1"
"461","Laundry & Paper Goods","Laundry","Laundry Detergent","Sun","Sun Triple Clean Odor Release 134 medium loads laundry detergent","","Sun Triple Clean Odor Release 134 medium loads laundry detergent","7.49","1.0","Market Basket","188 fl oz","188 fl oz","No Image.jpg","","15"
"31875","Pasta & Sauces","Pasta Sauce","Pasta Sauce","Hunts","Hunts Pasta Sauce Chunky Vegetable","027000500040","Hunts Pasta Sauce Chunky Vegetable","1.25","0.0","Market Basket","24 oz","24 oz","X1404.jpg","","4"
"31736","Beverages & Juices","Energy & Sports Drinks","Energy & Sports Drinks","Hint","Hint Cherry","184739001573","Hint Cherry","1.56","0.0","Market Basket","16 fl oz","16 fl oz","X2741.jpg","","10"
"6378","Beverages & Juices","Water","Sparkling Water","Polar","Polar Cranberry Sparkling Water","","Polar Cranberry Sparkling Water","1.24","0.0","Market Basket","1 L","1 L","No Image.jpg","","11"
"14281","Breakfast & Dairy","Dairy & Eggs","Yogurt","YoCrunch","YoCrunch Vanilla Lowfat Yogurt with Chips Ahoy Cookie Pieces","","YoCrunch Vanilla Lowfat Yogurt with Chips Ahoy Cookie Pieces","0.89","0.0","Market Basket","6 oz","6 oz","465.jpg","","1"
"14934","Personal Care","First Aid & Healthcare","Cold, Flu & Allergy","Vicks","Vicks Vaporub VapoRub Ointment","","Vicks Vaporub VapoRub Ointment","7.35","1.0","Market Basket","1.76 oz","1.76 oz","18177.jpg","","13"
"15306","Personal Care","Vitamins & Proteins","Protien Drinks","Muscle Milk","Muscle Milk Protein Shake, Non Dairy, Knockout Chocolate","","Muscle Milk Protein Shake, Non Dairy, Knockout Chocolate","4.24","1.0","Market Basket","14 fl oz","14 fl oz","6734.jpg","","13"
"32784","Beverages & Juices","Juices & Refrigerated Drinks","Refrigerated Drinks","Market Basket","Market Basket 100% Pure Juice PREMIUM 100% PURE Country Style PASTEURIZED ORANGE  JUICE NOT FROM CONCENTRATE","","Market Basket 100% Pure Juice PREMIUM 100% PURE Country Style PASTEURIZED ORANGE  JUICE NOT FROM CONCENTRATE","3.13","0.0","Market Basket","59 fl oz","59 fl oz","X585.jpg","","1"
"31170","Frozen Food","Frozen Dinners & Entrees","Frozen Meal","Devour","Devour Turkey & Bacon with Ranch Grilled Chesse","025155000392","Devour Turkey & Bacon with Ranch Grilled Chesse","3.74","0.0","Market Basket","7.2 oz","7.2 oz","X4130.jpg","","18"
"15011","Personal Care","Personal Needs","Deodorants","Axe","Axe Antiperspirant Deodorant Stick For Men Essence","","Axe Antiperspirant Deodorant Stick For Men Essence","7.0","1.0","Market Basket","2.7 oz","2.7 oz","6291.jpg","","13"
"30281","Meat & Seafood","Canned Meat & Seafood","Other Meat","Bar Harbor ","Bar Harbor New England Style Newburg Sauce All Natural ","","Bar Harbor New England Style Newburg Sauce All Natural ","3.74","0.0","Market Basket","10.5 oz","10.5 oz","X1896.jpg","","2"
"31584","Condiments & Dressings","Marinades, Ketchup & Sauces","Mayonnaise","Goya","Goya 100% Real Mayonnaise With Lime Juice ","","Goya 100% Real Mayonnaise With Lime Juice ","3.11","0.0","Market Basket","16 fl oz","16 fl oz","X1705.jpg","","2"
"5177","Chips, Cookies & Snacks","Cookies & Crackers","Crackers","Good Thins","Good Thins Sea Salt Rice Snacks Gluten Free","","Good Thins Sea Salt Rice Snacks Gluten Free","5.47","0.0","Market Basket","3.5 oz","3.5 oz","No Image.jpg","","6"
"615","Laundry & Paper Goods","Paper Goods","Wipes","Puffs","Puffs Plus Lotion","","Puffs Plus Lotion","6.24","1.0","Market Basket","4 boxes","4 boxes","No Image.jpg","","14"
"31409","Beverages & Juices","Energy & Sports Drinks","Energy & Sports Drinks","Gatorade","Gatorade Thirst Quencher Strawberry Kiwi Fresa Kiwi","052000044041","Gatorade Thirst Quencher Strawberry Kiwi Fresa Kiwi","1.25","0.0","Market Basket","32 fl oz","32 fl oz","X2656.jpg","","10"
"32497","Frozen Food","Frozen Dinners & Entrees","Frozen Meal","Lean Cuisine ","Lean Cuisine Mango Chicken with Coconut Rice","013800274304","Lean Cuisine Mango Chicken with Coconut Rice","3.61","0.0","Market Basket","                10 7/8 oz","                10 7/8 oz","X4213.jpg","","18"
"14670","Personal Care","Body Wash, Soap & Hair Care","Body Lotion","Lubriderm","Lubriderm Advanced Therapy Lotion","","Lubriderm Advanced Therapy Lotion","4.93","1.0","Market Basket","6 fl oz","6 fl oz","17735.jpg","","13"
"4199","Meat & Seafood","Packaged Meat & Seafood","Chicken Breast","Harvestland","Harvestland Chicken Breast","","Harvestland Chicken Breast","6.09","0.0","Market Basket","1 lb","1 lb","No Image.jpg","","22"
"5243","Chips, Cookies & Snacks","Chips & Fruit Snacks","Chips & Pretzels","LATE JULY","LATE JULY Organic Chia & Quinoa Restaurant Style Tortilla Chips","","LATE JULY Organic Chia & Quinoa Restaurant Style Tortilla Chips","4.69","0.0","Market Basket","11 oz","11 oz","No Image.jpg","","0"
"3818","Fresh Produce","Fresh Organic Vegetables","Cucumber","Market Basket","Organic Cucumbers","","Organic Cucumbers","3.55","0.0","Market Basket","1 count","1 count","FP120.jpg","","20"
"14792","Personal Care","Body Wash, Soap & Hair Care","Hair Care","Suave","Suave Non Aerosol Hairspray Max Hold","","Suave Non Aerosol Hairspray Max Hold","4.24","1.0","Market Basket","11 oz","11 oz","18175.jpg","","13"
"33767","Breakfast & Dairy","Dairy & Eggs","Yogurt","Yoplait","Oui By Yoplait Pumpkin Caramel French Style Yogurt ","","Oui By Yoplait Pumpkin Caramel French Style Yogurt ","1.74","0.0","Market Basket","5 oz","5 oz","X716.jpg","","1"
"4246","Meat & Seafood","Packaged Meat & Seafood","Herring","Blue Hill Bay","Blue Hill Bay Smoked Seafood Herring in Dill Marinade","","Blue Hill Bay Smoked Seafood Herring in Dill Marinade","5.59","0.0","Market Basket","12 oz","12 oz","4128.jpg","","22"
"31592","Frozen Food","Frozen Fruit & Juice","Frozen Fruit","Goya","Goya Maduros Ripe Plantains","041331090469","Goya Maduros Ripe Plantains","2.36","0.0","Market Basket","11 oz","11 oz","X4437.jpg","","18"
"31642","Breakfast & Dairy","Dairy & Eggs","Fruit Drink","Happy Kid","Happy Kid Organic Apple Blueberry Pomergranate ","","Happy Kid Organic Apple Blueberry Pomergranate ","4.99","0.0","Market Basket","12.68 oz","12.68 oz","X317.jpg","","1"
"32952","Condiments & Dressings","Preserved Dips & Spreads","Spreads","Market Basket","Market Basket Almond Butter Creamy ","","Market Basket Almond Butter Creamy ","1.24","0.0","Market Basket","1.13 oz","1.13 oz","X530.jpg","","3"
"8306","Condiments & Dressings","Fresh Dips & Tapenades","Fresh Dips & Tapenades","Joseph's","Joseph's Chick Pea Salad","","Joseph's Chick Pea Salad","3.69","0.0","Market Basket","16 oz","16 oz","5523.jpg","","1"
"33266","Condiments & Dressings","Pickled Goods & Olives","Olives","Mezzetta ","Mezzetta in the Napa Valley Imported Spanish Queen Martini Olives ","073214006144","Mezzetta in the Napa Valley Imported Spanish Queen Martini Olives ","4.36","0.0","Market Basket","12 oz","12 oz","X2218.jpg","","2"
"31759","Breakfast & Dairy","Dairy & Eggs","Parmesan Cheese","Homestyle","Homestyle Parmesan","041387327908","Homestyle Parmesan","4.36","0.0","Market Basket","6 oz","6 oz","X1269.jpg","","4"
"5415","Chips, Cookies & Snacks","Cookies & Crackers","Crackers","Cheez-It","Cheez-it Original","","Cheez-it Original","1.56","0.0","Market Basket","2.2 oz","2.2 oz","No Image.jpg","","6"
"5304","Chips, Cookies & Snacks","Cookies & Crackers","Crackers","Nonni's","Nonni's Limone Biscotti","","Nonni's Limone Biscotti","4.36","0.0","Market Basket","6.88 oz","6.88 oz","No Image.jpg","","6"
"13524","Breakfast & Dairy","Dairy & Eggs","Milk","Oakhurst","Oakhurst Fat Free Skim Milk","","Oakhurst Fat Free Skim Milk","1.69","0.0","Market Basket","1 count","1 count","Market Basket.jpg","","1"
"31164","Frozen Food","Frozen Dinners & Entrees","Frozen Meal","Devour","Devour Chicken Enchiladas","025155057068","Devour Chicken Enchiladas","3.74","0.0","Market Basket","12 oz","12 oz","X4123.jpg","","18"
"6536","Chips, Cookies & Snacks","Nuts, Seeds & Dried Fruit","Nuts, Seeds & Dried Fruit","Market Basket","Market Basket Sun Dried Raisins","","Market Basket Sun Dried Raisins","4.61","0.0","Market Basket","20 oz","20 oz","Market Basket.jpg","","6"
"4933","Chips, Cookies & Snacks","Chips & Fruit Snacks","Chips & Pretzels","Snack Factory","Snack Factory Pretzel Crisps, Sea Salt & Cracked Pepper","","Snack Factory Pretzel Crisps, Sea Salt & Cracked Pepper","3.13","0.0","Market Basket","7.2 oz","7.2 oz","14840.jpg","","0"
"330","Kitchen & Cleaning","Food Storage & Kitchen Supplies","Storage Bags","Market Basket","Market Basket Resealable Sandwich Bags","","Market Basket Resealable Sandwich Bags","2.49","1.0","Market Basket","100 bag(s)","100 bag(s)","Market Basket.jpg","","12"
"7959","Cooking Needs","Canned Food","Soup, Broth & Bouillon","Campbell's","Campbell's Condensed Campbell's Condensed Healthy Request Chicken with Rice Soup","","Campbell's Condensed Campbell's Condensed Healthy Request Chicken with Rice Soup","2.09","0.0","Market Basket","10.5 oz","10.5 oz","5307.jpg","","9"
"32834","Breakfast & Dairy","Breads & Rolls","Bagels","Market Basket","Market Basket Bagels French Toast","049705544921","Market Basket Bagels French Toast","2.5","0.0","Market Basket","22 oz","22 oz","X2415.jpg","","18"
"32961","Frozen Food","Frozen Dinners & Entrees","Frozen Appetizers & Sides","Market Basket","Market Basket 44 Crunchy Fish Sticks","049705696057","Market Basket 44 Crunchy Fish Sticks","4.99","0.0","Market Basket","25 oz","25 oz","X4400.jpg","","18"
"30776","Cooking Needs","Canned Food","Baked Beans","Campbell's","Campbell's Chunky Chili Hot & Spicy Sauce With Beans","","Campbell's Chunky Chili Hot & Spicy Sauce With Beans","3.13","0.0","Market Basket","19 oz","19 oz","X1852.jpg","","2"
"31340","Beverages & Juices","Juices & Refrigerated Drinks","Refrigerated Drinks","Floridas Natural","Floridas Natural SOME PULP 100% PRIMIUM Florida Natural ORANGE JUICE WITH  NOT CONCENTRATE / NON GMO","","Floridas Natural SOME PULP 100% PRIMIUM Florida Natural ORANGE JUICE WITH  NOT CONCENTRATE / NON GMO","3.74","0.0","Market Basket","52 fl oz","52 fl oz","X268.jpg","","1"
"5156","Chips, Cookies & Snacks","Cookies & Crackers","Crackers","Blue Diamond","Blue Diamond Nut Thins Artisan Nut Thins Sesame Seeds Cracker Snacks","","Blue Diamond Nut Thins Artisan Nut Thins Sesame Seeds Cracker Snacks","4.69","0.0","Market Basket","4.25 oz","4.25 oz","1235.jpg","","6"
"31741","Beverages & Juices","Energy & Sports Drinks","Energy & Sports Drinks","Hint","Hint Blackberry","184739000309","Hint Blackberry","1.56","0.0","Market Basket","16 fl oz","16 fl oz","X2746.jpg","","10"
"5388","Chips, Cookies & Snacks","Cookies & Crackers","Crackers","Kame","Kame Rice Crackers Cheese","","Kame Rice Crackers Cheese","4.67","0.0","Market Basket","3.5 oz","3.5 oz","No Image.jpg","","6"
"15253","Personal Care","Personal Needs","Oral Hygiene","Polident","Polident Antibacterial Denture Cleanser 3 Minute Triple Mint Freshness","","Polident Antibacterial Denture Cleanser 3 Minute Triple Mint Freshness","5.28","1.0","Market Basket","40 count","40 count","17772.jpg","","13"
"6915","Cooking Needs","Baking & Cooking","Baking Ingredients","Stevia in the Raw","Stevia in the Raw Zero Calorie Sweetener","","Stevia in the Raw Zero Calorie Sweetener","6.09","0.0","Market Basket","50 count","50 count","15727.jpg","","8"
"3613","Fresh Produce","Fresh Vegetables","Eggplant","Market Basket","Chinese Eggplant pack (Approx 2 CT)","","Chinese Eggplant pack (Approx 2 CT)","3.55","0.0","Market Basket","1 pack","1 pack","FP70.jpg","","20"
"32587","Chips, Cookies & Snacks","Candy & Chocolates","Candy & Chocolate","Lindt","Lindt Excellence 85% Cocoa Dark Chocolate Full-Bodied Cocoa Flover ","","Lindt Excellence 85% Cocoa Dark Chocolate Full-Bodied Cocoa Flover ","2.5","0.0","Market Basket","3.5 oz","3.5 oz","X483.jpg","","3"
"4304","Meat & Seafood","Meat & Seafood Counter","Perch","Market Basket","Market Basket Perch Fillets","","Market Basket Perch Fillets","7.21","0.0","Market Basket","Approx: 0.98 lb at $7.39/lb","Approx: 0.98 lb at $7.39/lb","Market Basket.jpg","","22"
"30323","Pasta & Sauces","Raw Pasta","Raw Pasta","Barilla","Barilla Whole Grain Pasta Penne","076808005851","Barilla Whole Grain Pasta Penne","1.74","0.0","Market Basket","16 oz","16 oz","X1627.jpg","","4"
"15034","Personal Care","Personal Needs","Deodorants","Lady Speed Stick","Lady Speed Stick Invisible Dry Shower Fresh","","Lady Speed Stick Invisible Dry Shower Fresh","4.24","1.0","Market Basket","2.3 oz","2.3 oz","17707.jpg","","13"
"13478","Breakfast & Dairy","Dairy & Eggs","Milk","Hood","Hood Reduced Fat Chocolate Dairy Beverage","","Hood Reduced Fat Chocolate Dairy Beverage","3.69","0.0","Market Basket","0.5 gal","0.5 gal","502.jpg","","1"
"32512","Frozen Food","Frozen Dinners & Entrees","Frozen Meal","Lean Cuisine ","Lean Cuisine Pepperoni Pizza","013800047175","Lean Cuisine Pepperoni Pizza","3.13","0.0","Market Basket","6 oz","6 oz","X4231.jpg","","18"
"7630","Cooking Needs","Canned Food","Canned Fruit & Applesauce","Dole","Dole Pineapple Chunks","","Dole Pineapple Chunks","1.89","0.0","Market Basket","20 oz","20 oz","4926.jpg","","3"
"13475","Breakfast & Dairy","Dairy & Eggs","Milk","Hood","Hood Fat Free Milk","","Hood Fat Free Milk","2.99","0.0","Market Basket","0.5 gal","0.5 gal","494.jpg","","1"
"6314","Beverages & Juices","Water","Sparkling Water","Poland Spring","Poland Spring Sparkling Water, Lemon Lime","","Poland Spring Sparkling Water, Lemon Lime","3.74","0.0","Market Basket","8 x 12 fl oz","8 x 12 fl oz","No Image.jpg","","11"
"15167","Personal Care","Personal Needs","Oral Hygiene","Colgate","Colgate Plus Cleaning Tip Toothbrush Soft","","Colgate Plus Cleaning Tip Toothbrush Soft","2.17","1.0","Market Basket","1 count","1 count","6381.jpg","","13"
"30622","Condiments & Dressings","Marinades, Ketchup & Sauces","Mustard Sauce","Bookbinder's","Bookbinder's Hot Horseradish Mustard Refrigrate after  Opening ","071851800446","Bookbinder's Hot Horseradish Mustard Refrigrate after  Opening ","3.74","0.0","Market Basket","11 oz","11 oz","X2193.jpg","","2"
"5384","Chips, Cookies & Snacks","Cookies & Crackers","Crackers","Simple Mills","Simple Mills Almond Flour Crackers Farmhouse Cheddar","","Simple Mills Almond Flour Crackers Farmhouse Cheddar","6.23","0.0","Market Basket","4.25 oz","4.25 oz","No Image.jpg","","6"
"7338","Cooking Needs","Spices & Seasonings","Spices & Seasonings","McCormick","McCormick Perfect Pinch Italian Seasoning","","McCormick Perfect Pinch Italian Seasoning","2.49","0.0","Market Basket","0.75 oz","0.75 oz","15623.jpg","","9"
"5407","Chips, Cookies & Snacks","Cookies & Crackers","Crackers","Back to Nature","Back to Nature Harvest Whole Wheat Wheat Cracker","","Back to Nature Harvest Whole Wheat Wheat Cracker","6.23","0.0","Market Basket","8.5 oz","8.5 oz","No Image.jpg","","6"
"14425","Breakfast & Dairy","Tea & Coffee","Coffee","Melitta","Melitta Classic Blend Medium Roast Ground Coffee","","Melitta Classic Blend Medium Roast Ground Coffee","12.19","0.0","Market Basket","22 oz","22 oz","3394.jpg","","8"
"32840","Breakfast & Dairy","Breads & Rolls","Bagels","Market Basket","Market Basket Bagel Slims Everything","","Market Basket Bagel Slims Everything","2.5","0.0","Market Basket","12 oz","12 oz","X2421.jpg","","18"
"31851","Cooking Needs","Canned Food","Tomato Sauce","Hunts","Hunts Tomato Sauce","027000390054","Hunts Tomato Sauce","0.74","0.0","Market Basket","8 oz","8 oz","X1286.jpg","","4"
"30993","Frozen Food","Frozen Dinners & Entrees","Frozen Appetizers & Sides","Cole's","Cole's Garlic Texas Toast","071052000522","Cole's Garlic Texas Toast","3.11","0.0","Market Basket","14 oz","14 oz","X4357.jpg","","18"
"33856","Pasta & Sauces","Raw Pasta","Raw Pasta","Pastene","Pastene Ditali 45","066086070856","Pastene Ditali 45","1.25","0.0","Market Basket","16 oz","16 oz","X1608.jpg","","4"
"32118","Breakfast & Dairy","Cereal","Cereal","Kellogg's ","Kellogg's Corn Flakes ","038000001109","Kellogg's Corn Flakes ","4.38","0.0","Market Basket","12 oz","12 oz","X3367.jpg","","5"
"35214","Breakfast & Dairy","Dairy & Eggs","Yogurt","Yoplait","Yoplait Original Gushes With Blue Raspberry ","","Yoplait Original Gushes With Blue Raspberry ","0.81","0.0","Market Basket","6 oz","6 oz","X948.jpg","","1"
"32672","Frozen Food","Frozen Dinners & Entrees","Frozen Appetizers & Sides","Mama Rosie's","Mama Rosie's Three Cheese Lasagna","076239450008","Mama Rosie's Three Cheese Lasagna","2.74","0.0","Market Basket","10 oz","10 oz","X4340.jpg","","18"
"31745","Beverages & Juices","Energy & Sports Drinks","Energy & Sports Drinks","Hint","Hint Strawberry Kiwi","184739000118","Hint Strawberry Kiwi","1.56","0.0","Market Basket","16 fl oz","16 fl oz","X2750.jpg","","10"
"33818","Pasta & Sauces","Instant Pasta","Instant Pasta","Pastabilities","Pastabilities Organic Mac n Cheese Out of this World","640173375064","Pastabilities Organic Mac n Cheese Out of this World","4.86","0.0","Market Basket","10 oz","10 oz","X1236.jpg","","4"
"5754","Breakfast & Dairy","Bars & Pastries","Protien Bars","Larabar","Larabar Fruit & Nut Food Bar Chocolate Coconut Chew","","Larabar Fruit & Nut Food Bar Chocolate Coconut Chew","1.25","0.0","Market Basket","1.8 oz","1.8 oz","1314.jpg","","3"
"9987","Frozen Food","Ice Cream & Ice","Ice Cream & Ice","Brigham's Ice Cream","Brigham's Ice Cream Chocolate","","Brigham's Ice Cream Chocolate","3.69","0.0","Market Basket","1 quart","1 quart","16102.jpg","","21"
"4737","Meat & Seafood","Frozen Meat & Seafood","Chicken Products","Perdue","Perdue Carved Chicken BreastRotisserie Seasoned","","Perdue Carved Chicken BreastRotisserie Seasoned","4.89","0.0","Market Basket","0.56 lb","0.56 lb","2888.jpg","","21"
"31400","Meat & Seafood","Packaged Meat & Seafood","Burger","Gardein","Gardein Sweet and Sour Porkless Bites ","","Gardein Sweet and Sour Porkless Bites ","5.61","0.0","Market Basket","10.5 oz","10.5 oz","X4763.jpg","","1"
"34004","Frozen Food","Frozen Dinners & Entrees","Frozen Appetizers & Sides","Pepperidge Farm","Pepperidge Farm Texas Toast 5 Cheese ","051000138651","Pepperidge Farm Texas Toast 5 Cheese ","3.36","0.0","Market Basket","9.5 oz","9.5 oz","X4366.jpg","","18"
"7181","Cooking Needs","Spices & Seasonings","Spices & Seasonings","Badia","Badia All Purpose Seasoned Salt","","Badia All Purpose Seasoned Salt","3.19","0.0","Market Basket","16 oz","16 oz","2213.jpg","","9"
"31027","Breakfast & Dairy","Breads & Rolls","Bread","Country Kitchen","Country Kitchen Split Top Wheat Bread","073402114507","Country Kitchen Split Top Wheat Bread","3.74","0.0","Market Basket","20 oz","20 oz","X2465.jpg","","18"
"30554","Cooking Needs","Baking & Cooking","Flour","Bob's Red Mill","Bob's Red Mill Super Fine Natural Almond Four ","039978023803","Bob's Red Mill Super Fine Natural Almond Four ","9.99","0.0","Market Basket","16 oz","16 oz","X5262.jpg","","3"
"33648","Beverages & Juices","Juices & Refrigerated Drinks","Juice & Nectars","Ocean Spray","Ocean Spray Diet 5 Cranberry","031200200310","Ocean Spray Diet 5 Cranberry","3.74","0.0","Market Basket","64 fl oz","64 fl oz","X2814.jpg","","10"
"6038","Beverages & Juices","Juices & Refrigerated Drinks","Juice & Nectars","Reese","Reese Maraschino Syrup - Sweet Essence of Cherry","","Reese Maraschino Syrup - Sweet Essence of Cherry","3.74","0.0","Market Basket","8 fl oz","8 fl oz","No Image.jpg","","17"
"6268","Beverages & Juices","Water","Water","Glaceau","Glaceau Vapor Distilled Premium Water Bottle","","Glaceau Vapor Distilled Premium Water Bottle","16.24","0.0","Market Basket","12 x 1 L","12 x 1 L","No Image.jpg","","11"
"10447","Cooking Needs","Rice & Grains","Grains, Rice & Dried Goods","Suzie's Quinoa","Suzie's Quinoa, Asian","","Suzie's Quinoa, Asian","3.69","0.0","Market Basket","8 oz","8 oz","17438.jpg","","N/A"
"32051","Frozen Food","Frozen Breakfast","Frozen Waffles","Kashi","Kashi Blueberry Waffles Wild Blueberries Our Heritage Blend Of 7 Whole Grains","018627534228","Kashi Blueberry Waffles Wild Blueberries Our Heritage Blend Of 7 Whole Grains","3.61","0.0","Market Basket","10.1 oz","10.1 oz","X5013.jpg","","19"
"7657","Cooking Needs","Canned Food","Canned Fruit & Applesauce","Market Basket","Market Basket Unsweetened Vanilla Almond Milk","","Market Basket Unsweetened Vanilla Almond Milk","6.09","0.0","Market Basket","1 ct","1 ct","Market Basket.jpg","","1"
"30384","Cooking Needs","Oils & Vinegars","Oils & Vinegars","Bertolli ","Bertolli Dal 1865 Extra Virgin Olive Oil Rich Taste ","041790214260","Bertolli Dal 1865 Extra Virgin Olive Oil Rich Taste ","8.11","0.0","Market Basket","50.72 oz","50.72 oz","X1987.jpg","","2"
"35004","Breakfast & Dairy","Breads & Rolls","Bread","Vermont Bread","Vermont Bread Soft 10 Grain Bread","025911300025","Vermont Bread Soft 10 Grain Bread","3.74","0.0","Market Basket","24 oz","24 oz","X2450.jpg","","18"
"35297","Richardson's Farm Ice Cream","Ice Cream","Vanilla","Richarson's Farm","Richarson's Farm Vanilla Ice Cream 16% Butterfat","","Made with vanilla bean extract imported from Madagascar","7.99","0.0","Richardson's Farm","1-2 Gal. Container","1-2 Gal. Container","RichardsonsFarm.jpg","",""
"34727","Breakfast & Dairy","Bars & Pastries","Granola Bars","Sunbelt Bakery ","Sunbelt Bakery Dark Chocolate Chunk Granola Bars","024300031229","Sunbelt Bakery Dark Chocolate Chunk Granola Bars","3.13","0.0","Market Basket","10.56 oz","10.56 oz","X3787.jpg","","5"
"30257","Frozen Food","Frozen Dinners & Entrees","Frozen Meal","Banquet","Banquet Mac & Cheese ","031000809225","Banquet Mac & Cheese ","1.56","0.0","Market Basket","10 oz","10 oz","X4020.jpg","","18"
"32496","Frozen Food","Frozen Dinners & Entrees","Frozen Meal","Lean Cuisine ","Lean Cuisine Orange Chicken","013800798732","Lean Cuisine Orange Chicken","3.61","0.0","Market Basket","                10 7/8 oz","                10 7/8 oz","X4212.jpg","","18"
"5207","Chips, Cookies & Snacks","Cookies & Crackers","Crackers","Nabisco","Nabisco Premium Saltine Crackers Minis Original","","Nabisco Premium Saltine Crackers Minis Original","3.91","0.0","Market Basket","11 oz","11 oz","1232.jpg","","6"
"34252","Breakfast & Dairy","Granola & Oats","Oats","Quaker","Quaker Apple & Cinnamon Instant Oatmeal","030000316788","Quaker Apple & Cinnamon Instant Oatmeal","3.13","0.0","Market Basket","10 x 1.51 oz","10 x 1.51 oz","X3591.jpg","","5"
"34026","Frozen Food","Frozen Dessert","Frozen Dessert","Pillsbury","Pillsbury Toster Strudel Pestries Apple","018000426911","Pillsbury Toster Strudel Pestries Apple","3.13","0.0","Market Basket","11.7 oz","11.7 oz","X5076.jpg","","19"
"4210","Meat & Seafood","Packaged Meat & Seafood","Chicken Breast","Perdue","Perdue Ground Chicken Breast","","Perdue Ground Chicken Breast","4.99","0.0","Market Basket","1 lb","1 lb","4101.jpg","","22"
"34789","Frozen Food","Frozen Dinners & Entrees","Frozen Meal","TAI & PEI","TAI & PEI Chicken Chow Mein Noodles","070077811243","TAI & PEI Chicken Chow Mein Noodles","2.99","0.0","Market Basket","10 oz","10 oz","X3986.jpg","","18"
"13655","Breakfast & Dairy","Dairy & Eggs","Packaged Cheese","California Olive Ranch Frigo Cheese Heads","California Olive Ranch Frigo Cheese Heads Wisconsin Cheddar with Parmesan Notes Cheese Sticks","","California Olive Ranch Frigo Cheese Heads Wisconsin Cheddar with Parmesan Notes Cheese Sticks","3.69","0.0","Market Basket","8.3 oz","8.3 oz","14607.jpg","","1"
"4970","Chips, Cookies & Snacks","Chips & Fruit Snacks","Chips & Pretzels","Tostitos","Tostitos Crispy Rounds Tortilla Chips","","Tostitos Crispy Rounds Tortilla Chips","5.47","0.0","Market Basket","13 oz","13 oz","969.jpg","","0"
"32947","Cooking Needs","Canned Food","Tomato Sauce","Market Basket","Market Basket Select Tomato Sauce","049705065426","Market Basket Select Tomato Sauce","1.49","0.0","Market Basket","29 oz","29 oz","X1284.jpg","","4"
"9587","Frozen Food","Frozen Dessert","Frozen Dessert","Mrs. Budd's","Mrs. Budd's Chicken Pie with Peas & Carrots Original Refrigerated","","Mrs. Budd's Chicken Pie with Peas & Carrots Original Refrigerated","3.49","0.0","Market Basket","12 oz","12 oz","16008.jpg","","18"
"9857","Frozen Food","Frozen Produce","Frozen Produce","Market Basket","Market Basket Extra Fine Whole Green Beans","","Market Basket Extra Fine Whole Green Beans","1.89","0.0","Market Basket","16 oz","16 oz","Market Basket.jpg","","19"
"7973","Cooking Needs","Canned Food","Soup, Broth & Bouillon","Campbell's","Campbell's Condensed Healthy Request Tomato Soup","","Campbell's Condensed Healthy Request Tomato Soup","2.09","0.0","Market Basket","10.75 oz","10.75 oz","5298.jpg","","2"
"4420","Meat & Seafood","Hot Dogs, Bacon & Sausage","Hot Dogs","Hebrew National","Hebrew National Beef Franks","","Hebrew National Beef Franks","4.89","0.0","Market Basket","12 oz","12 oz","4195.jpg","","1"
"14420","Breakfast & Dairy","Tea & Coffee","Coffee","Maxwell House","Maxwell House Morning Boost Ground Coffee","","Maxwell House Morning Boost Ground Coffee","4.29","0.0","Market Basket","11.5 oz","11.5 oz","3384.jpg","","8"
"33238","Cooking Needs","Oils & Vinegars","Oils & Vinegars","Marukan ","Marukan Genuin Brewed Rice Vinegar ","070641000066","Marukan Genuin Brewed Rice Vinegar ","3.74","0.0","Market Basket","12 fl oz","12 fl oz","X5323.jpg","","3"
"34809","Frozen Food","Frozen Dinners & Entrees","Frozen Appetizers & Sides","TGI Fridays","TGI Fridays Potato Skins Cheddar and Bacon","046704068403","TGI Fridays Potato Skins Cheddar and Bacon","3.99","0.0","Market Basket","7.6 oz","7.6 oz","X4839.jpg","","19"
"9235","Frozen Food","Frozen Breakfast","Frozen Breakfast","Aunt Jemima","Aunt Jemima Blueberry Pancakes","","Aunt Jemima Blueberry Pancakes","4.19","0.0","Market Basket","12 count","12 count","2528.jpg","","20"
"7232","Cooking Needs","Spices & Seasonings","Spices & Seasonings","Lawry's","Lawry's 25% Less Sodium Seasoned Salt","","Lawry's 25% Less Sodium Seasoned Salt","2.49","0.0","Market Basket","8 oz","8 oz","15630.jpg","","9"
"14932","Personal Care","First Aid & Healthcare","Cold, Flu & Allergy","Ricola","Ricola Lemon Mint Herb Throat Drops","","Ricola Lemon Mint Herb Throat Drops","2.86","1.0","Market Basket","24 count","24 count","6666.jpg","","13"
"33735","Chips, Cookies & Snacks","Chips & Fruit Snacks","Popcorn","Orville Redenbacher's ","Orville Redenbacher's Kettle Corn ","027000523087","Orville Redenbacher's Kettle Corn ","2.5","0.0","Market Basket","8.07 oz","8.07 oz","X4938.jpg","","19"
"3591","Fresh Produce","Fresh Vegetables","Chicory","Market Basket","Radicchio","","Radicchio","8.79","0.0","Market Basket","1 lb","1 lb","f176.jpg","","20"
"32613","Cooking Needs","Oils & Vinegars","Oils & Vinegars","Lucini","Lucini Italia Premium Select Extra Virgin Olive Oil Made Only From Estate Grown 100% Italian Olives ","648505015008","Lucini Italia Premium Select Extra Virgin Olive Oil Made Only From Estate Grown 100% Italian Olives ","9.99","0.0","Market Basket","33.8 fl oz","33.8 fl oz","X2005.jpg","","2"
"7890","Cooking Needs","Canned Food","Canned Meat & Seafood","StarKist","Chunk Light Tuna In Water","","Chunk Light Tuna In Water","4.29","0.0","Market Basket","3 oz","3 oz","5209.jpg","","2"
"5340","Chips, Cookies & Snacks","Cookies & Crackers","Cookies & Cakes","belVita","belVita Sandwich Dark Chocolate Creme","","belVita Sandwich Dark Chocolate Creme","4.69","0.0","Market Basket","8.8 oz","8.8 oz","No Image.jpg","","6"
"9184","Frozen Food","Frozen Dinners & Entrees","Frozen Appetizers & Sides","Pagoda","Pagoda White Meat Chicken Egg Rolls with Sweet Chili Sauce","","Pagoda White Meat Chicken Egg Rolls with Sweet Chili Sauce","3.69","0.0","Market Basket","4 count","4 count","15836.jpg","","18"
"4810","Chips, Cookies & Snacks","Chips & Fruit Snacks","Chips & Pretzels","Bachman","Bachman Jax Cheddar Cheese Puffed Curls","","Bachman Jax Cheddar Cheese Puffed Curls","4.69","0.0","Market Basket","9.75 oz","9.75 oz","14848.jpg","","0"
"8352","Condiments & Dressings","Honey, Syrup & Nectars","Syrup","Ben's Sugar Shack","Ben's Sugar Shack 100% Maple Syrup","","Ben's Sugar Shack 100% Maple Syrup","17.09","0.0","Market Basket","1 ct","1 ct","No Image.jpg","","3"
"7952","Cooking Needs","Canned Food","Soup, Broth & Bouillon","Campbell's","Campbell's Condensed Campbell's Condensed Disney Princess Soup","","Campbell's Condensed Campbell's Condensed Disney Princess Soup","2.09","0.0","Market Basket","10.5 oz","10.5 oz","5302.jpg","","2"
"32809","Chips, Cookies & Snacks","Candy & Chocolates","Candy & Chocolate","Market Basket","Market Basket Hosting Mix","","Market Basket Hosting Mix","1.88","0.0","Market Basket","13 oz","13 oz","X525.jpg","","3"
"6499","Chips, Cookies & Snacks","Nuts, Seeds & Dried Fruit","Nuts, Seeds & Dried Fruit","Kars","Kars Sweet 'N Salty Mix","","Kars Sweet 'N Salty Mix","3.75","0.0","Market Basket","16 oz","16 oz","No Image.jpg","","6"
"13376","Breakfast & Dairy","Dairy & Eggs","Cream","Market Basket","Market Basket Wheat English Muffins","","Market Basket Wheat English Muffins","1.59","0.0","Market Basket","12 oz","12 oz","533.jpg","","1"
"31767","Beverages & Juices","Tea, Coffee, Milk & Coconut Water","Tea","Honest","Honest Organic Honey Green Tea","657622222015","Honest Organic Honey Green Tea","1.66","0.0","Market Basket","16.9 fl oz","16.9 fl oz","X2930.jpg","","10"
"4956","Chips, Cookies & Snacks","Chips & Fruit Snacks","Chips & Pretzels","Stacy'S","Stacy'S Pita Thins Garlic & Herb","","Stacy'S Pita Thins Garlic & Herb","3.13","0.0","Market Basket","6.75 oz","6.75 oz","934.jpg","","0"
"30889","Frozen Food","Frozen Pizza","Frozen Pizza","Chef Gusto","Chef Gusto Sausage & Pepperani Mini Pizza Bangles ","664114954316","Chef Gusto Sausage & Pepperani Mini Pizza Bangles ","6.24","0.0","Market Basket","31.1 oz","31.1 oz","X4845.jpg","","19"
"5467","Chips, Cookies & Snacks","Candy & Chocolates","Candy & Chocolate","Hershey's","Hershey's Nuggets Special Dark Mildly Sweet Chocolate with Almonds","","Hershey's Nuggets Special Dark Mildly Sweet Chocolate with Almonds","2.49","0.0","Market Basket","10.56 oz","10.56 oz","993.jpg","","3"
"34957","Beverages & Juices","Juices & Refrigerated Drinks","Juice & Nectars","V8","V8 Splash Island Strawberry Juice","0510002160977","V8 Splash Island Strawberry Juice","2.5","0.0","Market Basket","64 fl oz","64 fl oz","X2921.jpg","","10"
"422","Kitchen & Cleaning","Trash Bags & Liners","Large Trash Bags","Hefty","Hefty Ultra Strong Multipurpose Large Trash Drawstring Bags","","Hefty Ultra Strong Multipurpose Large Trash Drawstring Bags","7.99","1.0","Market Basket","25 count","25 count","4688.jpg","","12"
"15124","Personal Care","Personal Needs","Facial Care","Pond's","Pond's Original Fresh Towelette","","Pond's Original Fresh Towelette","7.58","1.0","Market Basket","30 count","30 count","18113.jpg","","13"
"8072","Cooking Needs","Canned Food","Soup, Broth & Bouillon","Maruchan","Maruchan Yakisoba Teriyaki Beef Flavor","","Maruchan Yakisoba Teriyaki Beef Flavor","0.69","0.0","Market Basket","4 oz","4 oz","5325.jpg","","9"
"5948","Beverages & Juices","Cocoa & Drink Mixes","Cocoa & Drink Mixes","Finest Call","Finest Call Premium Sweet & Sour Mix","","Finest Call Premium Sweet & Sour Mix","4.99","0.0","Market Basket","33.8 fl oz","33.8 fl oz","No Image.jpg","","17"
"4974","Chips, Cookies & Snacks","Chips & Fruit Snacks","Chips & Pretzels","Tostitos","Tostitos Scoops Party Size Tortilla Chips","","Tostitos Scoops Party Size Tortilla Chips","5.47","0.0","Market Basket","14.5 oz","14.5 oz","966.jpg","","0"
"4238","Meat & Seafood","Packaged Meat & Seafood","Ham","Market Basket","Smoked Virginia Hams","","Smoked Virginia Hams","6.09","0.0","Market Basket","1 lb","1 lb","Market Basket.jpg","","22"
"33068","Breakfast & Dairy","Cereal","Cereal","Market Basket ","Market Basket Crunchy Granola Raisan Bran ","049705004814","Market Basket Crunchy Granola Raisan Bran ","3.13","0.0","Market Basket","18.2 oz","18.2 oz","X3335.jpg","","5"
"31190","Frozen Food","Frozen Dinners & Entrees","Frozen Appetizers & Sides","Dr.Praeger's","Dr.Praeger's Gluten Free Black Bean Quinoa Veggie Burgers","080868060194","Dr.Praeger's Gluten Free Black Bean Quinoa Veggie Burgers","4.99","0.0","Market Basket","10 oz","10 oz","X4151.jpg","","18"
"4118","Meat & Seafood","Meat & Seafood Counter","Chicken Breast","Market Basket","Boneless Skinless Chicken Breast with rib meat","","Boneless Skinless Chicken Breast with rib meat","4.99","0.0","Market Basket","1 lb","1 lb","16683.jpg","","22"
"31607","Frozen Food","Frozen Produce","Frozen Produce","Goya","Goya Los Andes Choclo Desgranado Jumbo Kernel Corn","041331092166","Goya Los Andes Choclo Desgranado Jumbo Kernel Corn","3.74","0.0","Market Basket","16 oz","16 oz","X4441.jpg","","18"
"32198","Breakfast & Dairy","Cereal","Cereal","Kellogg's ","Kellogg's Raisin Bran With Bananas","038000199813","Kellogg's Raisin Bran With Bananas","4.11","0.0","Market Basket","15.9 oz","15.9 oz","X3364.jpg","","5"
"15085","Personal Care","Personal Needs","Eye & Ear Care","Topcare","Topcare Health Sterile Multi-purpose Solution For Soft Contact Lenses","","Topcare Health Sterile Multi-purpose Solution For Soft Contact Lenses","5.62","1.0","Market Basket","12 fl oz","12 fl oz","6486.jpg","","13"
"6774","Cooking Needs","Baking & Cooking","Baking Ingredients","Arm & Hammer","Arm & Hammer Pure Baking Soda","","Arm & Hammer Pure Baking Soda","0.99","0.0","Market Basket","16 oz","16 oz","15674.jpg","","8"
"32893","Breakfast & Dairy","Granola & Oats","Oats","Market Basket","Market Basket Raisin & Spice Instant Oatmeal","049705009185","Market Basket Raisin & Spice Instant Oatmeal","2.5","0.0","Market Basket","10 x 1.51 oz ","10 x 1.51 oz ","X3568.jpg","","5"
"7800","Cooking Needs","Canned Food","Canned Meals & Beans","Nellie's","Aunt Nellie's 3 Bean Salad","","Aunt Nellie's 3 Bean Salad","1.59","0.0","Market Basket","15.5 oz","15.5 oz","17121.jpg","","2"
"34072","Breakfast & Dairy","Bars & Pastries","Pastries","Pop Tarts","Poptarts Frosted Cinnamon Roll","038000222436","Poptarts Frosted Cinnamon Roll","2.5","0.0","Market Basket","13.5 oz","13.5 oz","X3504.jpg","","5"
"30127","Pasta & Sauces","Instant Pasta","Instant Pasta","Annie's ","Annies Homegrown White Cheddar Macaroni & Cheese","013562001385","Annies Homegrown White Cheddar Macaroni & Cheese","6.86","0.0","Market Basket","4 x 2.01 oz","4 x 2.01 oz","X1197.jpg","","4"
"4358","Meat & Seafood","Meat & Seafood Counter","Steak","Market Basket","Market Basket Boneless Chuck Eye Steak First Cut","","Market Basket Boneless Chuck Eye Steak First Cut","8.5","0.0","Market Basket","Approx: 1.40 lb at $6.09/lb","Approx: 1.40 lb at $6.09/lb","Market Basket.jpg","","22"
"30343","Pasta & Sauces","Gluten Free Pasta","Raw Pasta","Barilla","Barilla Gluten Free Oven Ready Lasagne","076808007930","Barilla Gluten Free Oven Ready Lasagne","3.74","0.0","Market Basket","10 oz","10 oz","X1647.jpg","","4"
"6669","Beverages & Juices","Juices & Refrigerated Drinks","Refrigerated Drinks","Tropicana ","Tropicana Pure Orange Juice","","Tropicana Pure Orange Juice","4.79","0.0","Market Basket","6 x 8 fl oz","6 x 8 fl oz","3812.jpg","","1"
"31894","Condiments & Dressings","Marinades, Ketchup & Sauces","Mustard Sauce","Inglehoffer","Inglehoffer Sweet Honey Mustard ","071828009230","Inglehoffer Sweet Honey Mustard ","3.11","0.0","Market Basket","8 oz","8 oz","X2172.jpg","","2"
"4359","Meat & Seafood","Meat & Seafood Counter","Steak","Market Basket","Market Basket First Round Top Cut Steak","","Market Basket First Round Top Cut Steak","6.74","0.0","Market Basket","Approx: 0.83 lb at $8.09/lb","Approx: 0.83 lb at $8.09/lb","Market Basket.jpg","","22"
"4778","Meat & Seafood","Frozen Meat & Seafood","Frozen Haddock","Market Basket","Frozen Wild Haddock","","Frozen Wild Haddock","7.59","0.0","Market Basket","1 lb","1 lb","Market Basket.jpg","","18"
"4957","Chips, Cookies & Snacks","Chips & Fruit Snacks","Chips & Pretzels","Stacy'S","Stacy'S Pita Thins Sea Salt","","Stacy'S Pita Thins Sea Salt","3.13","0.0","Market Basket","6.75 oz","6.75 oz","929.jpg","","0"
"31378","Frozen Food","Frozen Pizza","Frozen Pizza","Freschetta ","Freschetta Four Pepperoni ","072180630520","Freschetta Four Pepperoni ","6.24","0.0","Market Basket","22.70 oz","22.70 oz","X4926.jpg","","19"
"4500","Meat & Seafood","Lunch Meat","Ham","Glen Rock","Glen Rock Boneless Smoked Ham","","Glen Rock Boneless Smoked Ham","6.27","0.0","Market Basket","Approx: 1.70 lb at $3.69/lb","Approx: 1.70 lb at $3.69/lb","No Image.jpg","","22"
"6464","Chips, Cookies & Snacks","Nuts, Seeds & Dried Fruit","Nuts, Seeds & Dried Fruit","Planters","Planters Walnuts","","Planters Walnuts","8.74","0.0","Market Basket","7.25 oz","7.25 oz","No Image.jpg","","6"
"6862","Cooking Needs","Baking & Cooking","Baking Ingredients","Hershey's","Hershey's Special Dark Mildly Sweet Chocolate Chips","","Hershey's Special Dark Mildly Sweet Chocolate Chips","2.79","0.0","Market Basket","12 oz","12 oz","2371.jpg","","8"
"9422","Frozen Food","Frozen Dinners & Entrees","Frozen Meal","Birds Eye","Birds Eye Veggie MadeÃ¢âÂ¢ Original Mashed Cauliflower","","Birds Eye Veggie MadeÃ¢âÂ¢ Original Mashed Cauliflower","3.69","0.0","Market Basket","12 oz","12 oz","2792.jpg","","19"
"161","Kitchen & Cleaning","Cleaning Products","Other Cleaning Products","Market Basket","Market Basket Lemon Furniture Polish","","Market Basket Lemon Furniture Polish","2.49","1.0","Market Basket","12.5 oz","12.5 oz","Market Basket.jpg","","15"
"6331","Beverages & Juices","Ginger Ale & Ginger Beer","Ginger Ale","Polar","Polar Diet Zero Sugar Ginger Ale Cans","","Polar Diet Zero Sugar Ginger Ale Cans","3.74","0.0","Market Basket","6 x 7.5 fl oz","6 x 7.5 fl oz","No Image.jpg","","17"
"4112","Meat & Seafood","Meat & Seafood Counter","Chicken","Market Basket","Market Basket Asian Sweet Chili Chicken Tips","","Market Basket Asian Sweet Chili Chicken Tips","6.6","0.0","Market Basket","Approx: 1.20 lb at $5.49/lb","Approx: 1.20 lb at $5.49/lb","Market Basket.jpg","","22"
"5192","Chips, Cookies & Snacks","Cookies & Crackers","Crackers","Market Basket","Market Basket Cracked Wheat Crackers","","Market Basket Cracked Wheat Crackers","3.13","0.0","Market Basket","10.6 oz","10.6 oz","Market Basket.jpg","","6"
"30813","Beverages & Juices","Juices & Refrigerated Drinks","Juice & Nectars","Caprisun ","Caprisun Mountain cooler","087684000946","Caprisun Mountain cooler","3.13","0.0","Market Basket","10 x 6 fl oz","10 x 6 fl oz","X3099.jpg","","10"
"31467","Breakfast & Dairy","Cereal","Cereal","General Mills","General Mills Cookie Krisp","016000151635","General Mills Cookie Krisp","3.75","0.0","Market Basket","10.6 oz","10.6 oz","X3444.jpg","","5"
"14679","Personal Care","Body Wash, Soap & Hair Care","Body Lotion","Aquaphor","Aquaphor Advanced Therapy Healing Ointment Skin Protectant","","Aquaphor Advanced Therapy Healing Ointment Skin Protectant","7.69","1.0","Market Basket","1.75 oz","1.75 oz","17751.jpg","","13"
"4014","Fresh Produce","Fresh Vegetables","Sweet Potato","Market Basket","Southern's Sweet Potatoes Bag","","Southern's Sweet Potatoes Bag","2.99","0.0","Market Basket","3 lb bag","3 lb bag","14326.jpg","","20"
"9326","Frozen Food","Frozen Breakfast","Frozen Breakfast","Van's Natural Foods","Van's Natural Foods Waffles, Gluten Free, Blueberry","","Van's Natural Foods Waffles, Gluten Free, Blueberry","3.09","0.0","Market Basket","6 count","6 count","15787.jpg","","19"
"31935","Meat & Seafood","Packaged Meat & Seafood","Sausage","Jimmy Dean ","Jimmy Dean Premium Pork Sausage Regular ","","Jimmy Dean Premium Pork Sausage Regular ","4.99","0.0","Market Basket","16 oz","16 oz","X4744.jpg","","1"
"33958","Breakfast & Dairy","Breads & Rolls","Bread","Pepperidge Farm","Pepperidge Farm Whole Grain 100% Whole Wheat Bread","014100085997","Pepperidge Farm Whole Grain 100% Whole Wheat Bread","5.36","0.0","Market Basket","24 oz","24 oz","X2525.jpg","","18"
"34428","Chips, Cookies & Snacks","Candy & Chocolates","Candy & Chocolate","Russell Stover ","Russell Stover Sugar Free Made With Stevia Extract Almond Crunchy Almond In Chocolate Candy ","","Russell Stover Sugar Free Made With Stevia Extract Almond Crunchy Almond In Chocolate Candy ","3.75","0.0","Market Basket","3 oz","3 oz","X750.jpg","","3"
"511","Laundry & Paper Goods","Laundry","Laundry Detergent","Dreft","Dreft Stage 2:active baby Laundry Detergent 32 Loads","","Dreft Stage 2:active baby Laundry Detergent 32 Loads","12.49","1.0","Market Basket","50 fl oz","50 fl oz","No Image.jpg","","15"
"9152","Frozen Food","Frozen Dinners & Entrees","Frozen Appetizers & Sides","Market Basket","Market Basket Shredded Hash Browns","","Market Basket Shredded Hash Browns","1.89","0.0","Market Basket","30 oz","30 oz","Market Basket.jpg","","18"
"34177","Meat & Seafood","Packaged Meat & Seafood","Burger","Pure Farmland ","Pure Farmland Plant Based Plant Based Burger Patties","","Pure Farmland Plant Based Plant Based Burger Patties","8.11","0.0","Market Basket","16 oz","16 oz","X4720.jpg","","1"
"353","Kitchen & Cleaning","Food Storage & Kitchen Supplies","Storage Containers","Market Basket","Market Basket Family Size Storage Containers","","Market Basket Family Size Storage Containers","3.69","1.0","Market Basket","2 count","2 count","Market Basket.jpg","","12"
"15105","Personal Care","Personal Needs","Facial Care","Garnier","Garnier SkinActive Refreshing Remover Cleansing Towelettes","","Garnier SkinActive Refreshing Remover Cleansing Towelettes","9.19","1.0","Market Basket","25 count","25 count","17689.jpg","","13"
"33860","Cooking Needs","Canned Food","Artichoke","Pastene","Pastene Imported Artichoke Bottoms ","066086120674","Pastene Imported Artichoke Bottoms ","3.13","0.0","Market Basket","12 oz","12 oz","X2279.jpg","","2"
"236","Kitchen & Cleaning","Dish Detergents","Dish Liquid","Dawn","Dawn Ultra Dishwashing Liquid Apple Blossom Scent","","Dawn Ultra Dishwashing Liquid Apple Blossom Scent","3.69","1.0","Market Basket","21.6 fl oz","21.6 fl oz","4365.jpg","","15"
"5361","Chips, Cookies & Snacks","Cookies & Crackers","Cookies & Cakes","Tate's Bake Shop","Tate's Bake Shop Walnut Chocolate Chip Cookies","","Tate's Bake Shop Walnut Chocolate Chip Cookies","6.23","0.0","Market Basket","7 oz","7 oz","No Image.jpg","","6"
"10482","Cooking Needs","Rice & Grains","Instant Rice","Goya","Goya Chicken Flavored Rice","","Goya Chicken Flavored Rice","2.49","0.0","Market Basket","8 oz","8 oz","5738.jpg","","7"
"9863","Frozen Food","Frozen Produce","Frozen Produce","Market Basket","Market Basket Italian Combo","","Market Basket Italian Combo","1.69","0.0","Market Basket","16 oz","16 oz","Market Basket.jpg","","19"
"9821","Frozen Food","Frozen Produce","Frozen Produce","Green Giant","Green Giant Rice Pilaf","","Green Giant Rice Pilaf","2.09","0.0","Market Basket","10 oz","10 oz","2453.jpg","","19"
"30298","Breakfast & Dairy","Cereal","Cereal","Barbaras","Barbaras Shredded Wheat Big Biscuit Cereal","070617344897","Barbaras Shredded Wheat Big Biscuit Cereal","4.99","0.0","Market Basket","15 oz","15 oz","X3650.jpg","","5"
"31989","Beverages & Juices","Juices & Refrigerated Drinks","Juice & Nectars","Juicy Juice","Juicy Juice Fruit Punch 100% Juice No Sugar Added","889497008207","Juicy Juice Fruit Punch 100% Juice No Sugar Added","3.74","0.0","Market Basket","64 fl oz","64 fl oz","X2867.jpg","","10"
"34113","Beverages & Juices","Energy & Sports Drinks","Energy & Sports Drinks","Powerade","Powerade Sports Drink Blue Raspberry Cherry","049000079494","Powerade Sports Drink Blue Raspberry Cherry","1.1","0.0","Market Basket","28 fl oz","28 fl oz","X2694.jpg","","10"
"3781","Fresh Produce","Fresh Organic Fruits","Lemon","Market Basket","Organic Lemons - 3 CT","","Organic Lemons - 3 CT","4.7","0.0","Market Basket","1 bag(s)","1 bag(s)","14265.jpg","","20"
"30232","Frozen Food","Frozen Fruit & Juice","Frozen Juice","Bacardi Mixers ","Bacardi Mixers Pina Colada ","02562100","Bacardi Mixers Pina Colada ","3.36","0.0","Market Basket","10 oz","10 oz","X5094.jpg","","19"
"34056","Chips, Cookies & Snacks","Chips & Fruit Snacks","Popcorn","Pop Secret ","Pop Secret Butter Natural Flavor","023896498508","Pop Secret Butter Natural Flavor","4.74","0.0","Market Basket","19.2 oz","19.2 oz","X4960.jpg","","19"
"32317","Breakfast & Dairy","Granola & Oats","Granola","Kind","Kind Oats & Honey Granola ","602652171864","Kind Oats & Honey Granola ","6.24","0.0","Market Basket","11 oz","11 oz","X3769.jpg","","5"
"9879","Frozen Food","Frozen Produce","Frozen Produce","Market Basket","Market Basket Quick And Steamy Green Peas","","Market Basket Quick And Steamy Green Peas","1.29","0.0","Market Basket","12 oz","12 oz","Market Basket.jpg","","19"
"13952","Breakfast & Dairy","Dairy & Eggs","Specialty Cheeses","Market Basket","Market Basket Double Cream Brie Cheese","","Market Basket Double Cream Brie Cheese","4.49","0.0","Market Basket","0.61 lb","0.61 lb","Market Basket.jpg","","1"
"31570","Frozen Food","Frozen Dinners & Entrees","Frozen Appetizers & Sides","Gorton's","Gorton's Natural Catch Grilled Salmon Classic Style","044400184007","Gorton's Natural Catch Grilled Salmon Classic Style","4.99","0.0","Market Basket","6.3 oz","6.3 oz","X4379.jpg","","18"
"34055","Chips, Cookies & Snacks","Chips & Fruit Snacks","Popcorn","Pop Secret ","Pop Secret Home Style Butter Natural Flavor","023896178646","Pop Secret Home Style Butter Natural Flavor","6.24","0.0","Market Basket","38 oz","38 oz","X4959.jpg","","19"
"31649","Beverages & Juices","Juices & Refrigerated Drinks","Juice & Nectars","Hawaiian Punch","Hawaiian Punch Polar Blast","014800646948","Hawaiian Punch Polar Blast","2.5","0.0","Market Basket","1 gal","1 gal","X3154.jpg","","10"
"33170","Cooking Needs","Oils & Vinegars","Oils & Vinegars","Market Basket ","Market Basket Product of italy Balsamic Vinegar of Modena ","","Market Basket Product of italy Balsamic Vinegar of Modena ","2.49","0.0","Market Basket","16.9 fl oz","16.9 fl oz","X1782.jpg","","2"
"33853","Pasta & Sauces","Raw Pasta","Raw Pasta","Pastene","Pastene Fusilli 28","066086070818","Pastene Fusilli 28","1.25","0.0","Market Basket","16 oz","16 oz","X1605.jpg","","4"
"31344","Beverages & Juices","Juices & Refrigerated Drinks","Refrigerated Drinks","Floridas Natural","Floridas Natural Lemonade with STRAWBERRY  Alex's Lemonade Stand","","Floridas Natural Lemonade with STRAWBERRY  Alex's Lemonade Stand","2.49","0.0","Market Basket","59 fl oz","59 fl oz","X274.jpg","","1"
"34865","Frozen Food","Frozen Breakfast","Frozen Burrito","Tina's","Tina's Bean and Cheese Burrito","079606010454","Tina's Bean and Cheese Burrito","0.5","0.0","Market Basket","4 oz","4 oz","X4826.jpg","","19"
"33365","Cooking Needs","Canned Food","Canned Fruit & Applesauce","Mott's ","Mott's Applesuace Apple ","","Mott's Applesuace Apple ","3.74","0.0","Market Basket","48 oz","48 oz","X627.jpg","","3"
"33367","Cooking Needs","Canned Food","Canned Fruit & Applesauce","Mott's ","Mott's Applesuace Cinnamon Naturally Flavored ","","Mott's Applesuace Cinnamon Naturally Flavored ","3.74","0.0","Market Basket","48 oz","48 oz","X629.jpg","","3"
"9095","Frozen Food","Frozen Dinners & Entrees","Frozen Appetizers & Sides","Applegate","Applegate Natural Chicken Nuggets","","Applegate Natural Chicken Nuggets","6.49","0.0","Market Basket","8 oz","8 oz","15809.jpg","","18"
"33393","Condiments & Dressings","Pickled Goods & Olives","Pickled Goods & Olives","Mt. Olive","Mt Olive Simply Refresh Select Ingredients Deli Style Dill Cucumber Vine","009300006354","Mt Olive Simply Refresh Select Ingredients Deli Style Dill Cucumber Vine","2.86","0.0","Market Basket","13 oz","13 oz","X2211.jpg","","2"
"6341","Beverages & Juices","Soft Drinks & Seltzers","Soft Drinks","Polar","Polar Diet Pink Grapefruit Dry Box of Cans","","Polar Diet Pink Grapefruit Dry Box of Cans","4.36","0.0","Market Basket","8 x 12 fl oz","8 x 12 fl oz","No Image.jpg","","11"
"12978","Breakfast & Dairy","Breads & Rolls","Tortillas & Flat Bread","Pepito","Pepito Corn Tortillas","","Pepito Corn Tortillas","1.49","0.0","Market Basket","22.5 oz","22.5 oz","4804.jpg","","7"
"34017","Frozen Food","Frozen Dinners & Entrees","Frozen Appetizers & Sides","Pierre Drive Thru","Pierre Drive Thru Cheeseburger","071421204445","Pierre Drive Thru Cheeseburger","2.11","0.0","Market Basket","4.6 oz","4.6 oz","X3989.jpg","","18"
"33295","Frozen Food","Frozen Dinners & Entrees","Frozen Appetizers & Sides","Michelina's","Michelina's Fettuccine Alfredo","717854105019","Michelina's Fettuccine Alfredo","1.25","0.0","Market Basket","8.5 oz","8.5 oz","X4119.jpg","","18"
"5447","Chips, Cookies & Snacks","Candy & Chocolates","Candy & Chocolate","Guittard","Guittard Choc au lait Chips","","Guittard Choc au lait Chips","3.09","0.0","Market Basket","12 oz","12 oz","14912.jpg","","3"
"33110","Richardson's Farm Ice Cream","Ice Cream Toppings","Ice Cream Toppings","Market Basket ","Market Basket ice Cream Toppers ","049705019900","Market Basket ice Cream Toppers ","2.86","0.0","Market Basket","12 oz","12 oz","X5144.jpg","","20"
"5877","Beverages & Juices","Cocoa & Drink Mixes","Cocoa & Drink Mixes","4C","4C Fruit Punch","","4C Fruit Punch","6.24","0.0","Market Basket","58 oz","58 oz","No Image.jpg","","17"
"4759","Meat & Seafood","Frozen Meat & Seafood","Frozen Salmon","Alaska Gold","Alaska Gold Coho Salmon Fillet","","Alaska Gold Coho Salmon Fillet","41.12","0.0","Market Basket","Approx: 4.20 lb at $9.79/lb","Approx: 4.20 lb at $9.79/lb","No Image.jpg","","18"
"5245","Chips, Cookies & Snacks","Chips & Fruit Snacks","Chips & Pretzels","LATE JULY","LATE JULY Sweet Potato Tortilla Chips Organic","","LATE JULY Sweet Potato Tortilla Chips Organic","4.67","0.0","Market Basket","6 oz","6 oz","No Image.jpg","","0"
"6925","Cooking Needs","Baking & Cooking","Baking Ingredients","Toll House","Toll House Real Semi Sweet Chocolate Morsels","","Toll House Real Semi Sweet Chocolate Morsels","3.69","0.0","Market Basket","12 oz","12 oz","2358.jpg","","8"
"35229","Cooking Needs","Rice & Grains","Instant Rice","Zatarains","Zatarains Spanish Rice Long grain rice with vegetable spices in Tomato Sauce","071429012271","Zatarains Spanish Rice Long grain rice with vegetable spices in Tomato Sauce","1.49","0.0","Market Basket","6.9 oz","6.9 oz","X1014.jpg","","4"
"7234","Cooking Needs","Spices & Seasonings","Spices & Seasonings","Litehouse","Litehouse Freeze Dried Chives","","Litehouse Freeze Dried Chives","4.09","0.0","Market Basket","0.25 oz","0.25 oz","2277.jpg","","9"
"34663","Frozen Food","Frozen Dinners & Entrees","Frozen Meal","Stouffer's ","Stouffer's Veggie Lovers Lasagna","013800103239","Stouffer's Veggie Lovers Lasagna","3.36","0.0","Market Basket","10 1/2 oz","10 1/2 oz","X4277.jpg","","18"
"13700","Breakfast & Dairy","Dairy & Eggs","Packaged Cheese","Kraft","Kraft Grated Cheese 100% Grated Parmesan Kraft 100% Grated Parmesan Cheese","","Kraft Grated Cheese 100% Grated Parmesan Kraft 100% Grated Parmesan Cheese","5.29","0.0","Market Basket","8 oz","8 oz","14620.jpg","","4"
"8990","Condiments & Dressings","Preserved Dips & Spreads","Spreads","Jif","Jif Peanut Butter, Whipped, Creamy","","Jif Peanut Butter, Whipped, Creamy","4.09","0.0","Market Basket","15 oz","15 oz","1650.jpg","","3"
"5194","Chips, Cookies & Snacks","Cookies & Crackers","Crackers","Market Basket","Market Basket Saltinas","","Market Basket Saltinas","3.13","0.0","Market Basket","16 oz","16 oz","Market Basket.jpg","","6"
"4794","Meat & Seafood","Frozen Meat & Seafood","Frozen Fish (All)","Market Basket","Market Basket Salmon","","Market Basket Salmon","14.69","0.0","Market Basket","33 oz","33 oz","Market Basket.jpg","","18"
"32988","Pasta & Sauces","Instant Pasta","Instant Pasta","Market Basket","Market Basket Spirals & Cheese made with real aged cheddar cheese -Cheddar","049705310434","Market Basket Spirals & Cheese made with real aged cheddar cheese -Cheddar","0.75","0.0","Market Basket","5.5 oz","5.5 oz","X1218.jpg","","4"
"6206","Beverages & Juices","Soft Drinks & Seltzers","Soft Drinks","Sprite","Sprite Lemon Lime Zero Sugar Soda","","Sprite Lemon Lime Zero Sugar Soda","1.24","0.0","Market Basket","2 L","2 L","16572.jpg","","17"
"3943","Fresh Produce","Fresh Vegetables","Potato","Market Basket","Red Potatoes","","Red Potatoes","4.39","0.0","Market Basket","5 lb","5 lb","f258.jpg","","20"
"6250","Beverages & Juices","Water","Water","Crystal Geyser","Crystal Geyser 100% Natural Alpine Spring Water","","Crystal Geyser 100% Natural Alpine Spring Water","2.5","0.0","Market Basket","8 x 8 fl oz","8 x 8 fl oz","16220.jpg","","11"
"14735","Personal Care","Body Wash, Soap & Hair Care","Hair Care","Garnier","Garnier Fructis StyleÂ® All Hair Types Super Stiff Gel","","Garnier Fructis StyleÂ® All Hair Types Super Stiff Gel","5.97","1.0","Market Basket","6.8 fl oz","6.8 fl oz","17843.jpg","","13"
"32341","Breakfast & Dairy","Dairy & Eggs","Yogurt","Kite hill","Kite hill Plant Based Artisans Strawberry Almond Milk Yogurt Diary-free","","Kite hill Plant Based Artisans Strawberry Almond Milk Yogurt Diary-free","2.5","0.0","Market Basket","5.3 oz","5.3 oz","X457.jpg","","1"
"10106","Frozen Food","Ice Cream & Ice","Ice Cream & Ice","Hood","Hood Mini Ice Cream Sandwiches 90 Calories","","Hood Mini Ice Cream Sandwiches 90 Calories","4.09","0.0","Market Basket","16 x 2 fl oz","16 x 2 fl oz","3093.jpg","","21"
"6503","Chips, Cookies & Snacks","Nuts, Seeds & Dried Fruit","Nuts, Seeds & Dried Fruit","Blue Diamond","Blue Diamond Roasted Salted Almonds","","Blue Diamond Roasted Salted Almonds","9.99","0.0","Market Basket","16 oz","16 oz","No Image.jpg","","6"
"10158","Frozen Food","Ice Cream & Ice","Ice Cream & Ice","Market Basket","Market Basket Cookies N Cream Ice Cream","","Market Basket Cookies N Cream Ice Cream","2.49","0.0","Market Basket","1.75 quart","1.75 quart","Market Basket.jpg","","21"
"34476","Frozen Food","Frozen Dinners & Entrees","Frozen Appetizers & Sides","SeaPak","SeaPak Popcorn Shrimp","041322108500","SeaPak Popcorn Shrimp","4.99","0.0","Market Basket","12 oz","12 oz","X4374.jpg","","18"
"35136","Condiments & Dressings","Salad Dressings & Toppings","Salad Dressing & Toppings","Wish Bone","Wish Bone Jalapeno Lime Vinaigratte Dressing ","041321007484","Wish Bone Jalapeno Lime Vinaigratte Dressing ","2.5","0.0","Market Basket","15 fl oz","15 fl oz","X907.jpg","","2"
"7513","Cooking Needs","Canned Food","Canned & Jarred Vegetables","Market Basket","Market Basket Canned Mixed Vegetables","","Market Basket Canned Mixed Vegetables","0.69","0.0","Market Basket","8.5 oz","8.5 oz","Market Basket.jpg","","9"
"8735","Condiments & Dressings","Preserved Dips & Spreads","Preserved Dips & Salsa","Goya","Goya Pico De Gallo Mild Salsa","","Goya Pico De Gallo Mild Salsa","3.29","0.0","Market Basket","17.6 oz","17.6 oz","2013.jpg","","7"
"3872","Fresh Produce","Fresh Vegetables","Lemon","Market Basket","Bag Mayer Lemons","","Bag Mayer Lemons","2.74","0.0","Market Basket","1 lb","1 lb","f214.jpg","","20"
"15269","Personal Care","Personal Needs","Shave Needs","Skintimate","Skintimate Skintimate Women's Moisturizing Shave Gel Dry Skin","","Skintimate Skintimate Women's Moisturizing Shave Gel Dry Skin","4.13","1.0","Market Basket","7 oz","7 oz","17722.jpg","","13"
"33165","Condiments & Dressings","Salad Dressings & Toppings","Salad Dressing & Toppings","Market Basket ","Market Basket Great as a Dip Chunky Blue Cheese Dessing","049705015667","Market Basket Great as a Dip Chunky Blue Cheese Dessing","2.24","0.0","Market Basket","16 fl oz","16 fl oz","X607.jpg","","2"
"5377","Chips, Cookies & Snacks","Cookies & Crackers","Crackers","Kinnikinnick","Kinnikinnick S'moreables Graham Style Crackers","","Kinnikinnick S'moreables Graham Style Crackers","6.23","0.0","Market Basket","8 oz","8 oz","No Image.jpg","","6"
"14687","Personal Care","Body Wash, Soap & Hair Care","Body Wash","Dial","Dial Body Wash Vitamin Boost Lotion Infused Moisturizing Body Wash","","Dial Body Wash Vitamin Boost Lotion Infused Moisturizing Body Wash","5.62","1.0","Market Basket","16 fl oz","16 fl oz","17755.jpg","","13"
"6890","Cooking Needs","Baking & Cooking","Baking Ingredients","Market Basket","Market Basket Shredded Coconut","","Market Basket Shredded Coconut","1.29","0.0","Market Basket","7 oz","7 oz","Market Basket.jpg","","8"
"10082","Frozen Food","Ice Cream & Ice","Ice Cream & Ice","Haagen-dazs","Haagen Dazs Vanilla Ice Cream","","Haagen Dazs Vanilla Ice Cream","7.39","0.0","Market Basket","28 fl oz","28 fl oz","3083.jpg","","21"
"3711","Fresh Produce","Fresh Fruits","Pineapple","Market Basket","Pineapple Spears","","Pineapple Spears","5.62","0.0","Market Basket","16 oz","16 oz","FP32.jpg","","20"
"7385","Cooking Needs","Spices & Seasonings","Spices & Seasonings","Spice Classics","Spice Classics Garlic Salt","","Spice Classics Garlic Salt","1.29","0.0","Market Basket","5.7 oz","5.7 oz","2262.jpg","","9"
"6833","Cooking Needs","Baking & Cooking","Baking Ingredients","Emeril's","Emeril's Original Canola Oil Cooking Spray","","Emeril's Original Canola Oil Cooking Spray","3.69","0.0","Market Basket","6 oz","6 oz","15678.jpg","","8"
"35173","Condiments & Dressings","Marinades, Ketchup & Sauces","Marinades & Meat Preparation","World Harbors ","World Harbors Aulthentic Flavors Jamaican Style Jerk Sauce & Marinade Sweet & Spicy Marinade Cooking Dipping ","715364100241","World Harbors Aulthentic Flavors Jamaican Style Jerk Sauce & Marinade Sweet & Spicy Marinade Cooking Dipping ","6.24","0.0","Market Basket","16 fl oz","16 fl oz","X2046.jpg","","2"
"6922","Cooking Needs","Baking & Cooking","Baking Ingredients","Toll House","Toll House Butterscotch Morsels","","Toll House Butterscotch Morsels","3.69","0.0","Market Basket","11 oz","11 oz","2356.jpg","","8"
"32985","Pasta & Sauces","Instant Pasta","Instant Pasta","Market Basket","Market Basket Macaroni & Cheese made with real aged cheddar cheese -Original Cheddar","049705032794","Market Basket Macaroni & Cheese made with real aged cheddar cheese -Original Cheddar","0.75","0.0","Market Basket","7.25 oz","7.25 oz","X1215.jpg","","4"
"15351","Personal Care","Vitamins & Proteins","Vitamins & Supplements","One A Day","One A Day Men's Multivitamin 50+ Healthy Advantage Tablets","","One A Day Men's Multivitamin 50+ Healthy Advantage Tablets","14.02","1.0","Market Basket","65 count","65 count","6700.jpg","","13"
"14885","Personal Care","Feminine Care","Menstrual Pads","Always","Always Ultra Thin Pads Overnight","","Always Ultra Thin Pads Overnight","4.93","1.0","Market Basket","14 count","14 count","6497.jpg","","13"
"9071","Condiments & Dressings","Preserved Dips & Spreads","Spreads","Teddie","Teddie Organic All Natural Peanut Butter Creamy","","Teddie Organic All Natural Peanut Butter Creamy","6.09","0.0","Market Basket","16 oz","16 oz","1671.jpg","","3"
"31574","Frozen Food","Frozen Dinners & Entrees","Frozen Appetizers & Sides","Gorton's","Gorton's Beer Batter Shrimp Crispy & Delicious","044400139205","Gorton's Beer Batter Shrimp Crispy & Delicious","6.24","0.0","Market Basket","9 oz","9 oz","X4383.jpg","","18"
"4338","Meat & Seafood","Meat & Seafood Counter","Salmon","Market Basket","Market Basket Fresh Salmon Steak","","Market Basket Fresh Salmon Steak","11.99","0.0","Market Basket","Approx: 1.01 lb at $11.9/lb","Approx: 1.01 lb at $11.9/lb","Market Basket.jpg","","22"
"15119","Personal Care","Personal Needs","Facial Care","Olivella","Olivella Facial Cleansing Tissues","","Olivella Facial Cleansing Tissues","10.57","1.0","Market Basket","30 count","30 count","No Image.jpg","","13"
"30404","Pasta & Sauces","Instant Pasta","Instant Pasta","Betty Crocker","Betty Crocker Suddenly Pasta Salad Ceasar Pasta, Red Peppers, Croutons and Seasoning","016000509504","Betty Crocker Suddenly Pasta Salad Ceasar Pasta, Red Peppers, Croutons and Seasoning","2.5","0.0","Market Basket","7.25 oz","7.25 oz","X1135.jpg","","4"
"34546","Frozen Food","Frozen Breakfast","Frozen Breakfast","Smucker's","Smucker's Uncrestables Peanut Butter & Grape Jelly Sandwich","051500048153","Smucker's Uncrestables Peanut Butter & Grape Jelly Sandwich","3.36","0.0","Market Basket","8 oz","8 oz","X4974.jpg","","19"
"35248","Richardson's Farm Ice Cream","Ice Cream","Chocolate","Richarson's Farm","Richarson's Farm Chocolate Chip Ice Cream 16% Butterfat","","Vanilla ice cream with dark chocolate chips","32.99","0.0","Richardson's Farm","3 Gal. Tub","3 Gal. Tub","RichardsonsFarm.jpg","",""
"10253","Frozen Food","Ice Cream & Ice","Ice Cream & Ice","Turkey Hill","Turkey Hill Original Recipe Premium Ice Cream Cookies 'n Cream","","Turkey Hill Original Recipe Premium Ice Cream Cookies 'n Cream","3.69","0.0","Market Basket","48 fl oz","48 fl oz","3125.jpg","","21"
"6334","Beverages & Juices","Soft Drinks & Seltzers","Seltzer","Polar","Polar Ruby Red Grapefruit Seltzer","","Polar Ruby Red Grapefruit Seltzer","1.24","0.0","Market Basket","2 L","2 L","No Image.jpg","","11"
"428","Kitchen & Cleaning","Trash Bags & Liners","Regular Trash Bags","Hefty","Hefty Storage Quart Slider Bags","","Hefty Storage Quart Slider Bags","3.69","1.0","Market Basket","40 count","40 count","4684.jpg","","12"
"13840","Breakfast & Dairy","Dairy & Eggs","Refrigerated Pudding & Desserts","Market Basket","Market Basket Fat Free Chocolate Pudding","","Market Basket Fat Free Chocolate Pudding","1.29","0.0","Market Basket","4 x 3.5 oz","4 x 3.5 oz","Market Basket.jpg","","19"
"7811","Cooking Needs","Canned Food","Canned Meals & Beans","Stewart's","Stewart's Shelled Beans","","Stewart's Shelled Beans","1.29","0.0","Market Basket","15.5 oz","15.5 oz","17126.jpg","","2"
"33790","Pasta & Sauces","Pasta Sauce","Pasta Sauce","Paesana","Paesana Pasta Sauce Sicilian Gravy Sicilian Style Pasta Sauce","076050170253","Paesana Pasta Sauce Sicilian Gravy Sicilian Style Pasta Sauce","4.99","0.0","Market Basket","25 oz","25 oz","X1530.jpg","","4"
"30513","Breakfast & Dairy","Granola & Oats","Oats","Bob's Red Mill","Bob's Red Mill Steel Cut Oats ","039978041401","Bob's Red Mill Steel Cut Oats ","3.74","0.0","Market Basket","24 oz","24 oz","X5221.jpg","","3"
"15219","Personal Care","Personal Needs","Oral Hygiene","Market Basket","Market Basket Angle Edge Toothbrush Soft","","Market Basket Angle Edge Toothbrush Soft","1.71","1.0","Market Basket","1 count","1 count","Market Basket.jpg","","13"
"10200","Frozen Food","Ice Cream & Ice","Ice Cream & Ice","Popsicle","Popsicle Ice Pops Disney Frozen Minis","","Popsicle Ice Pops Disney Frozen Minis","4.29","0.0","Market Basket","18 x 2 fl oz","18 x 2 fl oz","17984.jpg","","21"
"13653","Breakfast & Dairy","Dairy & Eggs","Packaged Cheese","California Olive Ranch Frigo Cheese Heads","California Olive Ranch Frigo Cheese Heads Light String Cheese","","California Olive Ranch Frigo Cheese Heads Light String Cheese","7.19","0.0","Market Basket","24 x 20 oz","24 x 20 oz","14606.jpg","","1"
"9861","Frozen Food","Frozen Produce","Frozen Produce","Market Basket","Market Basket Frozen Peaches","","Market Basket Frozen Peaches","3.19","0.0","Market Basket","16 oz","16 oz","Market Basket.jpg","","19"
"32652","Condiments & Dressings","Honey, Syrup & Nectars","Agave","Madhava","Madhava Organic Amber Agave","078314211757","Madhava Organic Amber Agave","4.99","0.0","Market Basket","11.75 oz","11.75 oz","X3173.jpg","","2"
"437","Kitchen & Cleaning","Trash Bags & Liners","Tall Trash Bags","Glad","Glad ForceFlex Drawstring Tall Kitchen Trash Bags, Unscented","","Glad ForceFlex Drawstring Tall Kitchen Trash Bags, Unscented","15.89","1.0","Market Basket","76 count","76 count","4678.jpg","","12"
"7658","Cooking Needs","Canned Food","Canned Fruit & Applesauce","Market Basket","Market Basket Unsweetened Vanilla Almond Milk","","Market Basket Unsweetened Vanilla Almond Milk","6.09","0.0","Market Basket","32 oz","32 oz","Market Basket.jpg","","3"
"13234","Breakfast & Dairy","Granola & Oats","Oats","Old Wessex Ltd","Old Wessex Ltd. All Natural Irish Style Oatmeal","","Old Wessex Ltd. All Natural Irish Style Oatmeal","3.69","0.0","Market Basket","18.5 oz","18.5 oz","17648.jpg","","5"
"6137","Beverages & Juices","Soft Drinks & Seltzers","Soft Drinks","Market Basket","Market Basket Root Beer","","Market Basket Root Beer","0.63","0.0","Market Basket","20 fl oz","20 fl oz","Market Basket.jpg","","17"
"9824","Frozen Food","Frozen Produce","Frozen Produce","Green Giant","Green Giant Steamers Broccoli & Cheese Sauce","","Green Giant Steamers Broccoli & Cheese Sauce","3.69","0.0","Market Basket","24 oz","24 oz","2442.jpg","","19"
"31892","Condiments & Dressings","Marinades, Ketchup & Sauces","Mustard Sauce","Inglehoffer","Inglehoffer Sweet Honey Mustard The Original ","071828011080","Inglehoffer Sweet Honey Mustard The Original ","4.99","0.0","Market Basket","9 oz","9 oz","X2161.jpg","","2"
"31333","Cooking Needs","Oils & Vinegars","Oils & Vinegars","Filippo Berio","Filippo Berio Since 1867 Extra Virgin Olive Oil For Dressing & Marinating  ","041736010116","Filippo Berio Since 1867 Extra Virgin Olive Oil For Dressing & Marinating  ","8.74","0.0","Market Basket","19.6 fl oz","19.6 fl oz","X1984.jpg","","2"
"6663","Beverages & Juices","Juices & Refrigerated Drinks","Refrigerated Drinks","Simply","Simply Lemonade All Natural Lemonade Juice Drink 11% Lemon Juice","","Simply Lemonade All Natural Lemonade Juice Drink 11% Lemon Juice","3.13","0.0","Market Basket","52 fl oz","52 fl oz","X765.jpg","","1"
"5947","Beverages & Juices","Cocoa & Drink Mixes","Cocoa & Drink Mixes","Finest Call","Finest Call Premium Mango Mix","","Finest Call Premium Mango Mix","4.99","0.0","Market Basket","33.8 fl oz","33.8 fl oz","No Image.jpg","","17"
"30440","Breakfast & Dairy","Dairy & Eggs","Yogurt","Blue Diamond ","Blue Diamond Almonds Almond Breeze Almondmilk Yogurt Alternative Vanilla With Honey Roasted Almond Slices & Granola ","","Blue Diamond Almonds Almond Breeze Almondmilk Yogurt Alternative Vanilla With Honey Roasted Almond Slices & Granola ","1.99","0.0","Market Basket","5.3 oz","5.3 oz","X52.jpg","","1"
"7765","Cooking Needs","Canned Food","Canned Meals & Beans","Goya","Goya Refried Pinto Beans Traditional","","Goya Refried Pinto Beans Traditional","1.69","0.0","Market Basket","16 oz","16 oz","5101.jpg","","7"
"3691","Fresh Produce","Fresh Fruits","Orange","Sunkist","Sunkist Cara Cara Oranges","","Sunkist Cara Cara Oranges","7.0","0.0","Market Basket","8 lb","8 lb","9.jpg","","20"
"8030","Cooking Needs","Canned Food","Soup, Broth & Bouillon","Knorr","Knorr Recipe Mix Vegetable","","Knorr Recipe Mix Vegetable","2.49","0.0","Market Basket","1.4 oz","1.4 oz","18094.jpg","","2"
"31897","Cooking Needs","Oils & Vinegars","Oils & Vinegars","International Collection","International Collection Virgin Flaxseed Oil ","072248292028","International Collection Virgin Flaxseed Oil ","8.74","0.0","Market Basket","8.45 fl oz","8.45 fl oz","X1959.jpg","","2"
"3523","Fresh Produce","Fresh Vegetables","Anise","Market Basket","Anise","","Anise","2.74","0.0","Market Basket","1 count","1 count","f145.jpg","","20"
"31512","Frozen Food","Frozen Pasta","Frozen Pasta","Giosanmi Rama ","Giosanmi Rama Organic 3 Cheese Ravioli  Frozen Pasta","","Giosanmi Rama Organic 3 Cheese Ravioli  Frozen Pasta","6.24","0.0","Market Basket","9 oz","9 oz","X4667.jpg","","1"
"5072","Chips, Cookies & Snacks","Cookies & Crackers","Cookies & Cakes","Market Basket","Market Basket Chocolate Cremes Sandwich Creme Cookies Extra Filled","","Market Basket Chocolate Cremes Sandwich Creme Cookies Extra Filled","3.13","0.0","Market Basket","15.35 oz","15.35 oz","Market Basket.jpg","","6"
"7180","Cooking Needs","Spices & Seasonings","Spices & Seasonings","Alma","Alma Sesame Seeds","","Alma Sesame Seeds","3.69","0.0","Market Basket","3.5 oz","3.5 oz","15639.jpg","","9"
"6410","Beverages & Juices","Water","Sparkling Water","Spindrift","Spindrift Sparkling Water Cucumber","","Spindrift Sparkling Water Cucumber","6.24","0.0","Market Basket","8 x 12 fl oz","8 x 12 fl oz","No Image.jpg","","11"
"34341","Frozen Food","Frozen Breakfast","Frozen Burrito","Red's","Red's Turkey Sausage, Egg and Three Cheese Burrito","850416002279","Red's Turkey Sausage, Egg and Three Cheese Burrito","2.08","0.0","Market Basket","5 oz","5 oz","X4819.jpg","","19"
"30188","Beverages & Juices","Tea, Coffee, Milk & Coconut Water","Tea","AriZona","AriZona Iced Tea with Lemon flavor","613008735135","AriZona Iced Tea with Lemon flavor","3.74","0.0","Market Basket","128 fl oz","128 fl oz","X3060.jpg","","10"
"31664","Frozen Food","Frozen Dinners & Entrees","Frozen Meal","Healthy Choice","Healthy Choice Chicken & Vegetable Stir Fry","072655001251","Healthy Choice Chicken & Vegetable Stir Fry","3.74","0.0","Market Basket","9.25 oz","9.25 oz","X4078.jpg","","18"
"9722","Frozen Food","Frozen Pizza","Frozen Pizza","Market Basket","Market Basket Thin & Crispy Pizza Crusts","","Market Basket Thin & Crispy Pizza Crusts","3.69","0.0","Market Basket","16 oz","16 oz","Market Basket.jpg","","19"
"7512","Cooking Needs","Canned Food","Canned & Jarred Vegetables","Market Basket","Market Basket Canned Mixed Vegetables","","Market Basket Canned Mixed Vegetables","0.99","0.0","Market Basket","15 oz","15 oz","Market Basket.jpg","","9"
"432","Kitchen & Cleaning","Trash Bags & Liners","Small Trash Bag","Hefty","Hefty Winter Prints Storage Slider Bags","","Hefty Winter Prints Storage Slider Bags","2.49","1.0","Market Basket","15 x 1 gal","15 x 1 gal","4412.jpg","","12"
"30025","Pasta & Sauces","Raw Pasta","Raw Pasta","Alessi","Alessi Organic Italian Pasta Mezzi Paccheri","071072001240","Alessi Organic Italian Pasta Mezzi Paccheri","4.11","0.0","Market Basket","16 oz","16 oz","X1561.jpg","","4"
"7004","Cooking Needs","Baking & Cooking","Doughs, Gelatins & Bake Mixes","Market Basket","Market Basket Sugar Cookie Dough","","Market Basket Sugar Cookie Dough","3.29","0.0","Market Basket","16 oz","16 oz","Market Basket.jpg","","8"
"35058","Condiments & Dressings","Pickled Goods & Olives","Pickles","Vlasic ","Vlasic Freach Packed Bread & Butter Chips Big Crunch ","054100000507","Vlasic Freach Packed Bread & Butter Chips Big Crunch ","2.5","0.0","Market Basket","24 fl oz","24 fl oz","X3289.jpg","","2"
"217","Kitchen & Cleaning","Cleaning Products","Toilet Cleaner","Clorox","Clorox Toilet Bowl Cleaner","","Clorox Toilet Bowl Cleaner","6.69","1.0","Market Basket","2 x 3.5 oz","2 x 3.5 oz","4265.jpg","","15"
"15055","Personal Care","Personal Needs","Deodorants","Speed Stick","Speed Stick by Mennen Regular Deodorant","","Speed Stick by Mennen Regular Deodorant","2.86","1.0","Market Basket","2 oz","2 oz","6311.jpg","","13"
"34152","Cooking Needs","Baking & Cooking","Pizza Sauce","Prego","Prego Pizza Sauce Pizzeria Style ","051000195326","Prego Pizza Sauce Pizzeria Style ","2.24","0.0","Market Basket","14 oz","14 oz","X1324.jpg","","4"
"31113","Breakfast & Dairy","Dairy & Eggs","Yogurt","Dannon","Dannon Light+Fit Greek Strawberry Cheesecake Vanilla Naturally & Artifically Flavored ","","Dannon Light+Fit Greek Strawberry Cheesecake Vanilla Naturally & Artifically Flavored ","1.25","0.0","Market Basket","5.3 oz","5.3 oz","X215.jpg","","1"
"34015","Condiments & Dressings","Marinades, Ketchup & Sauces","Sauces","Pickapeppa ","Pickapeppa Sauce Trade Mark ","07215551","Pickapeppa Sauce Trade Mark ","4.99","0.0","Market Basket","12 fl oz","12 fl oz","X2108.jpg","","2"
"15149","Personal Care","Personal Needs","Oral Hygiene","Aquafresh","Aquafresh Triple Protection Cavity Protection Fluoride Toothpaste Cool Mint","","Aquafresh Triple Protection Cavity Protection Fluoride Toothpaste Cool Mint","2.17","1.0","Market Basket","6.4 oz","6.4 oz","6452.jpg","","13"
"3837","Fresh Produce","Fresh Organic Vegetables","Shallots","Auerpak","Auerpak Organic Shallots","","Auerpak Organic Shallots","2.86","0.0","Market Basket","3 oz","3 oz","32.jpg","","20"
"9893","Frozen Food","Frozen Produce","Frozen Produce","Market Basket","Market Basket Whole Okra","","Market Basket Whole Okra","1.59","0.0","Market Basket","16 oz","16 oz","Market Basket.jpg","","19"
"30003","Condiments & Dressings","Marinades, Ketchup & Sauces","Sauce","A Taste Of Thai ","A Test Of Thai Sweet Chili Sauce ","070650800367","A Test Of Thai Sweet Chili Sauce ","3.13","0.0","Market Basket","7 fl oz","7 fl oz","X5383.jpg","","3"
"7984","Cooking Needs","Canned Food","Soup, Broth & Bouillon","Campbell's","Campbell's Soup on the Go Creamy Tomato Soup","","Campbell's Soup on the Go Creamy Tomato Soup","2.09","0.0","Market Basket","11.1 oz","11.1 oz","5373.jpg","","9"
"30902","Breakfast & Dairy","Dairy & Eggs","Yogurt","Chobani","Chobani Peach Greek Yogurt With Brown Sugar Oatmeal ","","Chobani Peach Greek Yogurt With Brown Sugar Oatmeal ","1.25","0.0","Market Basket","5.3 oz","5.3 oz","X109.jpg","","1"
"32552","Condiments & Dressings","Pickled Goods & Olives","Pickled Goods & Olives","Levant ","Levant Mediterranean Delicacies Lupini Beans ","859215006051","Levant Mediterranean Delicacies Lupini Beans ","3.74","0.0","Market Basket","21.16 oz","21.16 oz","X2292.jpg","","2"
"31800","Pasta & Sauces","Instant Pasta","Instant Pasta","Hormel","Hormel Dinty Moore Beef Stew made with fresh potatoes & carrots","037600070607","Hormel Dinty Moore Beef Stew made with fresh potatoes & carrots","2.5","0.0","Market Basket","9 oz","9 oz","X1240.jpg","","4"
"32355","Cooking Needs","Rice & Grains","Rice/Pasta Sides","Knorr","Knorr Pasta Sides Chicken Flavour Broccoli","041000022975","Knorr Pasta Sides Chicken Flavour Broccoli","1.25","0.0","Market Basket","4.2 oz","4.2 oz","X1163.jpg","","4"
"6953","Cooking Needs","Baking & Cooking","Doughs, Gelatins & Bake Mixes","Duncan Hines","Duncan Hines Classic White Cake Mix","","Duncan Hines Classic White Cake Mix","1.89","0.0","Market Basket","15.25 oz","15.25 oz","2093.jpg","","8"
"4566","Meat & Seafood","Lunch Meat","Pepperoni","Market Basket","Market Basket Thin Sliced Pepperoni","","Market Basket Thin Sliced Pepperoni","2.98","0.0","Market Basket","Approx: 0.49 lb at $6.09/lb","Approx: 0.49 lb at $6.09/lb","5399.jpg","","22"
"4056","Meat & Seafood","Meat & Seafood Counter","Beef","Market Basket","90% Ground Beef","","90% Ground Beef","6.49","0.0","Market Basket","1 lb","1 lb","16665.jpg","","22"
"6880","Cooking Needs","Baking & Cooking","Baking Ingredients","Market Basket","Market Basket Dark Brown Sugar","","Market Basket Dark Brown Sugar","1.89","0.0","Market Basket","32 oz","32 oz","Market Basket.jpg","","8"
"3457","Fresh Produce","Fresh Fruits","Mango","Market Basket","Ataulfo Mangoes","","Ataulfo Mangoes","2.19","0.0","Market Basket","1 each","1 each","f36.jpg","","20"
"32268","Condiments & Dressings","Salad Dressings & Toppings","Salad Dressing & Toppings","Ken's Steak House","Ken's Seak House Lite Creamy French Dressing ","041335000655","Ken's Seak House Lite Creamy French Dressing ","3.49","0.0","Market Basket","16 fl oz","16 fl oz","X436.jpg","","2"
"3834","Fresh Produce","Fresh Organic Vegetables","Pepper","Market Basket","Organic Mini Sweet Peppers","","Organic Mini Sweet Peppers","6.99","0.0","Market Basket","1 oz","1 oz","14445.jpg","","20"
"13953","Breakfast & Dairy","Dairy & Eggs","Specialty Cheeses","Market Basket","Market Basket Fancy Blend Cheese","","Market Basket Fancy Blend Cheese","2.39","0.0","Market Basket","8 oz","8 oz","Market Basket.jpg","","1"
"31209","Chips, Cookies & Snacks","Candy & Chocolates","Candy & Chocolate","Dum.Dums","Dum.Dums Original pops ","","Dum.Dums Original pops ","3.11","0.0","Market Basket","10.4 oz","10.4 oz","X238.jpg","","3"
"34162","Pasta & Sauces","Raw Pasta","Raw Pasta","Prince","Prince Pasta Penne Rigate","041129020364","Prince Pasta Penne Rigate","1.56","0.0","Market Basket","16 oz","16 oz","X1652.jpg","","4"
"8546","Cooking Needs","Oils & Vinegars","Oils & Vinegars","Marukan","Marukan Rice Vinegar","","Marukan Rice Vinegar","3.69","0.0","Market Basket","12 oz","12 oz","15495.jpg","","2"
"7369","Cooking Needs","Spices & Seasonings","Spices & Seasonings","Old Bay","Old Bay 30% Less Sodium Seasoning","","Old Bay 30% Less Sodium Seasoning","3.09","0.0","Market Basket","2.62 oz","2.62 oz","15633.jpg","","9"
"4050","Meat & Seafood","Meat & Seafood Counter","Beef","Certified Angus Beef","Certified Angus Beef First Cut Top Steak","","Certified Angus Beef First Cut Top Steak","4.89","0.0","Market Basket","1 lb","1 lb","No Image.jpg","","22"
"31358","Pasta & Sauces","Gluten Free Pasta","Pasta Sauce","Francesco Rinaldi","Francesco Rinaldi Pasta Sauce Original Recipe Gluten Free","077644301329","Francesco Rinaldi Pasta Sauce Original Recipe Gluten Free","2.11","0.0","Market Basket","24 oz","24 oz","X1479.jpg","","4"
"30015","Breakfast & Dairy","Dairy & Eggs","Yogurt","Activia ","Activia 6 Black Cherry & 6 Peach Lowfat Yogurt 1.5% Milkfat . Vitamin D ","","Activia 6 Black Cherry & 6 Peach Lowfat Yogurt 1.5% Milkfat . Vitamin D ","7.48","0.0","Market Basket","12 x 4 oz","12 x 4 oz","X12.jpg","","1"
"31094","Breakfast & Dairy","Dairy & Eggs","Yogurt","Dannon","Dannon Light & Fit Original Strawberry cheesecake Naturally & Artifically Flavored 4 Pack ","","Dannon Light & Fit Original Strawberry cheesecake Naturally & Artifically Flavored 4 Pack ","2.11","0.0","Market Basket","4 x 5.3 oz","4 x 5.3 oz","X196.jpg","","1"
"4513","Meat & Seafood","Lunch Meat","Ham","Market Basket","Black Forest Ham","","Black Forest Ham","7.39","0.0","Market Basket","1 lb","1 lb","17272.jpg","","22"
"34783","Frozen Food","Frozen Dinners & Entrees","Frozen Appetizers & Sides","TAI & PEI","TAI & PEI Pork Potstickers","070077001613","TAI & PEI Pork Potstickers","2.99","0.0","Market Basket","7.9 oz","7.9 oz","X3983.jpg","","18"
"611","Laundry & Paper Goods","Paper Goods","Paper Towels","Market Basket","Market Basket Premium 2 Ply Paper Towels","","Market Basket Premium 2 Ply Paper Towels","18.74","1.0","Market Basket","12 count","12 count","Market Basket.jpg","","14"
"32039","Breakfast & Dairy","Cereal","Cereal","Kashi","Kashi Go Crush Peanut Butter Crunch","018627101390","Kashi Go Crush Peanut Butter Crunch","3.75","0.0","Market Basket","13.2 oz","13.2 oz","X3713.jpg","","5"
"30977","Breakfast & Dairy","Bars & Pastries","Brownies","Clif","Bar Clif Chocolate Brownie ","722252660060","Bar Clif Chocolate Brownie ","8.11","0.0","Market Basket","14.40 oz","14.40 oz","X3902.jpg","","5"
"5105","Chips, Cookies & Snacks","Cookies & Crackers","Cookies & Cakes","Oreo","Oreo Nabisco Sandwich Cookies Thins","","Oreo Nabisco Sandwich Cookies Thins","5.47","0.0","Market Basket","13.1 oz","13.1 oz","1113.jpg","","6"
"7985","Cooking Needs","Canned Food","Soup, Broth & Bouillon","Campbell's","Campbell's Tomato Family Size Condensed Soup","","Campbell's Tomato Family Size Condensed Soup","2.79","0.0","Market Basket","26 oz","26 oz","17191.jpg","","2"
"6190","Beverages & Juices","Ginger Ale & Ginger Beer","Ginger Ale","Schweppes","Schweppes Diet Ginger Ale Can","","Schweppes Diet Ginger Ale Can","4.38","0.0","Market Basket","6 x 7.5 fl oz","6 x 7.5 fl oz","No Image.jpg","","17"
"30270","Frozen Food","Frozen Dinners & Entrees","Frozen Meal","Banquet","Banquet Mega Bowls, Chicken Jalapeno Mac 'N Cheese","031000809485","Banquet Mega Bowls, Chicken Jalapeno Mac 'N Cheese","3.13","0.0","Market Basket","14 oz","14 oz","X4034.jpg","","18"
"33128","Condiments & Dressings","Marinades, Ketchup & Sauces","Mustard Sauce","Market Basket ","Market Basket Spicy Brown Mustard ","049705020661","Market Basket Spicy Brown Mustard ","3.13","0.0","Market Basket","6.5 oz","6.5 oz","X2187.jpg","","2"
"33364","Cooking Needs","Canned Food","Canned Fruit & Applesauce","Mott's ","Mott's No Sugar Added Applesuce Apple ","","Mott's No Sugar Added Applesuce Apple ","2.86","0.0","Market Basket","24 oz","24 oz","X626.jpg","","3"
"5372","Chips, Cookies & Snacks","Cookies & Crackers","Cookies & Cakes","Enjoy Life","Enjoy Life Soft Baked Cookies Chocolate Chip","","Enjoy Life Soft Baked Cookies Chocolate Chip","6.23","0.0","Market Basket","6 oz","6 oz","No Image.jpg","","6"
"7901","Cooking Needs","Canned Food","Canned Meat & Seafood","Swanson","Swanson Premium White Chunk Chicken Breast","","Swanson Premium White Chunk Chicken Breast","2.09","0.0","Market Basket","4.5 oz","4.5 oz","17151.jpg","","2"
"30375","Frozen Food","Frozen Dinners & Entrees","Frozen Meal","Bertolli","Bertolli Chicken Alfredo & Penne","031000671013","Bertolli Chicken Alfredo & Penne","8.11","0.0","Market Basket","22 oz","22 oz","X3973.jpg","","18"
"14954","Personal Care","First Aid & Healthcare","First Aid","Band Aid Brand","Band Aid Brand Flexible Fabric Adhesive Bandages, Assorted Sizes","","Band Aid Brand Flexible Fabric Adhesive Bandages, Assorted Sizes","4.7","1.0","Market Basket","30 count","30 count","6528.jpg","","13"
"9219","Frozen Food","Frozen Dinners & Entrees","Frozen Appetizers & Sides","NewYork Bakery","New York Bakery Garlic Knots with Real Garlic","","New York Bakery Garlic Knots with Real Garlic","2.69","0.0","Market Basket","6 count","6 count","2621.jpg","","18"
"31217","Cooking Needs","Canned Food","Baked Beans","Eden","Eden Orgaic Baked Beans With SWeet Sorghum ","","Eden Orgaic Baked Beans With SWeet Sorghum ","3.99","0.0","Market Basket","15 oz","15 oz","X1809.jpg","","2"
"13830","Breakfast & Dairy","Dairy & Eggs","Refrigerated Pudding & Desserts","Jell-O","Jell O Ready to Eat Strawberry Gelatin","","Jell O Ready to Eat Strawberry Gelatin","2.59","0.0","Market Basket","3.375 oz","3.375 oz","789.jpg","","19"
"32220","Personal Care","Vitamins & Proteins","Protien Drinks","Kellogg's ","Kellogg's Special K Protien Shake French Vanilla","038000432576","Kellogg's Special K Protien Shake French Vanilla","7.49","0.0","Market Basket","4 x 10 fl oz ","4 x 10 fl oz ","X3480.jpg","","5"
"251","Kitchen & Cleaning","Dish Detergents","Dish Liquid","Seventh Generation","Seventh Generation Dish Liquid Soap Clementine Zest & Lemongrass","","Seventh Generation Dish Liquid Soap Clementine Zest & Lemongrass","3.69","1.0","Market Basket","25 oz","25 oz","18061.jpg","","15"
"13853","Breakfast & Dairy","Dairy & Eggs","Refrigerated Pudding & Desserts","Snack Pack","Snack Pack Pudding Triples Chocolate Vanilla","","Snack Pack Pudding Triples Chocolate Vanilla","1.49","0.0","Market Basket","3.25 oz","3.25 oz","808.jpg","","19"
"5709","Breakfast & Dairy","Bars & Pastries","Protien Bars","Balance Bar","Balance Bar Original Nutrition Bar Cookie Dough","","Balance Bar Original Nutrition Bar Cookie Dough","1.29","0.0","Market Basket","1.76 oz","1.76 oz","15209.jpg","","3"
"15288","Personal Care","Vitamins & Proteins","Protien Drinks","Ensure","Ensure Nutrition Shake","","Ensure Nutrition Shake","14.02","1.0","Market Basket","6 x 8 fl oz","6 x 8 fl oz","6720.jpg","","13"
"6246","Beverages & Juices","Ginger Ale & Ginger Beer","Ginger Ale","Canada Dry","Canada Dry Ginger Ale","","Canada Dry Ginger Ale","1.24","0.0","Market Basket","1 L","1 L","No Image.jpg","","11"
"14820","Personal Care","Body Wash, Soap & Hair Care","Hair Care","White Rain","White Rain Lavender Escape Moisturizing Shampoo","","White Rain Lavender Escape Moisturizing Shampoo","1.48","1.0","Market Basket","15 fl oz","15 fl oz","6603.jpg","","13"
"3832","Fresh Produce","Fresh Organic Vegetables","Onion","Market Basket","Organic Onion","","Organic Onion","4.24","0.0","Market Basket","32 oz","32 oz","14438.jpg","","20"
"9356","Frozen Food","Frozen Dessert","Frozen Dessert","Pepperidge Farm","Pepperidge Farm Frozen Apple Turnovers Pastries","","Pepperidge Farm Frozen Apple Turnovers Pastries","3.59","0.0","Market Basket","4 x 12.5 oz","4 x 12.5 oz","2962.jpg","","19"
"4741","Meat & Seafood","Frozen Meat & Seafood","Chicken Products","Perdue","Perdue Sweet Chili Glazed Chicken Chunks","","Perdue Sweet Chili Glazed Chicken Chunks","6.09","0.0","Market Basket","26 lb","26 lb","2893.jpg","","22"
"7698","Cooking Needs","Canned Food","Canned Meals & Beans","Bush's Best","Bush's Best Bushs Best Beans, Pinto, Can","","Bush's Best Bushs Best Beans, Pinto, Can","1.29","0.0","Market Basket","16 oz","16 oz","5139.jpg","","9"
"4820","Chips, Cookies & Snacks","Chips & Fruit Snacks","Chips & Pretzels","Cape Cod","Cape Cod Kettle Cooked Potato Chips Sweet Mesquite Barbeque","","Cape Cod Kettle Cooked Potato Chips Sweet Mesquite Barbeque","5.92","0.0","Market Basket","8 oz","8 oz","924.jpg","","0"
"5604","Chips, Cookies & Snacks","Candy & Chocolates","Candy & Chocolate","Whoopers","Whoppers Malted Milk Balls","","Whoppers Malted Milk Balls","1.29","0.0","Market Basket","5 oz","5 oz","14972.jpg","","3"
"6320","Beverages & Juices","Soft Drinks & Seltzers","Seltzer","Polar","Polar Seltzer Unicorn Kisses","","Polar Seltzer Unicorn Kisses","3.74","0.0","Market Basket","6 x 8 fl oz","6 x 8 fl oz","No Image.jpg","","11"
"31470","Breakfast & Dairy","Cereal","Cereal","General Mills","General Milla Reese's Puff Family Size ","016000127258","General Milla Reese's Puff Family Size ","4.99","0.0","Market Basket","20.7 oz","20.7 oz","X3447.jpg","","5"
"14693","Personal Care","Body Wash, Soap & Hair Care","Body Wash","Irish Spring","Irish Spring Body Wash Deep Action Scrub","","Irish Spring Body Wash Deep Action Scrub","6.31","1.0","Market Basket","18 fl oz","18 fl oz","6361.jpg","","13"
"31444","Breakfast & Dairy","Cereal","Cereal","General Mills","General Mills Total ","016000275638","General Mills Total ","4.99","0.0","Market Basket","16 oz","16 oz","X3421.jpg","","5"
"4963","Chips, Cookies & Snacks","Chips & Fruit Snacks","Chips & Pretzels","Sun Chips","Sun Chips 100% Whole Grain Original French Onion","","Sun Chips 100% Whole Grain Original French Onion","5.14","0.0","Market Basket","7 oz","7 oz","No Image.jpg","","0"
"10050","Frozen Food","Ice Cream & Ice","Ice Cream & Ice","Friendly's","Friendly's Premium Ice Cream Vanilla Bean","","Friendly's Premium Ice Cream Vanilla Bean","3.29","0.0","Market Basket","1.5 quart","1.5 quart","3065.jpg","","21"
"31743","Beverages & Juices","Energy & Sports Drinks","Energy & Sports Drinks","Hint","Hint Pineapple","184739001276","Hint Pineapple","1.56","0.0","Market Basket","16 fl oz","16 fl oz","X2748.jpg","","10"
"34730","Breakfast & Dairy","Bars & Pastries","Granola Bars","Sunbelt Bakery ","Sunbelt Bakery Oats & Honey Granola Bars","024300031076","Sunbelt Bakery Oats & Honey Granola Bars","3.13","0.0","Market Basket","9.50 oz","9.50 oz","X3790.jpg","","5"
"30374","Frozen Food","Frozen Dinners & Entrees","Frozen Meal","Bertolli","Bertolli Fettuccine Alfredo","031000671310","Bertolli Fettuccine Alfredo","8.11","0.0","Market Basket","18 oz","18 oz","X3972.jpg","","18"
"4054","Meat & Seafood","Meat & Seafood Counter","Beef","Extra","93% Lean 7% Fat Extra Lean Beef Patties","","93% Lean 7% Fat Extra Lean Beef Patties","6.39","0.0","Market Basket","1 lb","1 lb","No Image.jpg","","22"
"3737","Fresh Produce","Fresh Herbs","Basil","Infinite Herbs","Infinite Herbs Fresh Basil","","Infinite Herbs Fresh Basil","4.24","0.0","Market Basket","1 oz","1 oz","91.jpg","","20"
"32120","Breakfast & Dairy","Cereal","Cereal","Kellogg's ","Kellogg's Krave Double Chocolate","038000199288","Kellogg's Krave Double Chocolate","3.75","0.0","Market Basket","11 oz","11 oz","X3369.jpg","","5"
"14542","Breakfast & Dairy","Tea & Coffee","Tea","Bigelow ","Bigelow With Mint","","Bigelow With Mint","2.49","0.0","Market Basket","20 count","20 count","3417.jpg","","8"
"33249","Pasta & Sauces","Pasta Sauce","Pasta Sauce","Mezzetta","Mezzetta Pasta Sauce Calabrian Chili Spicy Marinara","073214002900","Mezzetta Pasta Sauce Calabrian Chili Spicy Marinara","4.49","0.0","Market Basket","16.25 oz","16.25 oz","X1424.jpg","","4"
"7572","Cooking Needs","Canned Food","Canned & Jarred Vegetables","Pastene","Pastene Imported Artichoke Bottoms","","Pastene Imported Artichoke Bottoms","3.69","0.0","Market Basket","14 oz","14 oz","4984.jpg","","9"
"15295","Personal Care","Vitamins & Proteins","Protien Drinks","Glucerna","Glucerna Diabetes Nutritional Shake","","Glucerna Diabetes Nutritional Shake","14.02","1.0","Market Basket","6 x 8 fl oz","6 x 8 fl oz","6743.jpg","","13"
"8407","Condiments & Dressings","Marinades, Ketchup & Sauces","Marinades & Meat Preparation","Gravy Masters","Gravy Masters Gravy Master Browning and Seasoning Sauce","","Gravy Masters Gravy Master Browning and Seasoning Sauce","3.69","0.0","Market Basket","5 fl oz","5 fl oz","15572.jpg","","9"
"4045","Meat & Seafood","Meat & Seafood Counter","Beef","Angus Beef","Angus Beef Boneless Chuck Eye Steak","","Angus Beef Boneless Chuck Eye Steak","6.49","0.0","Market Basket","1 lb","1 lb","No Image.jpg","","22"
"14157","Breakfast & Dairy","Dairy & Eggs","Yogurt","Lifeway","Lifeway Raspberry Cultured Lowfat Milk","","Lifeway Raspberry Cultured Lowfat Milk","3.69","0.0","Market Basket","32 fl oz","32 fl oz","14711.jpg","","1"
"33506","Breakfast & Dairy","Bars & Pastries","Pastries","Nature's Path","Nature's Path Frosted MMMaple Brown Sugar","058449410164","Nature's Path Frosted MMMaple Brown Sugar","4.36","0.0","Market Basket","11 oz","11 oz","X3514.jpg","","5"
"15147","Personal Care","Personal Needs","Oral Hygiene","Aquafresh","Aquafresh Toothpaste","","Aquafresh Toothpaste","3.21","1.0","Market Basket","5.6 oz","5.6 oz","6451.jpg","","13"
"32023","Breakfast & Dairy","Bars & Pastries","Breakfast Bars","Kashi","Kashi Mixed Berry Soft Baked Breakfast Bars","018627394259","Kashi Mixed Berry Soft Baked Breakfast Bars","3.75","0.0","Market Basket","6 x 1.2 oz","6 x 1.2 oz","X3925.jpg","","5"
"454","Kitchen & Cleaning","Trash Bags & Liners","Tall Trash Bags","Market Basket","Market Basket Grip N Tie Tall Kitchen Bags","","Market Basket Grip N Tie Tall Kitchen Bags","10.39","1.0","Market Basket","80 count","80 count","Market Basket.jpg","","12"
"8001","Cooking Needs","Canned Food","Soup, Broth & Bouillon","Goya","Goya Bouillon, Chicken Flavored","","Goya Bouillon, Chicken Flavored","1.29","0.0","Market Basket","2.82 oz","2.82 oz","17182.jpg","","7"
"6286","Beverages & Juices","Water","Sparkling Water","Market Basket","Market Basket Sparkling Natural Mineral Water","","Market Basket Sparkling Natural Mineral Water","7.49","0.0","Market Basket","6 x 33.8 fl oz","6 x 33.8 fl oz","Market Basket.jpg","","11"
"31748","Cooking Needs","Oils & Vinegars","Cooking Wine","Holland House ","Holland House Marsala cooking Wine","","Holland House Marsala cooking Wine","3.0","0.0","Market Basket","16 oz","16 oz","X1771.jpg","","2"
"33450","Breakfast & Dairy","Bars & Pastries","Biscuits","Nature Valley","Nature Valley Biscuits with Peanut Butter","016000466791","Nature Valley Biscuits with Peanut Butter","3.75","0.0","Market Basket","5 x 1.35 oz","5 x 1.35 oz","X3832.jpg","","5"
"30253","Frozen Food","Frozen Dinners & Entrees","Frozen Meal","Banquet","Banquet Mega Meals, Boneless Fried Chicken","031000007201","Banquet Mega Meals, Boneless Fried Chicken","3.74","0.0","Market Basket","12 oz","12 oz","X4016.jpg","","18"
"30700","Meat & Seafood","Packaged Meat & Seafood","Turkey","Buddig","Buddig Smoked Chopped ,Pressed Turkey ","","Buddig Smoked Chopped ,Pressed Turkey ","0.8","0.0","Market Basket","2 oz","2 oz","X4508.jpg","","1"
"6482","Chips, Cookies & Snacks","Nuts, Seeds & Dried Fruit","Nuts, Seeds & Dried Fruit","River Queen","River Queen Salted Peanuts","","River Queen Salted Peanuts","2.5","0.0","Market Basket","13 oz","13 oz","No Image.jpg","","6"
"9324","Frozen Food","Frozen Breakfast","Frozen Breakfast","Van's Natural Foods","Van's Gluten Free Pancakes","","Van's Gluten Free Pancakes","2.49","0.0","Market Basket","12.4 oz","12.4 oz","15796.jpg","","19"
"5314","Chips, Cookies & Snacks","Cookies & Crackers","Cookies & Cakes","Oreo","Mint Creme Oreo Family Size","","Mint Creme Oreo Family Size","5.47","0.0","Market Basket","566 g","566 g","No Image.jpg","","6"
"7354","Cooking Needs","Spices & Seasonings","Spices & Seasonings","McCormick","McCormick Turkey Gravy Mix","","McCormick Turkey Gravy Mix","0.89","0.0","Market Basket","0.87 oz","0.87 oz","2134.jpg","","9"
"13608","Breakfast & Dairy","Dairy & Eggs","Other Creams & Cheeses","Sargento","Sargento Balanced Breaks, Natural White Cheddar Cheese, Sea Salted Roasted Almonds and Dried Cranberries, One.Five oz., Three Pack","","Sargento Balanced Breaks, Natural White Cheddar Cheese, Sea Salted Roasted Almonds and Dried Cranberries, One.Five oz., Three Pack","3.69","0.0","Market Basket","3 x 1.5 oz","3 x 1.5 oz","704.jpg","","1"
"6927","Cooking Needs","Baking & Cooking","Baking Ingredients","Toll House","Toll House Semi Sweet Chocolate Mini Morsels","","Toll House Semi Sweet Chocolate Mini Morsels","3.69","0.0","Market Basket","12 oz","12 oz","2355.jpg","","8"
"4301","Meat & Seafood","Meat & Seafood Counter","Other Seafood","Market Basket","Market Basket Fish Heads","","Market Basket Fish Heads","3.34","0.0","Market Basket","Approx: 1.34 lb at $2.49/lb","Approx: 1.34 lb at $2.49/lb","Market Basket.jpg","","22"
"6278","Beverages & Juices","Water","Water","Glaceau","Glaceau Smart Water Alkaline","","Glaceau Smart Water Alkaline","2.49","0.0","Market Basket","50.7 fl oz","50.7 fl oz","No Image.jpg","","11"
"15246","Personal Care","Personal Needs","Oral Hygiene","Oral-B","Oral-B Manual Indicator Contour Clean Toothbrush, Soft","","Oral-B Manual Indicator Contour Clean Toothbrush, Soft","2.86","1.0","Market Basket","1 count","1 count","18147.jpg","","13"
"15157","Personal Care","Personal Needs","Oral Hygiene","Arm & Hammer","Arm & Hammer Truly Radiant Rejuvenating Crisp Mint Twist Fluoride Anticavity","","Arm & Hammer Truly Radiant Rejuvenating Crisp Mint Twist Fluoride Anticavity","5.62","1.0","Market Basket","4.3 oz","4.3 oz","6440.jpg","","13"
"6558","Chips, Cookies & Snacks","Chips & Fruit Snacks","Rice Cake","Suzie's","Suzie's Thin Puffed Cakes Quinoa & Flax","","Suzie's Thin Puffed Cakes Quinoa & Flax","3.13","0.0","Market Basket","4.6 oz","4.6 oz","No Image.jpg","","19"
"30734","Cooking Needs","Canned Food","Baked Beans","Bush's","Bush's Best Since 1908 Original Brown Sugar Hickory Baked Beans","","Bush's Best Since 1908 Original Brown Sugar Hickory Baked Beans","2.88","0.0","Market Basket","16 oz","16 oz","X1829.jpg","","2"
"9210","Frozen Food","Frozen Dinners & Entrees","Frozen Appetizers & Sides","Tyson","Tyson Buffalo Boneless Chicken Bites, Frozen","","Tyson Buffalo Boneless Chicken Bites, Frozen","8.59","0.0","Market Basket","25.5 oz","25.5 oz","2603.jpg","","22"
"32128","Breakfast & Dairy","Cereal","Cereal","Kellogg's ","Kellogg's Tiger Paws Jumbo Snax","038000233685","Kellogg's Tiger Paws Jumbo Snax","4.99","0.0","Market Basket","6 oz","6 oz","X3606.jpg","","5"
"6388","Beverages & Juices","Water","Sparkling Water","Polar","Polar Blueberry Peach Sparkling Water","","Polar Blueberry Peach Sparkling Water","1.24","0.0","Market Basket","1 L","1 L","No Image.jpg","","11"
"32367","Cooking Needs","Rice & Grains","Rice/Pasta Sides","Knorr","Knorr Pasta Sides Cheesy Cheddar","041000022890","Knorr Pasta Sides Cheesy Cheddar","1.25","0.0","Market Basket","4.3 oz","4.3 oz","X1175.jpg","","4"
"35318","Richardson's Farm Ice Cream","Ice Cream","Coconut","Richarson's Farm","Richarson's Farm Coconut Ice Cream 16% Butterfat","","Made with real coconut","7.99","0.0","Richardson's Farm","1-2 Gal. Container","1-2 Gal. Container","RichardsonsFarm.jpg","",""
"7287","Cooking Needs","Spices & Seasonings","Spices & Seasonings","McCormick","McCormick GourmetÃ¢âÂ¢ Organic Crushed Rosemary","","McCormick GourmetÃ¢âÂ¢ Organic Crushed Rosemary","4.89","0.0","Market Basket","1 oz","1 oz","2192.jpg","","9"
"31753","Cooking Needs","Oils & Vinegars","Oils & Vinegars","Holland House ","Holland House Red Wine Vinegar ","","Holland House Red Wine Vinegar ","3.0","0.0","Market Basket","12 oz","12 oz","X1770.jpg","","2"
"6235","Beverages & Juices","Water","Sparkling Water","Bubly","Bubly Sparkling Water Raspberry","","Bubly Sparkling Water Raspberry","4.18","0.0","Market Basket","8 x 12 fl oz","8 x 12 fl oz","No Image.jpg","","11"
"201","Kitchen & Cleaning","Cleaning Products","Scrub Sponge","Scotch-Brite","Scotch-Brite Greener Clean Non-Scratch Scrub Sponges","","Scotch-Brite Greener Clean Non-Scratch Scrub Sponges","2.99","1.0","Market Basket","3 count","3 count","4307.jpg","","15"
"9361","Frozen Food","Frozen Dessert","Frozen Dessert","Pepperidge Farm","Pepperidge Farm Frozen Lemon Layer Cake","","Pepperidge Farm Frozen Lemon Layer Cake","3.69","0.0","Market Basket","19.6 oz","19.6 oz","2961.jpg","","19"
"34033","Cooking Needs","Canned Food","Canned Tomatoes","Pine Cone","Pine Cone Whole Peeled Tomatoes","860002954929","Pine Cone Whole Peeled Tomatoes","1.61","0.0","Market Basket","28 oz","28 oz","X1384.jpg","","4"
"434","Kitchen & Cleaning","Trash Bags & Liners","Tall Trash Bags","Glad","Glad ForceFlex Febreze Freshness Tall Kitchen Fresh Clean","","Glad ForceFlex Febreze Freshness Tall Kitchen Fresh Clean","11.79","1.0","Market Basket","34 count","34 count","4677.jpg","","12"
"30492","Cooking Needs","Rice & Grains","Grains, Rice & Dried Goods","Bob's Red Mill","Bob's Red Mill Organic Whole Grain Sorghum Gluten Free Non GMO ","039978116437","Bob's Red Mill Organic Whole Grain Sorghum Gluten Free Non GMO ","3.74","0.0","Market Basket","24 oz","24 oz","X1080.jpg","","4"
"8419","Condiments & Dressings","Marinades, Ketchup & Sauces","Marinades & Meat Preparation","KC Masterpiece","SP Single Brand KC Masterpiece Original Barbecue Sauce, 18 Ounces","","SP Single Brand KC Masterpiece Original Barbecue Sauce, 18 Ounces","2.49","0.0","Market Basket","18 oz","18 oz","15577.jpg","","9"
"516","Laundry & Paper Goods","Laundry","Laundry Detergent","Market Basket","Market Basket Stain Fighter & Color Booster Concentated 48 Loads Laundry Detergent","","Market Basket Stain Fighter & Color Booster Concentated 48 Loads Laundry Detergent","7.49","1.0","Market Basket","66 fl oz","66 fl oz","Market Basket.jpg","","15"
"30597","Personal Care","Vitamins & Proteins","Protien Powders","Body Fortress ","Body Fortress Super Advance Creatine","074312549144","Body Fortress Super Advance Creatine","22.49","0.0","Market Basket","2.2 lb","2.2 lb","X5208.jpg","","3"
"9775","Frozen Food","Frozen Produce","Frozen Produce","Birds Eye","Birds Eye Steamfresh Chef's Favorites Lightly Sauced Roasted Red Potatoes with Oven Roasted Garlic Butter Sauce Vegetables","","Birds Eye Steamfresh Chef's Favorites Lightly Sauced Roasted Red Potatoes with Oven Roasted Garlic Butter Sauce Vegetables","2.09","0.0","Market Basket","11 oz","11 oz","2467.jpg","","19"
"13978","Breakfast & Dairy","Dairy & Eggs","Specialty Cheeses","Milano's","Milano Grated Romano Cheese","","Milano Grated Romano Cheese","3.59","0.0","Market Basket","6 oz","6 oz","Market Basket.jpg","","1"
"14755","Personal Care","Body Wash, Soap & Hair Care","Hair Care","L'Oreal","L'Oreal Kids Juicy Grape Conditioner","","L'Oreal Kids Juicy Grape Conditioner","4.93","1.0","Market Basket","9 fl oz","9 fl oz","17833.jpg","","13"
"10088","Frozen Food","Ice Cream & Ice","Ice Cream & Ice","Hood","Hood Frozen Yogurt Low Fat Chocolate Fudge Brownie","","Hood Frozen Yogurt Low Fat Chocolate Fudge Brownie","3.69","0.0","Market Basket","1.5 quart","1.5 quart","3112.jpg","","21"
"6264","Beverages & Juices","Water","Water","Fiji","Fiji Natural Artesian Water","","Fiji Natural Artesian Water","7.49","0.0","Market Basket","6 x 500 ml","6 x 500 ml","No Image.jpg","","11"
"15271","Personal Care","Personal Needs","Skin care","Summer's Eve","Summer's Eve 5 in 1 Cleansing Wash for Sensitive Skin Simply Sensitive","","Summer's Eve 5 in 1 Cleansing Wash for Sensitive Skin Simply Sensitive","4.93","1.0","Market Basket","9 fl oz","9 fl oz","6513.jpg","","13"
"33630","Breakfast & Dairy","Dairy & Eggs","Yogurt","Noosa ","Noosa Mixed Berry","","Noosa Mixed Berry","1.25","0.0","Market Basket","8 oz","8 oz","X678.jpg","","1"
"9358","Frozen Food","Frozen Dessert","Frozen Dessert","Pepperidge Farm","Pepperidge Farm Frozen Cherry Turnovers Pastries","","Pepperidge Farm Frozen Cherry Turnovers Pastries","3.59","0.0","Market Basket","12.5 oz","12.5 oz","2963.jpg","","19"
"6210","Beverages & Juices","Soft Drinks & Seltzers","Soft Drinks","Sprite","Sprite Lemon Lime Soda No Caffeine Box of Cans","","Sprite Lemon Lime Soda No Caffeine Box of Cans","6.86","0.0","Market Basket","12 x 12 fl oz","12 x 12 fl oz","No Image.jpg","","17"
"6296","Beverages & Juices","Water","Water","Poland Spring","Poland Spring Go Size Natural Spring Water","","Poland Spring Go Size Natural Spring Water","3.74","0.0","Market Basket","12 x 12 fl oz","12 x 12 fl oz","3232.jpg","","11"
"7957","Cooking Needs","Canned Food","Soup, Broth & Bouillon","Campbell's","Campbell's Condensed Campbell's Condensed Healthy Request Chicken Noodle Soup","","Campbell's Condensed Campbell's Condensed Healthy Request Chicken Noodle Soup","2.09","0.0","Market Basket","10.75 oz","10.75 oz","5305.jpg","","9"
"13664","Breakfast & Dairy","Dairy & Eggs","Packaged Cheese","Dragone","Dragone Whole Milk Mozzarella Cheese","","Dragone Whole Milk Mozzarella Cheese","3.89","0.0","Market Basket","16 oz","16 oz","14612.jpg","","1"
"30837","Cooking Needs","Rice & Grains","Rice","Carolina ","Carolina Basmati Naturally Fragrant Rice","017400106683","Carolina Basmati Naturally Fragrant Rice","4.99","0.0","Market Basket","32 oz","32 oz","X1041.jpg","","4"
"7281","Cooking Needs","Spices & Seasonings","Spices & Seasonings","McCormick","McCormick GourmetÃ¢âÂ¢ All Natural Whole Cardamom Pods","","McCormick GourmetÃ¢âÂ¢ All Natural Whole Cardamom Pods","9.79","0.0","Market Basket","0.95 oz","0.95 oz","2207.jpg","","9"
"35089","Condiments & Dressings","Preserved Dips & Spreads","Spreads","Welch's","Welch's Island Bliss Welch's FAMILY FARMER OWNED Guava Pineapple Beverage","","Welch's Island Bliss Welch's FAMILY FARMER OWNED Guava Pineapple Beverage","2.5","0.0","Market Basket","59 fl oz","59 fl oz","X891.jpg","","3"
"35095","Chips, Cookies & Snacks","Chips & Fruit Snacks","Fruit & Vegetable Snacks","Welch's","Welch's Reduse Sugar Mixed Fruit Fruit Snacks ","034856221982","Welch's Reduse Sugar Mixed Fruit Fruit Snacks ","2.5","0.0","Market Basket","6.4 oz","6.4 oz","X5150.jpg","","19"
"4650","Meat & Seafood","Canned Meat & Seafood","Canned Crabmeat","Chicken of the Sea","Chicken of the Sea Lump Crabmeat","","Chicken of the Sea Lump Crabmeat","4.89","0.0","Market Basket","6 oz","6 oz","17156.jpg","","2"
"4888","Chips, Cookies & Snacks","Chips & Fruit Snacks","Chips & Pretzels","Market Basket","Market Basket Cheddar Cheese Curls","","Market Basket Cheddar Cheese Curls","3.13","0.0","Market Basket","9 oz","9 oz","Market Basket.jpg","","0"
"33145","Condiments & Dressings","Pickled Goods & Olives","Pickles","Market Basket ","Market Basket Sweet Bread & Butter Spears Splenda ","049705018934","Market Basket Sweet Bread & Butter Spears Splenda ","2.5","0.0","Market Basket","24 fl oz","24 fl oz","X3296.jpg","","2"
"6191","Beverages & Juices","Ginger Ale & Ginger Beer","Ginger Ale","Schweppes","Schweppes Ginger Ale Box of Cans","","Schweppes Ginger Ale Box of Cans","9.99","0.0","Market Basket","24 x 12 fl oz","24 x 12 fl oz","No Image.jpg","","17"
"5472","Chips, Cookies & Snacks","Candy & Chocolates","Candy & Chocolate","Hershey's","Symphony Creamy Milk Chocolate with Almonds & Toffee Chips","","Symphony Creamy Milk Chocolate with Almonds & Toffee Chips","1.89","0.0","Market Basket","4.25 oz","4.25 oz","14960.jpg","","3"
"13846","Breakfast & Dairy","Dairy & Eggs","Refrigerated Pudding & Desserts","Snack Pack","Snack Pack Fat Free Tapicoa Pudding","","Snack Pack Fat Free Tapicoa Pudding","1.49","0.0","Market Basket","13 oz","13 oz","815.jpg","","19"
"608","Laundry & Paper Goods","Paper Goods","Paper Napkins","Market Basket","Market Basket Premium Dinner Napkins","","Market Basket Premium Dinner Napkins","1.49","1.0","Market Basket","40 count","40 count","Market Basket.jpg","","14"
"13979","Breakfast & Dairy","Dairy & Eggs","Specialty Cheeses","Monterey","Kraft Monterey Jack Cheese/Dried Apples/Granola Clusters Snack Trios","","Kraft Monterey Jack Cheese/Dried Apples/Granola Clusters Snack Trios","3.69","0.0","Market Basket","3 x 1.5 oz","3 x 1.5 oz","17305.jpg","","1"
"128","Kitchen & Cleaning","Cleaning Products","Mop","Butler Gum","Butler Gum Squeeze Mop With Scrubber Refill","","Butler Gum Squeeze Mop With Scrubber Refill","4.89","1.0","Market Basket","1 count","1 count","No Image.jpg","","15"
"32412","Pasta & Sauces","Instant Pasta","Instant Pasta","Kraft","Kraft Macaroni & Cheese Deluxe Original Cheddar","021000658862","Kraft Macaroni & Cheese Deluxe Original Cheddar","3.75","0.0","Market Basket","14 oz","14 oz","X1190.jpg","","4"
"13859","Breakfast & Dairy","Dairy & Eggs","Refrigerated Pudding & Desserts","Swiss Miss","Swiss Miss Pudding Cups","","Swiss Miss Pudding Cups","3.09","0.0","Market Basket","6 x 3.5 oz","6 x 3.5 oz","Market Basket.jpg","","19"
"31670","Frozen Food","Frozen Dinners & Entrees","Frozen Meal","Healthy Choice","Healthy Choice Power Bowls Meatless Chipotle Chick'n","072655221185","Healthy Choice Power Bowls Meatless Chipotle Chick'n","4.36","0.0","Market Basket","9.25 oz","9.25 oz","X4084.jpg","","18"
"31682","Meat & Seafood","Packaged Meat & Seafood","Ham","Healthy Ones ","Healthy Ones Deli Thin-Sliced Honey Ham","","Healthy Ones Deli Thin-Sliced Honey Ham","3.74","0.0","Market Basket","7 oz","7 oz","X4522.jpg","","1"
"8302","Condiments & Dressings","Fresh Dips & Tapenades","Fresh Dips & Tapenades","Heluva Good!","Heluva Good! ! French Onion Sour Cream Dip","","Heluva Good! ! French Onion Sour Cream Dip","2.09","0.0","Market Basket","12 oz","12 oz","5528.jpg","","1"
"8471","Condiments & Dressings","Marinades, Ketchup & Sauces","Marinades & Meat Preparation","Weber","Weber Bold & Thick Sweet 'N Spicy BBQ Sauce","","Weber Bold & Thick Sweet 'N Spicy BBQ Sauce","4.09","0.0","Market Basket","18 oz","18 oz","15558.jpg","","9"
"14709","Personal Care","Body Wash, Soap & Hair Care","Body Wash","Tone","Tone Mango Splash Cocoa Butter & Papaya Moisturizing Body Wash","","Tone Mango Splash Cocoa Butter & Papaya Moisturizing Body Wash","5.62","1.0","Market Basket","18 fl oz","18 fl oz","17741.jpg","","13"
"13722","Breakfast & Dairy","Dairy & Eggs","Packaged Cheese","Market Basket","Market Basket 2% Milk Reduced Fat American Singles White","","Market Basket 2% Milk Reduced Fat American Singles White","3.09","0.0","Market Basket","1 lb","1 lb","Market Basket.jpg","","1"
"9061","Condiments & Dressings","Preserved Dips & Spreads","Spreads","Smucker's","Smucker's Sweet Orange Marmalade","","Smucker's Sweet Orange Marmalade","2.49","0.0","Market Basket","12 oz","12 oz","1614.jpg","","3"
"13906","Breakfast & Dairy","Dairy & Eggs","Soy & Lactose-Free","Silk","Silk Unsweet Coconutmilk","","Silk Unsweet Coconutmilk","3.09","0.0","Market Basket","64 fl oz","64 fl oz","716.jpg","","1"
"4560","Meat & Seafood","Lunch Meat","Other Meat","Veroni","Veroni Prosciutto","","Veroni Prosciutto","8.59","0.0","Market Basket","4 oz","4 oz","No Image.jpg","","22"
"4084","Meat & Seafood","Meat & Seafood Counter","Beef","Market Basket","Market Basket Beef Loin Chops Sirloin Tips","","Market Basket Beef Loin Chops Sirloin Tips","13.96","0.0","Market Basket","Approx: 1.28 lb at $10.9/lb","Approx: 1.28 lb at $10.9/lb","4043.jpg","","22"
"33291","Frozen Food","Frozen Dinners & Entrees","Frozen Appetizers & Sides","Michelina's","Michelina's Meatloaf","717854105590","Michelina's Meatloaf","1.25","0.0","Market Basket","8 oz","8 oz","X4114.jpg","","18"
"96","Kitchen & Cleaning","Cleaning Products","Bathroom Cleaner","Kaboom","Kaboom Foam-Tastic Fresh Scent Bathroom Cleaner","","Kaboom Foam-Tastic Fresh Scent Bathroom Cleaner","4.89","1.0","Market Basket","19 fl oz","19 fl oz","16822.jpg","","15"
"9852","Frozen Food","Frozen Produce","Frozen Produce","Market Basket","Market Basket Cut Green Beans","","Market Basket Cut Green Beans","1.29","0.0","Market Basket","16 oz","16 oz","Market Basket.jpg","","19"
"4947","Chips, Cookies & Snacks","Chips & Fruit Snacks","Chips & Pretzels","Snyder's of Hanover","Snyder's of Hanover Pretzels, Unsalted Mini Pretzels","","Snyder's of Hanover Pretzels, Unsalted Mini Pretzels","5.45","0.0","Market Basket","12 oz","12 oz","908.jpg","","0"
"32100","Breakfast & Dairy","Cereal","Cereal","Kellogg's ","Kellogg's Orignal Crispex Cereal","038000035302","Kellogg's Orignal Crispex Cereal","3.13","0.0","Market Basket","12 oz","12 oz","X3339.jpg","","5"
"32659","Breakfast & Dairy","Cereal","Cereal","Malt O Meal","Malt O Meal Honey Nut Scooters ","042400069409","Malt O Meal Honey Nut Scooters ","3.75","0.0","Market Basket","19 oz","19 oz","X3473.jpg","","5"
"31976","Richardson's Farm Ice Cream","Cups, Cones & Bowls","Cups","Joy ","Joy Ice cream Cups ","072092334127","Joy Ice cream Cups ","2.49","0.0","Market Basket","1.75 oz","1.75 oz","X5120.jpg","","20"
"35179","Condiments & Dressings","Marinades, Ketchup & Sauces","Sauce","World Harbors ","World Harbors Sweet Chili  ","715364400358","World Harbors Sweet Chili  ","3.13","0.0","Market Basket","16 fl oz","16 fl oz","X5358.jpg","","3"
"13510","Breakfast & Dairy","Dairy & Eggs","Milk","Market Basket","Market Basket Whole Milk Vitamin D","","Market Basket Whole Milk Vitamin D","2.24","0.0","Market Basket","0.5 gal","0.5 gal","Market Basket.jpg","","1"
"7990","Cooking Needs","Canned Food","Soup, Broth & Bouillon","College Inn","College Inn Broth, Fat Free & Lower Sodium, Beef","","College Inn Broth, Fat Free & Lower Sodium, Beef","3.09","0.0","Market Basket","32 oz","32 oz","5384.jpg","","9"
"32979","Cooking Needs","Rice & Grains","Instant Food","Market Basket","Market Basket Hamburger Skillet Beef Pasta and Sauce Mix Dinner","049705038536","Market Basket Hamburger Skillet Beef Pasta and Sauce Mix Dinner","1.25","0.0","Market Basket","5.6 oz","5.6 oz","X1146.jpg","","4"
"4668","Meat & Seafood","Canned Meat & Seafood","Canned Squid","Goya","Goya Squid, Pieces, in their Own Ink, Hot Sauce","","Goya Squid, Pieces, in their Own Ink, Hot Sauce","2.19","0.0","Market Basket","4 oz","4 oz","5225.jpg","","2"
"14707","Personal Care","Body Wash, Soap & Hair Care","Body Wash","Softsoap","Softsoap Island Quench Coconut Body Wash","","Softsoap Island Quench Coconut Body Wash","5.62","1.0","Market Basket","20 fl oz","20 fl oz","No Image.jpg","","13"
"30100","Breakfast & Dairy","Dairy & Eggs","Parmesan Cheese","Andrew & Everett","Andrew & Everett Real Grated Parmesan Cheese Gluten free","037983279109","Andrew & Everett Real Grated Parmesan Cheese Gluten free","6.24","0.0","Market Basket","7 oz","7 oz","X1265.jpg","","4"
"6345","Beverages & Juices","Soft Drinks & Seltzers","Soft Drinks","Polar","Polar Pineapple Flavored Soda","","Polar Pineapple Flavored Soda","1.74","0.0","Market Basket","2 L","2 L","No Image.jpg","","17"
"14528","Breakfast & Dairy","Tea & Coffee","Tea","Bigelow ","Bigelow English Teatime Black Tea","","Bigelow English Teatime Black Tea","2.49","0.0","Market Basket","20 count","20 count","3410.jpg","","8"
"35226","Meat & Seafood","Packaged Meat & Seafood","Chicken","Yummy","Yummy Dinosaur Shaped Chicken Breast Nuggets 100% All Natural","064563226932","Yummy Dinosaur Shaped Chicken Breast Nuggets 100% All Natural","4.99","0.0","Market Basket","21 oz","21 oz","X4782.jpg","","1"
"14928","Personal Care","First Aid & Healthcare","Cold, Flu & Allergy","Halls","Halls Black Cherry Sugar Free Cough Drops","","Halls Black Cherry Sugar Free Cough Drops","2.29","1.0","Market Basket","30 count","30 count","6660.jpg","","13"
"14395","Breakfast & Dairy","Tea & Coffee","Coffee","Green Mountain","Green Mountain Coffee K Cup Pods Dark Roast Coffee Sumatra Reserve","","Green Mountain Coffee K Cup Pods Dark Roast Coffee Sumatra Reserve","7.39","0.0","Market Basket","12 count","12 count","3359.jpg","","8"
"33307","Cooking Needs","Rice & Grains","Instant Rice","Minute Rice","Minute Brown Rice 100% whole grain","017400118457","Minute Brown Rice 100% whole grain","2.49","0.0","Market Basket","14 oz","14 oz","X1002.jpg","","4"
"4914","Chips, Cookies & Snacks","Chips & Fruit Snacks","Chips & Pretzels","Ruffles","Ruffles Original Potato Chips","","Ruffles Original Potato Chips","6.23","0.0","Market Basket","9 oz","9 oz","14824.jpg","","0"
"30859","Frozen Food","Frozen Pizza","Frozen Pizza","Caulipower ","Caulipower Three Cheese Pizza ","862871000318","Caulipower Three Cheese Pizza ","8.74","0.0","Market Basket","10.90 oz","10.90 oz","X4881.jpg","","19"
"33486","Breakfast & Dairy","Breads & Rolls","Bread","Nature's Own","Nature's Own Perfectly Crafted Thickly Sliced Multigrain Bread","072250020756","Nature's Own Perfectly Crafted Thickly Sliced Multigrain Bread","4.61","0.0","Market Basket","22 oz","22 oz","X2471.jpg","","18"
"7678","Cooking Needs","Canned Food","Canned Fruit & Applesauce","Store Brand","Chinese Cabbage","","Chinese Cabbage","2.49","0.0","Market Basket","1 lb","1 lb","Market Basket.jpg","","3"
"4268","Meat & Seafood","Packaged Meat & Seafood","Salmon","River","Ducktrap River of Maine Smoked Wild Sockeye Salmon","","Ducktrap River of Maine Smoked Wild Sockeye Salmon","10.99","0.0","Market Basket","4 oz","4 oz","4139.jpg","","22"
"30989","Cooking Needs","Oils & Vinegars","Oils & Vinegars","Colavita","Colavita Prosecco Wine Vinegar Prodect Of italy ","039153413100","Colavita Prosecco Wine Vinegar Prodect Of italy ","6.24","0.0","Market Basket","17 oz","17 oz","X1764.jpg","","2"
"34545","Richardson's Farm Ice Cream","Ice Cream Toppings","Ice Cream Toppings","Smucker's","Smucker's Dark Chocolate Topping ","051500108659","Smucker's Dark Chocolate Topping ","3.13","0.0","Market Basket","1 count","1 count","X5136.jpg","","20"
"5408","Chips, Cookies & Snacks","Cookies & Crackers","Crackers","Blue Diamond","Blue Diamond Nut Thins Artisan Nut Thins Flax Seeds","","Blue Diamond Nut Thins Artisan Nut Thins Flax Seeds","4.69","0.0","Market Basket","4.25 oz","4.25 oz","No Image.jpg","","6"
"31614","Condiments & Dressings","Pickled Goods & Olives","Relish","Grandmother's ","Grandmother's Corn Relish ","041115143008","Grandmother's Corn Relish ","3.74","0.0","Market Basket","9.5 oz","9.5 oz","X2208.jpg","","2"
"31694","Condiments & Dressings","Marinades, Ketchup & Sauces","Ketchup","Heinz ","Heinz Est 1869 Tomato Ketchup Simply No Artificial Sweeteners ","013000626095","Heinz Est 1869 Tomato Ketchup Simply No Artificial Sweeteners ","4.36","0.0","Market Basket","13 oz","13 oz","X2123.jpg","","2"
"9192","Frozen Food","Frozen Dinners & Entrees","Frozen Appetizers & Sides","Perdue","Perdue Lightly Breaded Chicken Wings Buffalo Style","","Perdue Lightly Breaded Chicken Wings Buffalo Style","7.39","0.0","Market Basket","1.75 lb","1.75 lb","2607.jpg","","22"
"32259","Condiments & Dressings","Salad Dressings & Toppings","Salad Dressing & Toppings","Ken's Steak House","Ken's Seak House Lite Northen Italian Dressing","041335000983","Ken's Seak House Lite Northen Italian Dressing","3.49","0.0","Market Basket","16 fl oz","16 fl oz","X427.jpg","","2"
"32086","Breakfast & Dairy","Bars & Pastries","Breakfast Bars","Kellogg's ","Kellogg's NutriGrain Kids Blueberry Blitz Soft Baked Mini Bars","038000229664","Kellogg's NutriGrain Kids Blueberry Blitz Soft Baked Mini Bars","3.75","0.0","Market Basket","5 x 1.3 oz","5 x 1.3 oz","X3941.jpg","","5"
"14346","Breakfast & Dairy","Tea & Coffee","Coffee","Cafe Bustelo","Cafe Bustelo Espresso Ground Coffee","","Cafe Bustelo Espresso Ground Coffee","5.49","0.0","Market Basket","10 oz","10 oz","16286.jpg","","8"
"13380","Breakfast & Dairy","Dairy & Eggs","Cream","Nestle","NestlÃÂ© Coffee Mate Cafe Mocha Liquid Coffee Creamer","","NestlÃÂ© Coffee Mate Cafe Mocha Liquid Coffee Creamer","2.69","0.0","Market Basket","16 fl oz","16 fl oz","536.jpg","","1"
"32611","Condiments & Dressings","Marinades, Ketchup & Sauces","Sauces","Louisiana","Louisiana The Perfect Hot Sauce One Drop Does it ","190298000285","Louisiana The Perfect Hot Sauce One Drop Does it ","6.24","0.0","Market Basket","10 oz","10 oz","X2105.jpg","","2"
"31689","Cooking Needs","Oils & Vinegars","Oils & Vinegars","Heinz","Heinz Est 1869 All Natural See Back Distilled White Vinegar 5% Acidity","","Heinz Est 1869 All Natural See Back Distilled White Vinegar 5% Acidity","1.49","0.0","Market Basket","16 fl oz","16 fl oz","X1793.jpg","","2"
"31307","Breakfast & Dairy","Bars & Pastries","Chewy Bars","Fiber One","Fiber One Protein Peanut Chewy Bars","016000456822","Fiber One Protein Peanut Chewy Bars","4.36","0.0","Market Basket","5 x 1.17 oz","5 x 1.17 oz","X3836.jpg","","5"
"32072","Richardson's Farm Ice Cream","Cups, Cones & Bowls","Cones","Keebler","Keebler Sugar Cones ","030100298359","Keebler Sugar Cones ","3.13","0.0","Market Basket","4 oz","4 oz","X5108.jpg","","20"
"32482","Beverages & Juices","Juices & Refrigerated Drinks","Juice & Nectars","Langers","Langers Berry Blend 100% Juice","041755400059","Langers Berry Blend 100% Juice","2.5","0.0","Market Basket","64 fl oz","64 fl oz","X2858.jpg","","10"
"14634","Breakfast & Dairy","Tea & Coffee","Tea","Twinings","Twinings of London Black Tea Earl Grey","","Twinings of London Black Tea Earl Grey","3.69","0.0","Market Basket","20 count","20 count","3443.jpg","","8"
"3522","Fresh Produce","Fresh Vegetables","Aloe Vera","Market Basket","Aloe Vera Leaves","","Aloe Vera Leaves","1.48","0.0","Market Basket","1 count","1 count","FP96.jpg","","20"
"13961","Breakfast & Dairy","Dairy & Eggs","Specialty Cheeses","Market Basket","Market Basket Munster","","Market Basket Munster","6.09","0.0","Market Basket","1 per lb","1 per lb","Market Basket.jpg","","1"
"6292","Beverages & Juices","Water","Sparkling Water","Poland Spring","Poland Spring Sparkling Natural Spring Water","","Poland Spring Sparkling Natural Spring Water","2.49","0.0","Market Basket","6 x 0.5 L","6 x 0.5 L","3240.jpg","","11"
"165","Kitchen & Cleaning","Cleaning Products","Other Cleaning Products","Mr. Clean","Mr. Clean Magic Eraser Bath, Cleaning Pads with Durafoam, Meadows & Rain","","Mr. Clean Magic Eraser Bath, Cleaning Pads with Durafoam, Meadows & Rain","5.49","1.0","Market Basket","2 count","2 count","4276.jpg","","15"
"13365","Breakfast & Dairy","Dairy & Eggs","Cream","Market Basket","Market Basket Coffee Creamer, Original","","Market Basket Coffee Creamer, Original","2.49","0.0","Market Basket","16 oz","16 oz","Market Basket.jpg","","1"
"30008","Breakfast & Dairy","Dairy & Eggs","Yogurt","Activia ","Activia Blueberry Lowfat Yogurt 1.5% Milkfat Vitamin D","","Activia Blueberry Lowfat Yogurt 1.5% Milkfat Vitamin D","3.13","0.0","Market Basket","4 x 4 oz","4 x 4 oz","X5.jpg","","1"
"13430","Breakfast & Dairy","Dairy & Eggs","Eggs","Market Basket","Market Basket Large Brown Eggs","","Market Basket Large Brown Eggs","1.49","0.0","Market Basket","6 count","6 count","Market Basket.jpg","","1"
"33959","Breakfast & Dairy","Breads & Rolls","Bread","Pepperidge Farm","Pepperidge Farm Whole Grain Thin Sliced 15 Grain Bread","014100049913","Pepperidge Farm Whole Grain Thin Sliced 15 Grain Bread","4.99","0.0","Market Basket","22 oz","22 oz","X2526.jpg","","18"
"3656","Fresh Produce","Fresh Fruits","Grapes","Market Basket","Bag of Green Seedless Grapes","","Bag of Green Seedless Grapes","7.99","0.0","Market Basket","2 lb bag","2 lb bag","14200.jpg","","20"
"31708","Condiments & Dressings","Marinades, Ketchup & Sauces","Mayonnaise","Hellmann's ","Hellmann's Est 1913 Real Mayonnaise ","","Hellmann's Est 1913 Real Mayonnaise ","8.11","0.0","Market Basket","30 fl oz","30 fl oz","X1729.jpg","","2"
"13514","Breakfast & Dairy","Dairy & Eggs","Milk","McArthur","McArthur Dairy Pure Whole Milk","","McArthur Dairy Pure Whole Milk","1.69","0.0","Market Basket","32 fl oz","32 fl oz","519.jpg","","1"
"33837","Pasta & Sauces","Pasta Sauce","Pasta Sauce","Pastene","Pastene Pasta Sauce The Cheteau Restaurant Tomato Sauce","066086990154","Pastene Pasta Sauce The Cheteau Restaurant Tomato Sauce","5.61","0.0","Market Basket","24 oz","24 oz","X1502.jpg","","4"
"7309","Cooking Needs","Spices & Seasonings","Spices & Seasonings","McCormick","McCormick Grill Mates Montreal Steak Seasoning","","McCormick Grill Mates Montreal Steak Seasoning","4.89","0.0","Market Basket","3.4 oz","3.4 oz","2267.jpg","","9"
"613","Laundry & Paper Goods","Paper Goods","Straws","Market Basket","Market Basket 250 Straws","","Market Basket 250 Straws","2.74","1.0","Market Basket","250 count","250 count","Market Basket.jpg","","14"
"9060","Condiments & Dressings","Preserved Dips & Spreads","Spreads","Smucker's","Smucker's Sugar Free Red Raspberry Preserves Sweetened with Splenda","","Smucker's Sugar Free Red Raspberry Preserves Sweetened with Splenda","2.99","0.0","Market Basket","12.75 oz","12.75 oz","1616.jpg","","3"
"3920","Fresh Produce","Fresh Vegetables","Pepper","Market Basket","Green Pepper Bag","","Green Pepper Bag","4.19","0.0","Market Basket","3 lb bag","3 lb bag","f244.jpg","","20"
"3922","Fresh Produce","Fresh Vegetables","Pepper","Market Basket","Jumbo Green Peppers","","Jumbo Green Peppers","2.19","0.0","Market Basket","1 lb","1 lb","f247.jpg","","20"
"7164","Cooking Needs","Oils & Vinegars","Oils & Vinegars","Pure Wesson","Pure Wesson Canola Oil","","Pure Wesson Canola Oil","4.09","0.0","Market Basket","24 oz","24 oz","1825.jpg","","2"
"32408","Condiments & Dressings","Salad Dressings & Toppings","Salad Dressing & Toppings","Kraft","Kraft Thousand Island Dressing ","021000644735","Kraft Thousand Island Dressing ","2.5","0.0","Market Basket","16 fl oz","16 fl oz","X465.jpg","","2"
"7788","Cooking Needs","Canned Food","Canned Meals & Beans","Market Basket","Market Basket Fancy Cut Green Beans","","Market Basket Fancy Cut Green Beans","0.79","0.0","Market Basket","14.5 oz","14.5 oz","Market Basket.jpg","","2"
"5232","Chips, Cookies & Snacks","Chips & Fruit Snacks","Ready Popcorn","Bachman","Bachman Butter PopCorn Air Popped","","Bachman Butter PopCorn Air Popped","4.69","0.0","Market Basket","8 oz","8 oz","15333.jpg","","0"
"33534","Breakfast & Dairy","Granola & Oats","Granola","Nature's Path","Nature's Path Orignal Coconut & Cashew Butter ","058449172017","Nature's Path Orignal Coconut & Cashew Butter ","6.24","0.0","Market Basket","11 oz","11 oz","X3742.jpg","","5"
"32749","Frozen Food","Frozen Dinners & Entrees","Frozen Meal","Marie Callender's","Marie Callender's Red Chilli Grilled Chicken Burrito Bowl","021131905576","Marie Callender's Red Chilli Grilled Chicken Burrito Bowl","3.13","0.0","Market Basket","11.5 oz","11.5 oz","X4056.jpg","","18"
"31487","Breakfast & Dairy","Cereal","Cereal","General Mills","General Mills Honey Nut Cheerios  ","016000124790","General Mills Honey Nut Cheerios  ","3.75","0.0","Market Basket","10.8 oz","10.8 oz","X3464.jpg","","5"
"8311","Condiments & Dressings","Fresh Dips & Tapenades","Hommus","Joseph's","Joseph's Party Size Hommus Garlic Lovers","","Joseph's Party Size Hommus Garlic Lovers","4.29","0.0","Market Basket","16 oz","16 oz","5525.jpg","","1"
"33290","Frozen Food","Frozen Dinners & Entrees","Frozen Appetizers & Sides","Michelina's","Michelina's Sweet & Sour Sauce with White Chicken & Rice","717854305013","Michelina's Sweet & Sour Sauce with White Chicken & Rice","1.25","0.0","Market Basket","8 oz","8 oz","X4113.jpg","","18"
"31703","Condiments & Dressings","Marinades, Ketchup & Sauces","Mayonnaise","Hellmann's ","Hellmann's Real Mayonnaise 100% Recycled Bottle ","048001354500","Hellmann's Real Mayonnaise 100% Recycled Bottle ","4.99","0.0","Market Basket","20 fl oz","20 fl oz","X1722.jpg","","2"
"34982","Beverages & Juices","Juices & Refrigerated Drinks","Juice & Nectars","V8","V8 Healthy Greens","051000217387","V8 Healthy Greens","3.74","0.0","Market Basket","14 fl oz","14 fl oz","X3138.jpg","","10"
"5695","Chips, Cookies & Snacks","Nuts, Seeds & Dried Fruit","Trail Mix & Snack Mix","Second Nature","Second Nature Medley, Wholesome, Pouch","","Second Nature Medley, Wholesome, Pouch","6.09","0.0","Market Basket","14 oz","14 oz","1470.jpg","","6"
"14533","Breakfast & Dairy","Tea & Coffee","Tea","Bigelow ","Bigelow Herbal Tea Chamomile Vanilla and Honey Tea Bags","","Bigelow Herbal Tea Chamomile Vanilla and Honey Tea Bags","3.09","0.0","Market Basket","1.18 oz","1.18 oz","3403.jpg","","8"
"32229","Condiments & Dressings","Salad Dressings & Toppings","Salad Dressing & Toppings","Ken's Steak House","Ken's Seak House Great For Dipping Litde Honey Mustard Dressing,Topping & Spread ","041335340720","Ken's Seak House Great For Dipping Litde Honey Mustard Dressing,Topping & Spread ","4.36","0.0","Market Basket","24 fl oz","24 fl oz","X397.jpg","","2"
"4841","Chips, Cookies & Snacks","Chips & Fruit Snacks","Chips & Pretzels","Eatsmart Snacks","Eatsmart Snacks Garden Veggie Crisps with Sea Salt","","Eatsmart Snacks Garden Veggie Crisps with Sea Salt","3.91","0.0","Market Basket","6 oz","6 oz","14879.jpg","","0"
"212","Kitchen & Cleaning","Cleaning Products","Scrub Sponge","SOS","SOS Sponges","","SOS Sponges","2.69","1.0","Market Basket","3 count","3 count","16790.jpg","","15"
"4543","Meat & Seafood","Lunch Meat","Other Meat","Fiorucci","Fiorucci Sopressata Panino","","Fiorucci Sopressata Panino","4.89","0.0","Market Basket","6 oz","6 oz","17279.jpg","","22"
"31016","Frozen Food","Frozen Pasta","Frozen Pasta","Conte's","Conte's Gluten Free Cheese Ravioli","734158940092","Conte's Gluten Free Cheese Ravioli","5.86","0.0","Market Basket","12 oz","12 oz","X4347.jpg","","18"
"30230","Cooking Needs","Canned Food","Baked Beans","B&M","B&M Brick Oven Baked Brown Bread Raisin Baked","","B&M Brick Oven Baked Brown Bread Raisin Baked","3.13","0.0","Market Basket","16 oz","16 oz","X1845.jpg","","2"
"15234","Personal Care","Personal Needs","Oral Hygiene","Market Basket","Market Basket Youth Toothbrush","","Market Basket Youth Toothbrush","1.48","1.0","Market Basket","1 count","1 count","Market Basket.jpg","","13"
"4158","Meat & Seafood","Meat & Seafood Counter","Herring","Market Basket","Wild Canadian Smoked Herring Fillets","","Wild Canadian Smoked Herring Fillets","6.09","0.0","Market Basket","1 lb","1 lb","Market Basket.jpg","","22"
"3608","Fresh Produce","Fresh Vegetables","Eggplant","Market Basket","Chinese Eggplant","","Chinese Eggplant","1.64","0.0","Market Basket","1 lb","1 lb","f190.jpg","","20"
"35201","Breakfast & Dairy","Dairy & Eggs","Yogurt","Yoplait","Yoplait Original Made With Real Fruit Heavest Peach ","","Yoplait Original Made With Real Fruit Heavest Peach ","0.81","0.0","Market Basket","6 oz","6 oz","X935.jpg","","1"
"5044","Chips, Cookies & Snacks","Cookies & Crackers","Cookies & Cakes","Dare","Dare Pure Chocolate Whippet Original Cookies","","Dare Pure Chocolate Whippet Original Cookies","3.91","0.0","Market Basket","8.8 oz","8.8 oz","No Image.jpg","","6"
"6646","Beverages & Juices","Juices & Refrigerated Drinks","Refrigerated Drinks","Odwalla","Odwalla Vanilla Protein Shake Drink","","Odwalla Vanilla Protein Shake Drink","3.59","0.0","Market Basket","15.2 fl oz","15.2 fl oz","3795.jpg","","20"
"8331","Condiments & Dressings","Fresh Dips & Tapenades","Fresh Dips & Tapenades","Marzetti","Marzetti Light Ranch Veggie Dip","","Marzetti Light Ranch Veggie Dip","3.69","0.0","Market Basket","14 oz","14 oz","5537.jpg","","20"
"13429","Breakfast & Dairy","Dairy & Eggs","Eggs","Market Basket","Market Basket Grade A Large Eggs Brown","","Market Basket Grade A Large Eggs Brown","2.69","0.0","Market Basket","12 count","12 count","Market Basket.jpg","","1"
"6659","Beverages & Juices","Juices & Refrigerated Drinks","Refrigerated Drinks","Simply","Simply Beverages Simply Orange with Mango Juice","","Simply Beverages Simply Orange with Mango Juice","4.39","0.0","Market Basket","59 fl oz","59 fl oz","16528.jpg","","1"
"5163","Chips, Cookies & Snacks","Cookies & Crackers","Crackers","Carr's","Carr's Whole Wheat Crackers","","Carr's Whole Wheat Crackers","3.91","0.0","Market Basket","7 oz","7 oz","15185.jpg","","6"
"6270","Beverages & Juices","Water","Water","Glaceau","Glaceau Vapor Distilled Premium Water Bottle Alkaline","","Glaceau Vapor Distilled Premium Water Bottle Alkaline","9.99","0.0","Market Basket","6 x 1 L","6 x 1 L","No Image.jpg","","11"
"30898","Breakfast & Dairy","Dairy & Eggs","Yogurt","Chobani","Chobani Greek Yogurt Blackberry on The Bottom","","Chobani Greek Yogurt Blackberry on The Bottom","1.25","0.0","Market Basket","5.3 oz","5.3 oz","X105.jpg","","1"
"34022","Frozen Food","Frozen Dessert","Frozen Dessert","Pillsbury","Pillsbury Toster Strudel Pastries Wildberry","018000427086","Pillsbury Toster Strudel Pastries Wildberry","3.13","0.0","Market Basket","11.7 oz","11.7 oz","X5072.jpg","","19"
"30591","Cooking Needs","Baking & Cooking","Flour","Bob's Red Mill","Bob's Red MIll Paleo Baking Flour ","039978023490","Bob's Red MIll Paleo Baking Flour ","11.86","0.0","Market Basket","16 oz","16 oz","X5299.jpg","","3"
"14963","Personal Care","First Aid & Healthcare","First Aid","Market Basket","Market Basket Assorted Flexible Fabric Bandages","","Market Basket Assorted Flexible Fabric Bandages","2.52","1.0","Market Basket","30 count","30 count","Market Basket.jpg","","13"
"9353","Frozen Food","Frozen Dessert","Frozen Dessert","Mrs. Smith's","Mrs. Smith's Original Flaky Crust Cherry Pie","","Mrs. Smith's Original Flaky Crust Cherry Pie","3.69","0.0","Market Basket","35 oz","35 oz","2968.jpg","","19"
"13528","Breakfast & Dairy","Dairy & Eggs","Milk","Organic Valley","Organic Valley 2% Reduced Fat Milk Lactos Free","","Organic Valley 2% Reduced Fat Milk Lactos Free","6.24","0.0","Market Basket","0.5 gal","0.5 gal","506.jpg","","1"
"5082","Chips, Cookies & Snacks","Cookies & Crackers","Cookies & Cakes","Market Basket","Market Basket Snickerdoodle Soft Cookies","","Market Basket Snickerdoodle Soft Cookies","1.55","0.0","Market Basket","7.1 oz","7.1 oz","Market Basket.jpg","","6"
"9150","Frozen Food","Frozen Dinners & Entrees","Frozen Appetizers & Sides","Market Basket","Market Basket Seasoned Curly Fries","","Market Basket Seasoned Curly Fries","1.89","0.0","Market Basket","24 oz","24 oz","Market Basket.jpg","","18"
"9957","Frozen Food","Ice Cream & Ice","Ice Cream & Ice","Ben & Jerry's","Ben & Jerry's Ice Cream Strawberry Cheesecake","","Ben & Jerry's Ice Cream Strawberry Cheesecake","4.59","0.0","Market Basket","1 pint","1 pint","18007.jpg","","21"
"3937","Fresh Produce","Fresh Vegetables","Pepper","Master's Touch","Master's Touch Mini Sweet Peppers","","Master's Touch Mini Sweet Peppers","5.62","0.0","Market Basket","1 lb","1 lb","14441.jpg","","20"
"34749","Frozen Food","Frozen Breakfast","Frozen Breakfast","Supper Pretzel","Supper Pretzel 6 Fully Baked Soft Pretzels","073321000189","Supper Pretzel 6 Fully Baked Soft Pretzels","3.11","0.0","Market Basket","13 oz","13 oz","X5085.jpg","","19"
"3821","Fresh Produce","Fresh Organic Vegetables","Cucumber","Market Basket","Organic Seedless Cucumber","","Organic Seedless Cucumber","4.24","0.0","Market Basket","1 count","1 count","14426.jpg","","20"
"15035","Personal Care","Personal Needs","Deodorants","Mitchum","Mitchum Women Gel Antiperspirant & Deodorant Powder Fresh","","Mitchum Women Gel Antiperspirant & Deodorant Powder Fresh","5.28","1.0","Market Basket","2.25 oz","2.25 oz","17706.jpg","","13"
"31049","Cooking Needs","Oils & Vinegars","Oils & Vinegars","Crisco","Criso All Vegetable Shortening ","051500242346","Criso All Vegetable Shortening ","6.86","0.0","Market Basket","48 oz","48 oz","X1937.jpg","","2"
"34971","Beverages & Juices","Juices & Refrigerated Drinks","Juice & Nectars","V8","V8 Original Vegetable Juice","051000008039","V8 Original Vegetable Juice","3.74","0.0","Market Basket","46 fl oz","46 fl oz","X3127.jpg","","10"
"30603","Beverages & Juices","Energy & Sports Drinks","Energy & Sports Drinks","Body Armor","Body Armor Super Drink Fruit Punch","858176002324","Body Armor Super Drink Fruit Punch","2.08","0.0","Market Basket","28 fl oz","28 fl oz","X2687.jpg","","10"
"35199","Breakfast & Dairy","Dairy & Eggs","Yogurt","Yoplait","Yoplait Paw Patrol 4 Strawberry & 4 Blueberry ","","Yoplait Paw Patrol 4 Strawberry & 4 Blueberry ","4.98","0.0","Market Basket","8 x 4 oz","8 x 4 oz","X933.jpg","","1"
"5402","Chips, Cookies & Snacks","Cookies & Crackers","Crackers","Back to Nature","Back to Nature Cheese Flavored Crackers","","Back to Nature Cheese Flavored Crackers","6.23","0.0","Market Basket","6 oz","6 oz","No Image.jpg","","6"
"4558","Meat & Seafood","Lunch Meat","Other Meat","San Daniele","San Daniele Salame Portofino","","San Daniele Salame Portofino","4.89","0.0","Market Basket","7 oz","7 oz","5452.jpg","","22"
"32478","Beverages & Juices","Juices & Refrigerated Drinks","Juice & Nectars","Langers","Langers Apple Berry Cherry 100% Juice","041755007074","Langers Apple Berry Cherry 100% Juice","2.35","0.0","Market Basket","64 fl oz","64 fl oz","X2854.jpg","","10"
"6150","Beverages & Juices","Soft Drinks & Seltzers","Soft Drinks","Mountain Dew","Mountain Dew Box of Cans","","Mountain Dew Box of Cans","5.63","0.0","Market Basket","12 x 12 fl oz","12 x 12 fl oz","No Image.jpg","","17"
"33573","Cooking Needs","Rice & Grains","Instant Rice","Near East ","Near East Whole Grain Blend Brown Rice Pilaf A Blend of Whole Grain Brown Rice & toasted Orzo pasta","072251050929","Near East Whole Grain Blend Brown Rice Pilaf A Blend of Whole Grain Brown Rice & toasted Orzo pasta","1.88","0.0","Market Basket","6.17 oz","6.17 oz","X1035.jpg","","4"
"34504","Meat & Seafood","Packaged Meat & Seafood","Liver","Sky Lark ","Skylark Calf Liver ","","Skylark Calf Liver ","4.99","0.0","Market Basket","16 oz","16 oz","X4756.jpg","","1"
"33542","Breakfast & Dairy","Granola & Oats","Oats","Nature's Path","Nature's Path Flax Plus Instant Oatmeal","058449450023","Nature's Path Flax Plus Instant Oatmeal","3.75","0.0","Market Basket","14 oz","14 oz","X3549.jpg","","5"
"6456","Chips, Cookies & Snacks","Jerkies","Jerky","Lorissa's Kitchen","Lorissa's Kitchen Szechuan Peppercorn Tender Beef Steak Strips","","Lorissa's Kitchen Szechuan Peppercorn Tender Beef Steak Strips","7.49","0.0","Market Basket","2.25 oz","2.25 oz","No Image.jpg","","6"
"606","Laundry & Paper Goods","Paper Goods","Facial Tissues","Market Basket","Market Basket Facial Tissue","","Market Basket Facial Tissue","1.24","1.0","Market Basket","80 count","80 count","Market Basket.jpg","","14"
"31772","Breakfast & Dairy","Dairy & Eggs","Cottage Cheese","Hood","Hood 4% Cottage Cheese With Pineapple added SMALL CURD","","Hood 4% Cottage Cheese With Pineapple added SMALL CURD","1.61","0.0","Market Basket","5.3 oz","5.3 oz","X335.jpg","","1"
"34673","Frozen Food","Frozen Dinners & Entrees","Frozen Meal","Stouffer's ","Stouffer's Creamed Chipped Beef","013800100184","Stouffer's Creamed Chipped Beef","2.99","0.0","Market Basket","11 oz","11 oz","X4287.jpg","","18"
"4263","Meat & Seafood","Packaged Meat & Seafood","Pork","San Daniele","San Daniele Diced Pancetta Antipasto","","San Daniele Diced Pancetta Antipasto","4.89","0.0","Market Basket","4 oz","4 oz","16698.jpg","","22"
"524","Laundry & Paper Goods","Laundry","Laundry Detergent","Arm & Hammer","Arm & Hammer Sensitive Skin plus Fresh Scent 100 Loads Laundry Detergent","","Arm & Hammer Sensitive Skin plus Fresh Scent 100 Loads Laundry Detergent","9.99","1.0","Market Basket","150 fl oz","150 fl oz","No Image.jpg","","15"
"6357","Beverages & Juices","Soft Drinks & Seltzers","Soft Drinks","Polar","Polar Premium Half & Half Grapefruit and Lemon Flavor","","Polar Premium Half & Half Grapefruit and Lemon Flavor","1.49","0.0","Market Basket","1 L","1 L","No Image.jpg","","17"
"9994","Frozen Food","Ice Cream & Ice","Ice Cream & Ice","Brigham's Ice Cream","Brigham's Ice Cream Peppermint Stick","","Brigham's Ice Cream Peppermint Stick","4.79","0.0","Market Basket","1 quart","1 quart","16101.jpg","","21"
"5224","Chips, Cookies & Snacks","Cookies & Crackers","Crackers","Nabisco","Nabisco Wheat Thins Crackers, Hint of Salt","","Nabisco Wheat Thins Crackers, Hint of Salt","3.91","0.0","Market Basket","9.1 oz","9.1 oz","No Image.jpg","","6"
"30340","Pasta & Sauces","Raw Pasta","Raw Pasta","Barilla","Barilla Pasta Mezzi Rigatoni","076808280838","Barilla Pasta Mezzi Rigatoni","1.74","0.0","Market Basket","1 lb","1 lb","X1644.jpg","","4"
"31804","Meat & Seafood","Canned Meat & Seafood","Beef","Hormel","Hormel Gluten Free Dried Beef Ground,Formed & Sliced","","Hormel Gluten Free Dried Beef Ground,Formed & Sliced","4.99","0.0","Market Basket","5 oz","5 oz","X1863.jpg","","2"
"14779","Personal Care","Body Wash, Soap & Hair Care","Hair Care","Pert","Pert 2in1 Shampoo & Conditioner Classic Clean","","Pert 2in1 Shampoo & Conditioner Classic Clean","5.28","1.0","Market Basket","13.5 oz","13.5 oz","17828.jpg","","13"
"33010","Pasta & Sauces","Raw Pasta","Raw Pasta","Market Basket","Market Basket Pasta Rotini Primavera","049795032732","Market Basket Pasta Rotini Primavera","1.25","0.0","Market Basket","16 oz","16 oz","X1665.jpg","","4"
"7352","Cooking Needs","Spices & Seasonings","Spices & Seasonings","McCormick","McCormick Super Deal Cinnamon Sugar","","McCormick Super Deal Cinnamon Sugar","7.39","0.0","Market Basket","15 oz","15 oz","15649.jpg","","9"
"30793","Breakfast & Dairy","Cereal","Cereal","Cap'n Crunch's","Cap'n Crunch's Peanut Butter Crunch ","030000065075","Cap'n Crunch's Peanut Butter Crunch ","3.13","0.0","Market Basket","12.5 oz","12.5 oz","X3418.jpg","","5"
"4287","Meat & Seafood","Packaged Meat & Seafood","Turkey","Market Basket","Shady Brooks Farms Turkey Drumstick","","Shady Brooks Farms Turkey Drumstick","2.49","0.0","Market Basket","1 lb","1 lb","16711.jpg","","22"
"32001","Beverages & Juices","Juices & Refrigerated Drinks","Juice & Nectars","Juicy Juice","Juicy Juice Fruit Punch Organics","889497000522","Juicy Juice Fruit Punch Organics","3.11","0.0","Market Basket","8 x 4.23 fl oz","8 x 4.23 fl oz","X3087.jpg","","10"
"14402","Breakfast & Dairy","Tea & Coffee","Coffee","LavAzza","LavAzza Caffe Espresso Medium Roast Ground Coffee","","LavAzza Caffe Espresso Medium Roast Ground Coffee","6.09","0.0","Market Basket","8 oz","8 oz","16282.jpg","","8"
"15106","Personal Care","Personal Needs","Facial Care","Neutrogena","NeutrogenaÂ® Makeup Remover Cleansing Towelettes Night Calming","","NeutrogenaÂ® Makeup Remover Cleansing Towelettes Night Calming","10.57","1.0","Market Basket","25 count","25 count","17679.jpg","","13"
"34937","Cooking Needs","Rice & Grains","Instant Rice","Uncle Ben's","Uncle Ben's Long Grain & Wild Rice Fast Cook with 23 Herbs & Seasoning flavored grains","054800020119","Uncle Ben's Long Grain & Wild Rice Fast Cook with 23 Herbs & Seasoning flavored grains","2.5","0.0","Market Basket","6.2 oz","6.2 oz","X967.jpg","","4"
"8903","Condiments & Dressings","Salad Dressings & Toppings","Salad Dressing & Toppings","Marie's","Marie's Ranch Yogurt Dressing","","Marie's Ranch Yogurt Dressing","3.19","0.0","Market Basket","11.5 fl oz","11.5 fl oz","15477.jpg","","2"
"14813","Personal Care","Body Wash, Soap & Hair Care","Hair Care","VO5","VO5 Salon Series Hydrate + Nourish Conditioner","","VO5 Salon Series Hydrate + Nourish Conditioner","2.86","1.0","Market Basket","14.2 fl oz","14.2 fl oz","6599.jpg","","13"
"5985","Beverages & Juices","Cocoa & Drink Mixes","Cocoa & Drink Mixes","Master of Mixes","Master of Mixes Lite Sweet 'N Sour Mixer","","Master of Mixes Lite Sweet 'N Sour Mixer","7.49","0.0","Market Basket","1.75 L","1.75 L","No Image.jpg","","17"
"31363","Condiments & Dressings","Marinades, Ketchup & Sauces","Sauces","Frank's","Frank's Since 1920 RedHot Original Cayenne Papper Sauce The Perfect Blend Of Flavor & Heat ","041500805023","Frank's Since 1920 RedHot Original Cayenne Papper Sauce The Perfect Blend Of Flavor & Heat ","4.99","0.0","Market Basket","13 oz","13 oz","X2104.jpg","","2"
"5750","Breakfast & Dairy","Bars & Pastries","Protien Bars","Larabar","Larabar Fruit & Nut Food Bar Peanut Butter Cookie Bar","","Larabar Fruit & Nut Food Bar Peanut Butter Cookie Bar","1.25","0.0","Market Basket","1.7 oz","1.7 oz","1309.jpg","","3"
"35161","Condiments & Dressings","Preserved Dips & Spreads","Spreads","Wood Stocks","Wood Stocks Crunchy peanut Butter ","","Wood Stocks Crunchy peanut Butter ","6.24","0.0","Market Basket","16 oz","16 oz","X920.jpg","","3"
"14551","Breakfast & Dairy","Tea & Coffee","Tea","Celestial Seasonings","Celestial Seasonings Honey Vanilla Chamomile Herbal Tea","","Celestial Seasonings Honey Vanilla Chamomile Herbal Tea","2.49","0.0","Market Basket","20 count","20 count","3468.jpg","","8"
"7590","Cooking Needs","Canned Food","Canned & Jarred Vegetables","Peppadew","Peppadew Mild Whole Piquatne Sweet Peppers","","Peppadew Mild Whole Piquatne Sweet Peppers","4.59","0.0","Market Basket","14 oz","14 oz","17107.jpg","","9"
"6699","Chips, Cookies & Snacks","Cookies & Crackers","Donuts","Entenmann's","Entenmann's Cinnamon Bagged Donuts","","Entenmann's Cinnamon Bagged Donuts","3.69","0.0","Market Basket","10 oz","10 oz","6221.jpg","","14"
"6492","Chips, Cookies & Snacks","Nuts, Seeds & Dried Fruit","Nuts, Seeds & Dried Fruit","River Queen","River Queen Unsalted Dry Roasted Sunflower Seeds","","River Queen Unsalted Dry Roasted Sunflower Seeds","1.88","0.0","Market Basket","7 oz","7 oz","No Image.jpg","","6"
"33440","Beverages & Juices","Juices & Refrigerated Drinks","Refrigerated Drinks","Natalie's","Natalie's ONLY 1 INGREDIENT GRAPFRUIT Juice","","Natalie's ONLY 1 INGREDIENT GRAPFRUIT Juice","4.99","0.0","Market Basket","32 fl oz","32 fl oz","X635.jpg","","1"
"14830","Personal Care","Body Wash, Soap & Hair Care","Soap","Dial","Dial Gold Deodorant Soap","","Dial Gold Deodorant Soap","5.62","1.0","Market Basket","4 oz","4 oz","6341.jpg","","13"
"31586","Frozen Food","Frozen Fruit & Juice","Frozen Fruit","Goya","Goyaf Fruta Mamey Pulp","041331090803","Goyaf Fruta Mamey Pulp","3.11","0.0","Market Basket","14 oz","14 oz","X4431.jpg","","18"
"34100","Breakfast & Dairy","Cereal","Cereal","Post","Post Oats of Honey Bunches Cereal Honey Roasted Family Size ","884912006806","Post Oats of Honey Bunches Cereal Honey Roasted Family Size ","4.99","0.0","Market Basket","23 oz","23 oz","X3399.jpg","","5"
"34439","Breakfast & Dairy","Bars & Pastries","Breakfast Bars","RX","RXBAR Chocolate Sea Salt","858030008417","RXBAR Chocolate Sea Salt","11.24","0.0","Market Basket","5 x 1.83 oz","5 x 1.83 oz","X3892.jpg","","5"
"30303","Pasta & Sauces","Instant Pasta","Instant Pasta","Barilla","Barilla Ready Pasta Rotini","076808006834","Barilla Ready Pasta Rotini","2.11","0.0","Market Basket","8.5 oz","8.5 oz","X1621.jpg","","4"
"14392","Breakfast & Dairy","Tea & Coffee","Coffee","Green Mountain","Green Mountain Coffee K Cup Pods Breakfast Blend","","Green Mountain Coffee K Cup Pods Breakfast Blend","7.39","0.0","Market Basket","12 count","12 count","3355.jpg","","8"
"3890","Fresh Produce","Fresh Vegetables","Mushroom","Monterey","Monterey Mushrooms Whole Baby Bella Mushrooms","","Monterey Mushrooms Whole Baby Bella Mushrooms","4.24","0.0","Market Basket","16 oz","16 oz","FP94.jpg","","20"
"33581","Pasta & Sauces","Gluten Free Pasta","Pasta Sauce","Newman's Own","Newman's Own Pasta Sauce Tomato and Basil Bombolina Gluten Free No Sugar Added","020662006196","Newman's Own Pasta Sauce Tomato and Basil Bombolina Gluten Free No Sugar Added","3.13","0.0","Market Basket","24 oz","24 oz","X1469.jpg","","4"
"9653","Frozen Food","Frozen Dinners & Entrees","Frozen Meal","Sugar Mountain","Sugar Mountain Diced Butternut Squash","","Sugar Mountain Diced Butternut Squash","3.09","0.0","Market Basket","20 oz","20 oz","Market Basket.jpg","","18"
"33817","Pasta & Sauces","Instant Pasta","Instant Pasta","Pastabilities","Pastabilities Organic Mac n Cheese Princess","640173375040","Pastabilities Organic Mac n Cheese Princess","4.99","0.0","Market Basket","10 oz","10 oz","X1235.jpg","","4"
"33730","Condiments & Dressings","Marinades, Ketchup & Sauces","Marinades & Meat Preparation","Organic Ville","Organic Ville Tangy BBQ Sauce Made With Agave Nectar Gluten Free","896859000366","Organic Ville Tangy BBQ Sauce Made With Agave Nectar Gluten Free","24.99","0.0","Market Basket","12.7 fl oz","12.7 fl oz","X2022.jpg","","2"
"33377","Condiments & Dressings","Honey, Syrup & Nectars","Syrup","Mrs. Butter Worth's","Mrs. Butter Worth's Lite Syrup ","644209290246","Mrs. Butter Worth's Lite Syrup ","3.13","0.0","Market Basket","24 fl oz","24 fl oz","X3199.jpg","","2"
"35314","Richardson's Farm Ice Cream","Ice Cream","Strawberry","Richarson's Farm","Richarson's Farm Strawberry Ice Cream 16% Butterfat","","Farm-fresh strawberry ice cream with diced strawberries","7.99","0.0","Richardson's Farm","1-2 Gal. Container","1-2 Gal. Container","RichardsonsFarm.jpg","",""
"13301","Breakfast & Dairy","Dairy & Eggs","Butter","Land O' Lakes","Land O' Lakes Land O Lakes Margarine, Sticks, Box","","Land O' Lakes Land O Lakes Margarine, Sticks, Box","1.89","0.0","Market Basket","4 x 1 lb","4 x 1 lb","628.jpg","","1"
"31242","Chips, Cookies & Snacks","Candy & Chocolates","Candy & Chocolate","Endangered Species","Endangered Species Chocolate Forest Mint Natural Flavor +  Dark Chocolate 72% Cocoa ","","Endangered Species Chocolate Forest Mint Natural Flavor +  Dark Chocolate 72% Cocoa ","3.74","0.0","Market Basket","3 oz","3 oz","X241.jpg","","3"
"6629","Beverages & Juices","Juices & Refrigerated Drinks","Refrigerated Drinks","Newman's Own","Newmen's Own PINK Virgin Lemonade Beverage","","Newmen's Own PINK Virgin Lemonade Beverage","2.86","0.0","Market Basket","59 fl oz","59 fl oz","X640.jpg","","1"
"31387","Beverages & Juices","Juices & Refrigerated Drinks","Juice & Nectars","Fruits of the Nile","Fruits of the Nile Mango Orange Gourment Nectar","832770002300","Fruits of the Nile Mango Orange Gourment Nectar","3.74","0.0","Market Basket","33.8 fl oz","33.8 fl oz","X2912.jpg","","10"
"34553","Beverages & Juices","Juices & Refrigerated Drinks","Juice & Nectars","Snapple","Snapple All Natural Mango Madness","076183003121","Snapple All Natural Mango Madness","1.86","0.0","Market Basket","16 fl oz","16 fl oz","X2975.jpg","","10"
"14747","Personal Care","Body Wash, Soap & Hair Care","Hair Care","Herbal Essences","Herbal Essences Color Me Happy Shampoo For Color Treated Hair","","Herbal Essences Color Me Happy Shampoo For Color Treated Hair","4.82","1.0","Market Basket","10.1 fl oz","10.1 fl oz","6591.jpg","","13"
"34135","Beverages & Juices","Energy & Sports Drinks","Energy & Sports Drinks","Powerade","Powerade Zero Sugar Sports Drink Fruit Punch 8 pack","049000056433","Powerade Zero Sugar Sports Drink Fruit Punch 8 pack","6.24","0.0","Market Basket","8 x 20 fl oz","8 x 20 fl oz","X2716.jpg","","10"
"10548","Cooking Needs","Rice & Grains","Instant Food","Panera Bread","Panera Bread At Home Mac & Cheese","","Panera Bread At Home Mac & Cheese","5.59","0.0","Market Basket","16 oz","16 oz","17395.jpg","","22"
"30873","Meat & Seafood","Canned Meat & Seafood","Anchovy","Cento","Cento Rolled Fillets Anchovies Olive Oil ","","Cento Rolled Fillets Anchovies Olive Oil ","2.49","0.0","Market Basket","2 oz","2 oz","X1908.jpg","","2"
"6979","Cooking Needs","Baking & Cooking","Doughs, Gelatins & Bake Mixes","Jell-O","Jell O Pistachio Instant Reduced Calorie Pudding & Pie Filling Mix","","Jell O Pistachio Instant Reduced Calorie Pudding & Pie Filling Mix","1.09","0.0","Market Basket","1 oz","1 oz","2058.jpg","","8"
"334","Kitchen & Cleaning","Food Storage & Kitchen Supplies","Storage Bags","Market Basket","Market Basket Slider Storage Bags","","Market Basket Slider Storage Bags","2.49","1.0","Market Basket","18 count","18 count","Market Basket.jpg","","12"
"32328","Cooking Needs","Rice & Grains","Grains, Rice & Dried Goods","kitchen of love Cucina & Amore","kitchen of love Cucina & A More Farro Emmer & Spelt Great nutrients fiber, Protein & minerals Non GMO","7.28119E+11","kitchen of love Cucina & A More Farro Emmer & Spelt Great nutrients fiber, Protein & minerals Non GMO","3.75","0.0","Market Basket","17.6 oz","17.6 oz","X1099.jpg","","4"
"33806","Breakfast & Dairy","Breads & Rolls","Bread","Panera Bread","Panera Bread Whole Grain Multi Grain Bread","835841006931","Panera Bread Whole Grain Multi Grain Bread","4.99","0.0","Market Basket","24 oz","24 oz","X2564.jpg","","18"
"6408","Beverages & Juices","Water","Sparkling Water","Spindrift","Spindrift Sparkling Water Strawberry","","Spindrift Sparkling Water Strawberry","6.24","0.0","Market Basket","8 x 12 fl oz","8 x 12 fl oz","16213.jpg","","11"
"6176","Beverages & Juices","Soft Drinks & Seltzers","Soft Drinks","Pepsi","Pepsi Diet","","Pepsi Diet","1.49","0.0","Market Basket","1.25 L","1.25 L","3921.jpg","","17"
"32291","Condiments & Dressings","Marinades, Ketchup & Sauces","Sauce","Kikkoman ","Kikkoman Traditionally Brewd Soy Sause ","041390000829","Kikkoman Traditionally Brewd Soy Sause ","3.99","0.0","Market Basket","10 fl oz","10 fl oz","X5350.jpg","","3"
"12965","Breakfast & Dairy","Breads & Rolls","Tortillas & Flat Bread","Joseph's","Joseph's Multi Grain Premium Wraps 10""","","Joseph's Multi Grain Premium Wraps 10""","1.89","0.0","Market Basket","16 oz","16 oz","No Image.jpg","","18"
"33901","Condiments & Dressings","Pickled Goods & Olives","Peppers","Pastene","Pastne Imported since 1874 Double Roasted Pepper Strips ","066086100546","Pastne Imported since 1874 Double Roasted Pepper Strips ","3.13","0.0","Market Basket","16 fl oz","16 fl oz","X2341.jpg","","2"
"31085","Breakfast & Dairy","Dairy & Eggs","Yogurt","Dannon","Dannon Light & Fit Original Vanilla Yogurt","","Dannon Light & Fit Original Vanilla Yogurt","5.49","0.0","Market Basket","32 oz","32 oz","X187.jpg","","1"
"3513","Fresh Produce","Fresh Organic Vegetables","Pepper","Market Basket","Organic Mini Peppers","","Organic Mini Peppers","7.14","0.0","Market Basket","1 lb","1 lb","No Image.jpg","","20"
"180","Kitchen & Cleaning","Cleaning Products","Other Cleaning Products","Spot Shot","Spot Shot Carpet Stain Remover, Instant","","Spot Shot Carpet Stain Remover, Instant","5.39","1.0","Market Basket","14 fl oz","14 fl oz","16826.jpg","","15"
"393","Laundry & Paper Goods","Laundry","Laundry Detergent","Gain","Gain Powder Laundry Detergent for Regular and HE Washers, Hawaiian Aloha Scent,","","Gain Powder Laundry Detergent for Regular and HE Washers, Hawaiian Aloha Scent,","13.74","1.0","Market Basket","100 oz","100 oz","4593.jpg","","15"
"10160","Frozen Food","Ice Cream & Ice","Ice Cream & Ice","Market Basket","Market Basket Ice Cream","","Market Basket Ice Cream","2.49","0.0","Market Basket","1.75 quart","1.75 quart","Market Basket.jpg","","21"
"31922","Meat & Seafood","Packaged Meat & Seafood","Kielbasa","Jenni-O","Jennie-O Tukey Kielbasa Hardwood Smoked ","","Jennie-O Tukey Kielbasa Hardwood Smoked ","4.11","0.0","Market Basket","14 oz","14 oz","X4610.jpg","","1"
"4909","Chips, Cookies & Snacks","Chips & Fruit Snacks","Chips & Pretzels","Rold Gold","Rold Gold Rods Pretzel","","Rold Gold Rods Pretzel","5.14","0.0","Market Basket","12 oz","12 oz","14865.jpg","","0"
"3972","Fresh Produce","Fresh Vegetables","Shallot","Market Basket","Shallot","","Shallot","3.78","0.0","Market Basket","1 count","1 count","14403.jpg","","20"
"31766","Beverages & Juices","Tea, Coffee, Milk & Coconut Water","Tea","Honest","Honest Organic Peach Oolong Tea","657622730855","Honest Organic Peach Oolong Tea","1.66","0.0","Market Basket","16.9 fl oz","16.9 fl oz","X2929.jpg","","10"
"12705","Breakfast & Dairy","Breads & Rolls","Bread","Market Basket","Large Croissants","","Large Croissants","4.39","0.0","Market Basket","5 count","5 count","Market Basket.jpg","","18"
"13410","Breakfast & Dairy","Dairy & Eggs","Eggs","Pete And Gerry's","Pete And Gerry's Organic Eggs Medium Fresh Grade Eggs","","Pete And Gerry's Organic Eggs Medium Fresh Grade Eggs","3.69","0.0","Market Basket","12 count","12 count","615.jpg","","1"
"34910","Beverages & Juices","Juices & Refrigerated Drinks","Refrigerated Drinks","Turkey Hill","TURKEY HILL diet Decaf Tea Lemon Flavored Decaf Tea","","TURKEY HILL diet Decaf Tea Lemon Flavored Decaf Tea","1.88","0.0","Market Basket","64 fl oz","64 fl oz","X858.jpg","","1"
"3599","Fresh Produce","Fresh Vegetables","Cucumber","Market Basket","Cucumber","","Cucumber","0.91","0.0","Market Basket","1 count","1 count","14291.jpg","","20"
"286","Kitchen & Cleaning","Food Storage & Kitchen Supplies","Aluminium Foil","Reynolds","Reynolds Wrap Heavy Duty Non-Stick Aluminum Foil","","Reynolds Wrap Heavy Duty Non-Stick Aluminum Foil","4.59","1.0","Market Basket","35 sq ft","35 sq ft","4421.jpg","","12"
"13602","Breakfast & Dairy","Dairy & Eggs","Other Creams & Cheeses","Market Basket","Market Basket Whole Milk Ricotta","","Market Basket Whole Milk Ricotta","3.09","0.0","Market Basket","32 oz","32 oz","Market Basket.jpg","","1"
"30982","Breakfast & Dairy","Dairy & Eggs","Yogurt","Clio ","Clio Vanilla Greek Yogurt Bar Wrapped in Chocolate 8g Protein Sweet & Tart ","","Clio Vanilla Greek Yogurt Bar Wrapped in Chocolate 8g Protein Sweet & Tart ","1.24","0.0","Market Basket","7 oz","7 oz","X161.jpg","","1"
"32364","Cooking Needs","Rice & Grains","Rice/Pasta Sides","Knorr","Knorr Rice Sides Herb and Butter","041000022692","Knorr Rice Sides Herb and Butter","1.25","0.0","Market Basket","5.4 oz","5.4 oz","X1172.jpg","","4"
"12957","Breakfast & Dairy","Breads & Rolls","Tortillas & Flat Bread","CHI-CHI'S","Chi Chi's Flour Burrito Style Tortillas","","Chi Chi's Flour Burrito Style Tortillas","2.49","0.0","Market Basket","17 oz","17 oz","4822.jpg","","7"
"400","Laundry & Paper Goods","Laundry","Other Laundry Products","Downy","Ultra Downy Ball Dispenser","","Ultra Downy Ball Dispenser","2.11","1.0","Market Basket","1 count","1 count","16904.jpg","","15"
"10189","Frozen Food","Ice Cream & Ice","Ice Cream & Ice","Outshine","Outshine Lime Fruit Ice Bars","","Outshine Lime Fruit Ice Bars","4.29","0.0","Market Basket","6 count","6 count","3163.jpg","","21"
"8189","Condiments & Dressings","Marinades, Ketchup & Sauces","Condiments","Gulden's","Gulden's Spicy Brown Mustard","","Gulden's Spicy Brown Mustard","1.29","0.0","Market Basket","8 oz","8 oz","15357.jpg","","2"
"14847","Personal Care","Body Wash, Soap & Hair Care","Soap","Irish Spring","Irish Spring Deodorant Soap Icy Blast","","Irish Spring Deodorant Soap Icy Blast","4.93","1.0","Market Basket","8 x 3.75 oz","8 x 3.75 oz","6358.jpg","","13"
"33415","Cooking Needs","Canned Food","Canned Fruit & Applesauce","Musselman's ","Musselman's Apple Butter ","","Musselman's Apple Butter ","3.99","0.0","Market Basket","28 oz","28 oz","X631.jpg","","3"
"31036","Condiments & Dressings","Preserved Dips & Spreads","Spreads","Crazy Richardy's","Crazy Richary's 100% Peanuts Creamy Natural Peanut Butter ","","Crazy Richary's 100% Peanuts Creamy Natural Peanut Butter ","3.13","0.0","Market Basket","16 oz","16 oz","X165.jpg","","3"
"6812","Cooking Needs","Baking & Cooking","Baking Ingredients","Comstock","Comstock Original Lite Cherry Pie Filling & Topping","","Comstock Original Lite Cherry Pie Filling & Topping","5.19","0.0","Market Basket","20 oz","20 oz","15715.jpg","","8"
"31021","Pasta & Sauces","Raw Pasta","Raw Pasta","CoraBella","CoraBella Organic Pasta Chickpea Fusilli Pasta","685484002018","CoraBella Organic Pasta Chickpea Fusilli Pasta","3.13","0.0","Market Basket","8.8 oz","8.8 oz","X1587.jpg","","4"
"31641","Frozen Food","Frozen Breakfast","Frozen Breakfast","Handover ","Hnadover baked Soft Pretzels ","028800600008","Hnadover baked Soft Pretzels ","2.49","0.0","Market Basket","13 Oz","13 Oz","X5087.jpg","","19"
"34696","Condiments & Dressings","Marinades, Ketchup & Sauces","Marinades & Meat Preparation","Stubb's","Stubb's Spicy Legendary Bar-B-Q Sauce","734756000020","Stubb's Spicy Legendary Bar-B-Q Sauce","3.75","0.0","Market Basket","18 oz","18 oz","X2031.jpg","","2"
"15332","Personal Care","Vitamins & Proteins","Vitamins & Supplements","Nature Made","Nature Made Fish Oil","","Nature Made Fish Oil","14.02","1.0","Market Basket","180 count","180 count","6679.jpg","","13"
"3648","Fresh Produce","Fresh Fruits","Cantaloupe","Market Basket","Cantaloupe Chunks","","Cantaloupe Chunks","4.93","0.0","Market Basket","1 lb","1 lb","FP12.jpg","","20"
"30149","Beverages & Juices","Juices & Refrigerated Drinks","Juice & Nectars","Apple & Eve","Apple & Eve Apple Juice 100% Juice","076301722125","Apple & Eve Apple Juice 100% Juice","2.5","0.0","Market Basket","64 fl oz","64 fl oz","X2875.jpg","","10"
"8134","Cooking Needs","Canned Food","Soup, Broth & Bouillon","Swanson","Swanson Chicken Broth","","Swanson Chicken Broth","3.09","0.0","Market Basket","32 fl oz","32 fl oz","5393.jpg","","9"
"31042","Breakfast & Dairy","Granola & Oats","Oats","Cream of Wheat ","Cream of Wheat Hot Cereal ","013130006224","Cream of Wheat Hot Cereal ","4.49","0.0","Market Basket","28 oz","28 oz","X3554.jpg","","5"
"3899","Fresh Produce","Fresh Vegetables","Onion","Market Basket","Jumbo Yellow Onions","","Jumbo Yellow Onions","1.29","0.0","Market Basket","1 lb","1 lb","f235.jpg","","20"
"33708","Meat & Seafood","Packaged Meat & Seafood","Sausage","Old Neighborhood ","Old Neighborhood Loconico","","Old Neighborhood Loconico","4.74","0.0","Market Basket","12 oz","12 oz","X4656.jpg","","1"
"34900","Breakfast & Dairy","Dairy & Eggs","Yogurt","Tropical ","Tropical Drinkable Lowfat Yogurt Para Beber Strawberry Banana","","Tropical Drinkable Lowfat Yogurt Para Beber Strawberry Banana","0.99","0.0","Market Basket","7 fl oz","7 fl oz","X844.jpg","","1"
"8318","Condiments & Dressings","Fresh Dips & Tapenades","Salsa","La Mexicana","La Mexicana Salsa, Hot","","La Mexicana Salsa, Hot","3.09","0.0","Market Basket","16 oz","16 oz","5552.jpg","","20"
"5579","Chips, Cookies & Snacks","Candy & Chocolates","Candy & Chocolate","Snickers","Snickers Milk Chocolate Fun Size Bars","","Snickers Milk Chocolate Fun Size Bars","1.29","0.0","Market Basket","3.4 oz","3.4 oz","14936.jpg","","3"
"14466","Breakfast & Dairy","Tea & Coffee","Coffee","Peet's Coffee","Peet's Coffee K Cup Pods Dark Roast Coffee Major Dickason's Blend","","Peet's Coffee K Cup Pods Dark Roast Coffee Major Dickason's Blend","10.99","0.0","Market Basket","10 count","10 count","3316.jpg","","8"
"3810","Fresh Produce","Fresh Organic Vegetables","Broccoli","Jonathan's Sprouts","Jonathan's Sprouts Organic Broccoli Sprouts","","Jonathan's Sprouts Organic Broccoli Sprouts","4.47","0.0","Market Basket","4 oz container","4 oz container","103.jpg","","20"
"7310","Cooking Needs","Spices & Seasonings","Spices & Seasonings","McCormick","McCormick Grill Mates Montreal Steak Seasoning","","McCormick Grill Mates Montreal Steak Seasoning","6.09","0.0","Market Basket","14.5 oz","14.5 oz","2272.jpg","","9"
"5752","Breakfast & Dairy","Bars & Pastries","Protien Bars","Larabar","Larabar Gluten Free Peanut Butter Chocolate Chip Fruit & Nut Bars","","Larabar Gluten Free Peanut Butter Chocolate Chip Fruit & Nut Bars","1.59","0.0","Market Basket","1.6 oz","1.6 oz","1311.jpg","","3"
"190","Kitchen & Cleaning","Cleaning Products","Other Cleaning Products","Weiman","Weiman Degreaser, Gas Range, Heavy Duty","","Weiman Degreaser, Gas Range, Heavy Duty","4.89","1.0","Market Basket","12 oz","12 oz","4312.jpg","","15"
"6605","Beverages & Juices","Juices & Refrigerated Drinks","Refrigerated Drinks","Market Basket","Market Basket NO PULP PREMIUM 100% JUICE Original PASTEURIZED ORANGE JUICE NOT FROM CONCENTRATE","","Market Basket NO PULP PREMIUM 100% JUICE Original PASTEURIZED ORANGE JUICE NOT FROM CONCENTRATE","6.11","0.0","Market Basket","89 fl oz","89 fl oz","X588.jpg","","1"
"33798","Cooking Needs","Oils & Vinegars","Oils & Vinegars","Pam","Pam  No-Stick Cooking Spary Non-Hydrogenated Coconut Oil ","064144031351","Pam  No-Stick Cooking Spary Non-Hydrogenated Coconut Oil ","3.49","0.0","Market Basket","5 oz","5 oz","X1941.jpg","","2"
"34091","Breakfast & Dairy","Cereal","Cereal","Post","Post Orignal Grape-nuts Cereal ","884912004710","Post Orignal Grape-nuts Cereal ","3.75","0.0","Market Basket","20.5 oz","20.5 oz","X3312.jpg","","5"
"6281","Beverages & Juices","Soft Drinks & Seltzers","Seltzer","Market Basket","Market Basket Coconut Seltzer","","Market Basket Coconut Seltzer","1.24","0.0","Market Basket","1 L","1 L","Market Basket.jpg","","11"
"8742","Condiments & Dressings","Preserved Dips & Spreads","Preserved Dips & Salsa","Joseph's","Joseph's Olive Hommus","","Joseph's Olive Hommus","3.69","0.0","Market Basket","10 oz","10 oz","15601.jpg","","1"
"33430","Beverages & Juices","Juices & Refrigerated Drinks","Juice & Nectars","Nantucket Nectars","Nantucket Nectars Red Plum Lemonade","726284000535","Nantucket Nectars Red Plum Lemonade","1.86","0.0","Market Basket","16 fl oz","16 fl oz","X3015.jpg","","10"
"14664","Personal Care","Body Wash, Soap & Hair Care","Body Lotion","Eucerin","Eucerin Intensive Repair Alpha Hydroxy & Natural Moisturizing Factor Enriched Rich Feel Fragrance Free Lotion","","Eucerin Intensive Repair Alpha Hydroxy & Natural Moisturizing Factor Enriched Rich Feel Fragrance Free Lotion","15.51","1.0","Market Basket","16.9 fl oz","16.9 fl oz","6368.jpg","","13"
"14695","Personal Care","Body Wash, Soap & Hair Care","Body Wash","Irish Spring","Irish Spring Body Wash GEAR Exfoliating Clean","","Irish Spring Body Wash GEAR Exfoliating Clean","4.93","1.0","Market Basket","15 fl oz","15 fl oz","6360.jpg","","13"
"32691","Cooking Needs","Canned Food","Baked Beans","Manwich ","Manwish Original Sloppy Joy Sauce","","Manwish Original Sloppy Joy Sauce","1.24","0.0","Market Basket","15 oz","15 oz","X1856.jpg","","2"
"30346","Chips, Cookies & Snacks","Candy & Chocolates","Candy & Chocolate","Bark Thins","Bark Thins Snacking Chocolate Dark Chocolate Pretzel & Sea Salt ","","Bark Thins Snacking Chocolate Dark Chocolate Pretzel & Sea Salt ","4.49","0.0","Market Basket","4.7 oz","4.7 oz","X32.jpg","","3"
"14539","Breakfast & Dairy","Tea & Coffee","Tea","Bigelow ","Bigelow Spiced Chai Decaffeinated Black Tea","","Bigelow Spiced Chai Decaffeinated Black Tea","2.49","0.0","Market Basket","20 x 1.73 oz","20 x 1.73 oz","3419.jpg","","8"
"7920","Cooking Needs","Canned Food","Soup, Broth & Bouillon","Bumble Bee","Bumble Bee Snow's New England Corn Chowder Condensed Soup","","Bumble Bee Snow's New England Corn Chowder Condensed Soup","1.69","0.0","Market Basket","15 oz","15 oz","17242.jpg","","2"
"31033","Pasta & Sauces","Instant Pasta","Instant Pasta","Cracker Barrel","Cracker Barrel Oven Baked Macaroni & Cheese dinner Sharp Cheddar ","021000065066","Cracker Barrel Oven Baked Macaroni & Cheese dinner Sharp Cheddar ","4.99","0.0","Market Basket","12.3 oz","12.3 oz","X1184.jpg","","4"
"34141","Pasta & Sauces","Pasta Sauce","Pasta Sauce","Prego","Prego Italian Sauce Traditional","051000025494","Prego Italian Sauce Traditional","2.5","0.0","Market Basket","24 oz","24 oz","X1435.jpg","","4"
"4910","Chips, Cookies & Snacks","Chips & Fruit Snacks","Chips & Pretzels","Rold Gold","Rold Gold Sticks Pretzels","","Rold Gold Sticks Pretzels","5.14","0.0","Market Basket","1 lb","1 lb","14888.jpg","","0"
"15114","Personal Care","Personal Needs","Facial Care","Olay","Olay Exfoliating Scrub, Deep Pore Clean, Out of This Swirled!","","Olay Exfoliating Scrub, Deep Pore Clean, Out of This Swirled!","9.19","1.0","Market Basket","5 oz","5 oz","No Image.jpg","","13"
"32386","Breakfast & Dairy","Breads & Rolls","Rolls","Koffee Kup Bakery","Koffee Kup Bakery Sourdough Hoagie Rolls","074016016744","Koffee Kup Bakery Sourdough Hoagie Rolls","4.86","0.0","Market Basket","16.7 oz","16.7 oz","X2587.jpg","","18"
"226","Kitchen & Cleaning","Cleaning Products","Toilet Cleaner","X-14","X-14 Automatic Toilet Bowl Cleaner","","X-14 Automatic Toilet Bowl Cleaner","1.69","1.0","Market Basket","1.6 oz","1.6 oz","16818.jpg","","15"
"4815","Chips, Cookies & Snacks","Chips & Fruit Snacks","Chips & Pretzels","Cape Cod","Cape Cod 40% Reduced Fat Potato Chips","","Cape Cod 40% Reduced Fat Potato Chips","5.92","0.0","Market Basket","8 x 0.75 oz","8 x 0.75 oz","919.jpg","","0"
"5181","Chips, Cookies & Snacks","Cookies & Crackers","Crackers","Keebler","Keebler Cheese & Peanut Butter Sandwich Crackers","","Keebler Cheese & Peanut Butter Sandwich Crackers","3.91","0.0","Market Basket","11 oz","11 oz","No Image.jpg","","6"
"32862","Breakfast & Dairy","Breads & Rolls","Bread","Market Basket","Market Basket Split Top Wheat Bread","049705811092","Market Basket Split Top Wheat Bread","1.88","0.0","Market Basket","20 oz","20 oz","X2387.jpg","","18"
"6846","Cooking Needs","Baking & Cooking","Baking Ingredients","Ghirardelli Chocolate","Ghirardelli Chocolate Mini Baking Chips Semi Sweet Chocolate","","Ghirardelli Chocolate Mini Baking Chips Semi Sweet Chocolate","3.69","0.0","Market Basket","10 oz","10 oz","2343.jpg","","8"
"30398","Cooking Needs","Rice & Grains","Instant Food","Betty Crocker","Betty Crocker Hamburger Helper Stroganof","016000416284","Betty Crocker Hamburger Helper Stroganof","1.88","0.0","Market Basket","6.4 oz","6.4 oz","X1142.jpg","","4"
"33655","Beverages & Juices","Juices & Refrigerated Drinks","Juice & Nectars","Ocean Spray","Ocean Spray Cran Raspberry Juice Drink from Concentrate","031200261076","Ocean Spray Cran Raspberry Juice Drink from Concentrate","3.74","0.0","Market Basket","64 fl oz","64 fl oz","X2821.jpg","","10"
"35333","Richardson's Farm Ice Cream","Frozen Yogurt","Black Raspberry","Richarson's Farm","Richarson's Farm Purple Berry Chip Frozen Yogurt 95% Fat Free","","Black raspberry yogurt with dark and white chocolate chips","29.99","0.0","Richardson's Farm","3 Gal. Tub","3 Gal. Tub","RichardsonsFarm.jpg","",""
"6362","Beverages & Juices","Soft Drinks & Seltzers","Seltzer","Polar","Polar Seltzer Raspberry Lime","","Polar Seltzer Raspberry Lime","3.74","0.0","Market Basket","6 x 16.9 fl oz","6 x 16.9 fl oz","No Image.jpg","","11"
"32708","Condiments & Dressings","Salad Dressings & Toppings","Dressing","Maple Grove Farms","Maple Grove Farms of Vermont Fat Free Honey Dijon Dressing ","","Maple Grove Farms of Vermont Fat Free Honey Dijon Dressing ","3.11","0.0","Market Basket","8 fl oz","8 fl oz","X1715.jpg","","2"
"33471","Breakfast & Dairy","Bars & Pastries","Granola Bars","Nature Valley ","Nature Valley Crunch Granola Bars Peanut Butter Dark Chocolate","016000140974","Nature Valley Crunch Granola Bars Peanut Butter Dark Chocolate","3.75","0.0","Market Basket","6 x 1.49 oz","6 x 1.49 oz","X3821.jpg","","5"
"3553","Fresh Produce","Fresh Vegetables","Bok Choy","Market Basket","Bok Choy Tips","","Bok Choy Tips","3.55","0.0","Market Basket","1 lb","1 lb","FP99.jpg","","20"
"30486","Cooking Needs","Rice & Grains","Grains, Rice & Dried Goods","Bob's Red Mill","Bob's Red Mill Organic Whole Chia Seeds Gluten Free","039978008442","Bob's Red Mill Organic Whole Chia Seeds Gluten Free","8.74","0.0","Market Basket","12 oz","12 oz","X1074.jpg","","4"
"32817","Breakfast & Dairy","Bars & Pastries","Granola Bars","Market Basket","Market Basket Chewy Granola Bars S'mores","049705020432","Market Basket Chewy Granola Bars S'mores","2.5","0.0","Market Basket","8.4 oz","8.4 oz","X3803.jpg","","5"
"13322","Breakfast & Dairy","Dairy & Eggs","Cream","Classic Cream","Classic Cream Whipping Cream","","Classic Cream Whipping Cream","3.29","0.0","Market Basket","14 fl oz","14 fl oz","Market Basket.jpg","","1"
"66","Kitchen & Cleaning","Air Fresheners & Candles","Other Air Fresheners & Candles","Glade","Glade Plug In Scented Oil Crisp Waters Scented Oil","","Glade Plug In Scented Oil Crisp Waters Scented Oil","6.09","1.0","Market Basket","1.34 fl oz","1.34 fl oz","4249.jpg","","15"
"4097","Meat & Seafood","Meat & Seafood Counter","Beef","Market Basket","Market Basket Certified Angus Beef Tenderloin Steak","","Market Basket Certified Angus Beef Tenderloin Steak","23.19","0.0","Market Basket","Approx: 1.00 lb at $23.1/lb","Approx: 1.00 lb at $23.1/lb","Market Basket.jpg","","22"
"13919","Breakfast & Dairy","Dairy & Eggs","Soy & Lactose-Free Milk","Lactaid","Lactaid 100% Lactose Free 2% Reduced Fat Milk","","Lactaid 100% Lactose Free 2% Reduced Fat Milk","6.24","0.0","Market Basket","96 fl oz","96 fl oz","765.jpg","","1"
"5332","Breakfast & Dairy","Bars & Pastries","Breakfast Bars","Nature's Bakery","Nature's Bakery Oatmeal Crumble Cherry","","Nature's Bakery Oatmeal Crumble Cherry","4.69","0.0","Market Basket","6 x 1.41 oz","6 x 1.41 oz","No Image.jpg","","6"
"7339","Cooking Needs","Spices & Seasonings","Spices & Seasonings","McCormick","McCormick Perfect Pinch Italian Seasoning","","McCormick Perfect Pinch Italian Seasoning","4.89","0.0","Market Basket","3.25 oz","3.25 oz","15669.jpg","","9"
"33150","Condiments & Dressings","Pickled Goods & Olives","Relish","Market Basket ","Market Basket sweet Relish ","049705018828","Market Basket sweet Relish ","3.74","0.0","Market Basket","1 count","1 count","X2207.jpg","","2"
"7519","Cooking Needs","Canned Food","Canned & Jarred Vegetables","Market Basket","Market Basket No Salt Added Whole Kernel Golden Sweetcorn","","Market Basket No Salt Added Whole Kernel Golden Sweetcorn","0.79","0.0","Market Basket","15.25 oz","15.25 oz","Market Basket.jpg","","9"
"31370","Condiments & Dressings","Marinades, Ketchup & Sauces","Mustard Sauce","French's ","French's Since 1904 Classic Yellow Mustard No Artifical Flavors A,merican Flavor in a Bottle ","041500000251","French's Since 1904 Classic Yellow Mustard No Artifical Flavors A,merican Flavor in a Bottle ","3.75","0.0","Market Basket","8.11 oz","8.11 oz","X2176.jpg","","2"
"32206","Breakfast & Dairy","Cereal","Cereal","Kellogg's ","Kellog's Honey Smacks","038000391033","Kellog's Honey Smacks","4.11","0.0","Market Basket","15.3 oz","15.3 oz","X3378.jpg","","5"
"34088","Breakfast & Dairy","Cereal","Cereal","Post","Post Raisins, Dates & Pecans Great Grains Cereal","884912126115","Post Raisins, Dates & Pecans Great Grains Cereal","3.75","0.0","Market Basket","16 oz","16 oz","X3307.jpg","","5"
"4819","Chips, Cookies & Snacks","Chips & Fruit Snacks","Chips & Pretzels","Cape Cod","Cape Cod Kettle Cooked Potato Chips Dark Russet","","Cape Cod Kettle Cooked Potato Chips Dark Russet","5.92","0.0","Market Basket","7.5 oz","7.5 oz","17919.jpg","","0"
"7617","Cooking Needs","Canned Food","Canned Fruit & Applesauce","Del Monte","Del Monte Mandarin Oranges","","Del Monte Mandarin Oranges","1.89","0.0","Market Basket","15 oz","15 oz","4922.jpg","","3"
"30124","Pasta & Sauces","Instant Pasta","Instant Pasta","Annie's ","Annies Homegrown Shells & white Cheddar Macaroni & Cheese","013562300624","Annies Homegrown Shells & white Cheddar Macaroni & Cheese","3.36","0.0","Market Basket","10.5 oz","10.5 oz","X1194.jpg","","4"
"3467","Fresh Produce","Fresh Fruits","Pear","Market Basket","Organic Pouch Bag Anjou Pears","","Organic Pouch Bag Anjou Pears","4.49","0.0","Market Basket","2 lb","2 lb","f52.jpg","","20"
"6166","Beverages & Juices","Soft Drinks & Seltzers","Soft Drinks","Pepsi","Pepsi Original","","Pepsi Original","5.0","0.0","Market Basket","6 x 16.9 fl oz","6 x 16.9 fl oz","3922.jpg","","17"
"539","Laundry & Paper Goods","Laundry","Laundry Detergent","all","all stainlifters free clear odor relief 49 Loads Laundry Detergent","","all stainlifters free clear odor relief 49 Loads Laundry Detergent","10.61","1.0","Market Basket","88 fl oz","88 fl oz","No Image.jpg","","15"
"31669","Frozen Food","Frozen Dinners & Entrees","Frozen Meal","Healthy Choice","Healthy Choice Power Bowls Korean-Inspired Beef","072655001343","Healthy Choice Power Bowls Korean-Inspired Beef","4.36","0.0","Market Basket","9.5 oz","9.5 oz","X4083.jpg","","18"
"33427","Beverages & Juices","Juices & Refrigerated Drinks","Juice & Nectars","Nantucket Nectars","Nantucket Nectars Pressed Apple Juice","726284000153","Nantucket Nectars Pressed Apple Juice","1.86","0.0","Market Basket","16 fl oz","16 fl oz","X3012.jpg","","10"
"8557","Cooking Needs","Oils & Vinegars","Oils & Vinegars","Newman's Own","Newman's Own Dressing Oil & Vinegar","","Newman's Own Dressing Oil & Vinegar","3.09","0.0","Market Basket","12 fl oz","12 fl oz","15484.jpg","","2"
"35052","Condiments & Dressings","Pickled Goods & Olives","Dil Spears","Vlasic ","Farmer's Garden By Vlasic Kosher Dill Spears ","054100016201","Farmer's Garden By Vlasic Kosher Dill Spears ","3.74","0.0","Market Basket","26 fl oz","26 fl oz","X3263.jpg","","2"
"14414","Breakfast & Dairy","Tea & Coffee","Coffee","Maxwell House","Maxwell House 100% Colombian Ground Coffee","","Maxwell House 100% Colombian Ground Coffee","9.79","0.0","Market Basket","28 oz","28 oz","3388.jpg","","8"
"33576","Beverages & Juices","Energy & Sports Drinks","Energy & Sports Drinks","Neuro Sonic","Neuro Sonic Superfruit Infusion","899407003000","Neuro Sonic Superfruit Infusion","2.5","0.0","Market Basket","14.5 fl oz","14.5 fl oz","X2725.jpg","","10"
"10197","Frozen Food","Ice Cream & Ice","Ice Cream & Ice","Outshine","Outshine Watermelon Frozen Fruit Bars","","Outshine Watermelon Frozen Fruit Bars","3.69","0.0","Market Basket","14.7 fl oz","14.7 fl oz","3162.jpg","","21"
"4064","Meat & Seafood","Meat & Seafood Counter","Beef","Market Basket","Boneless Thin Chuck","","Boneless Thin Chuck","6.09","0.0","Market Basket","1 lb","1 lb","Market Basket.jpg","","22"
"115","Kitchen & Cleaning","Cleaning Products","Cleaning Brush","Butler Gum","Butler Gum Power Brush","","Butler Gum Power Brush","4.89","1.0","Market Basket","1 count","1 count","No Image.jpg","","15"
"33012","Pasta & Sauces","Raw Pasta","Raw Pasta","Market Basket","Market Basket Pasta Farfalle","049795310649","Market Basket Pasta Farfalle","1.25","0.0","Market Basket","12 oz","12 oz","X1667.jpg","","4"
"3805","Fresh Produce","Fresh Organic Vegetables","Beet","Market Basket","Organic Beets","","Organic Beets","4.24","0.0","Market Basket","1 count","1 count","FP119.jpg","","20"
"5027","Chips, Cookies & Snacks","Chips & Fruit Snacks","Ready Popcorn","Wise","Wise Popcorn White Cheddar","","Wise Popcorn White Cheddar","3.91","0.0","Market Basket","6 oz","6 oz","No Image.jpg","","0"
"30350","Breakfast & Dairy","Granola & Oats","Granola","Bear Naked ","Bear Naked Granola Banana Nut ","856416000178","Bear Naked Granola Banana Nut ","4.74","0.0","Market Basket","12 oz","12 oz","X3774.jpg","","5"
"3596","Fresh Produce","Fresh Vegetables","Cucumber","Market Basket","Seedless European Cucumbers","","Seedless European Cucumbers","1.64","0.0","Market Basket","1 count","1 count","f183.jpg","","20"
"7003","Cooking Needs","Baking & Cooking","Doughs, Gelatins & Bake Mixes","Market Basket","Market Basket Pizza Dough","","Market Basket Pizza Dough","1.59","0.0","Market Basket","18.5 oz","18.5 oz","Market Basket.jpg","","8"
"31055","Breakfast & Dairy","Cereal","Molasses","Crosby's","Crosby's Fancy Molasses ","056786000826","Crosby's Fancy Molasses ","3.11","0.0","Market Basket","16 fl oz","16 fl oz","X3191.jpg","","2"
"8605","Condiments & Dressings","Pickled Goods & Olives","Pickled Goods & Olives","Claussen","Claussen Mini Kosher Dill Pickles","","Claussen Mini Kosher Dill Pickles","3.69","0.0","Market Basket","20 fl oz","20 fl oz","1926.jpg","","1"
"32801","Chips, Cookies & Snacks","Candy & Chocolates","Candy & Chocolate","Market Basket","Market Basket Premium Dark Chocolate Espresso Beans","","Market Basket Premium Dark Chocolate Espresso Beans","1.56","0.0","Market Basket","3 oz","3 oz","X517.jpg","","3"
"8111","Cooking Needs","Canned Food","Soup, Broth & Bouillon","Progresso","Progresso Soup, Low Fat Light, Savory Vegetable Barley Soup","","Progresso Soup, Low Fat Light, Savory Vegetable Barley Soup","2.79","0.0","Market Basket","18.5 oz","18.5 oz","5279.jpg","","9"
"6201","Beverages & Juices","Soft Drinks & Seltzers","Soft Drinks","7 up","7 Up Diet Lemon Lime Box of Cans","","7 Up Diet Lemon Lime Box of Cans","6.86","0.0","Market Basket","12 x 12 fl oz","12 x 12 fl oz","No Image.jpg","","17"
"5125","Chips, Cookies & Snacks","Cookies & Crackers","Cookies & Cakes","Pepperidge Farm Milano","Pepperidge Farm Milano Milano Milk Chocolate Cookies","","Pepperidge Farm Milano Milano Milk Chocolate Cookies","4.69","0.0","Market Basket","6 oz","6 oz","1149.jpg","","6"
"34844","Breakfast & Dairy","Breads & Rolls","English Muffins","Thomas","Thomas English Muffins Honey Wheat","048121181048","Thomas English Muffins Honey Wheat","6.24","0.0","Market Basket","13 oz","13 oz","X2613.jpg","","18"
"33614","Frozen Food","Frozen Dinners & Entrees","Frozen Appetizers & Sides","NewYork Bakery","NewYork BakerY Texas Toast Five Cheese","070459005734","NewYork BakerY Texas Toast Five Cheese","3.74","0.0","Market Basket","13.5 oz","13.5 oz","X4354.jpg","","18"
"423","Kitchen & Cleaning","Trash Bags & Liners","Large Trash Bags","Market Basket","Market Basket White Jumbo Bags","","Market Basket White Jumbo Bags","2.99","1.0","Market Basket","12 count","12 count","Market Basket.jpg","","12"
"9760","Frozen Food","Frozen Produce","Frozen Produce","Birds Eye","Birds Eye Broccoli Florets Carrots & Water Chestnuts","","Birds Eye Broccoli Florets Carrots & Water Chestnuts","2.49","0.0","Market Basket","1 lb","1 lb","17926.jpg","","19"
"32974","Cooking Needs","Canned Food","Canned Tomatoes","Market Basket","Market Basket select Tomato Sauce","049705065426","Market Basket select Tomato Sauce","1.49","0.0","Market Basket","29 oz","29 oz","X1388.jpg","","4"
"30842","Cooking Needs","Rice & Grains","Rice","Carolina ","Carolina Whole Grain Brown Rice ","017400108700","Carolina Whole Grain Brown Rice ","6.24","0.0","Market Basket","80 oz","80 oz","X1051.jpg","","4"
"6573","Beverages & Juices","Juices & Refrigerated Drinks","Refrigerated Drinks","Bolthouse Farms","Bolthouse Farms Green Goodness","","Bolthouse Farms Green Goodness","3.09","0.0","Market Basket","15.21 fl oz","15.21 fl oz","3833.jpg","","20"
"3811","Fresh Produce","Fresh Organic Vegetables","Broccoli","Market Basket","Organic Broccoli Florettes","","Organic Broccoli Florettes","4.24","0.0","Market Basket","9 oz bag","9 oz bag","14333.jpg","","20"
"3622","Fresh Produce","Fresh Fruits","Apple","Market Basket","Fuji Apple","","Fuji Apple","1.78","0.0","Market Basket","1 count","1 count","14228.jpg","","20"
"6885","Cooking Needs","Baking & Cooking","Baking Ingredients","Market Basket","Market Basket Powdered Sugar","","Market Basket Powdered Sugar","1.89","0.0","Market Basket","32 oz","32 oz","Market Basket.jpg","","8"
"9902","Frozen Food","Frozen Produce","Frozen Produce","Seapoint Farms","Seapoint Farms Edamame Organic Shelled Soybeans","","Seapoint Farms Edamame Organic Shelled Soybeans","3.29","0.0","Market Basket","12 oz","12 oz","2494.jpg","","19"
"14460","Breakfast & Dairy","Tea & Coffee","Coffee","Peet's Coffee","Peet's Coffee French Roast Dark Roast Ground Coffee","","Peet's Coffee French Roast Dark Roast Ground Coffee","10.99","0.0","Market Basket","12 oz","12 oz","3327.jpg","","8"
"30351","Breakfast & Dairy","Granola & Oats","Granola","Bear Naked ","Bear Naked Granola Peanut Butter ","884623102453","Bear Naked Granola Peanut Butter ","4.74","0.0","Market Basket","12 oz","12 oz","X3775.jpg","","5"
"14436","Breakfast & Dairy","Tea & Coffee","Coffee","Nescafe","Nescafe Taster's Choice House Blend Instant Coffee","","Nescafe Taster's Choice House Blend Instant Coffee","4.09","0.0","Market Basket","22 count","22 count","3401.jpg","","8"
"13728","Breakfast & Dairy","Dairy & Eggs","Packaged Cheese","Market Basket","Market Basket Colby Jack Block Cheese","","Market Basket Colby Jack Block Cheese","6.09","0.0","Market Basket","1 lb","1 lb","Market Basket.jpg","","1"
"31661","Frozen Food","Frozen Dinners & Entrees","Frozen Meal","Healthy Choice","Healthy Choice Chicken Linguini with Red Pepper Alfredo","072655001039","Healthy Choice Chicken Linguini with Red Pepper Alfredo","3.13","0.0","Market Basket","9.8 oz","9.8 oz","X4074.jpg","","18"
"34929","Cooking Needs","Rice & Grains","Instant Rice","Uncle Ben's","Uncle Ben's Ready Rice Rice Pilaf with Orzo Pasta","054800085453","Uncle Ben's Ready Rice Rice Pilaf with Orzo Pasta","2.5","0.0","Market Basket","8.8 oz","8.8 oz","X959.jpg","","4"
"9874","Frozen Food","Frozen Produce","Frozen Produce","Market Basket","Market Basket Pepper Strips","","Market Basket Pepper Strips","1.09","0.0","Market Basket","8 oz","8 oz","Market Basket.jpg","","19"
"13273","Breakfast & Dairy","Dairy & Eggs","Butter","Canolea","Canoleo Original Canola Oil Based Margarine","","Canoleo Original Canola Oil Based Margarine","3.69","0.0","Market Basket","16 oz","16 oz","14770.jpg","","1"
"6991","Cooking Needs","Baking & Cooking","Doughs, Gelatins & Bake Mixes","Jell-O","Jell O Vanilla Cook & Serve Pudding & Pie Filling Mix","","Jell O Vanilla Cook & Serve Pudding & Pie Filling Mix","1.09","0.0","Market Basket","3 oz","3 oz","2072.jpg","","8"
"6435","Beverages & Juices","Soft Drinks & Seltzers","Soft Drinks","Market Basket","Market Basket Club Soda","","Market Basket Club Soda","2.24","0.0","Market Basket","6 x 8 fl oz","6 x 8 fl oz","Market Basket.jpg","","17"
"33106","Cooking Needs","Oils & Vinegars","Oils & Vinegars","Market Basket ","Market Basket Extra Virgin Greek Olive Oil Rich Flavor Use In Pasta Dishes,Salad","049705022894","Market Basket Extra Virgin Greek Olive Oil Rich Flavor Use In Pasta Dishes,Salad","17.49","0.0","Market Basket","101 fl oz","101 fl oz","X2019.jpg","","2"
"35343","Richardson's Farm Ice Cream","Frozen Yogurt","Black Raspberry","Richarson's Farm","Richarson's Farm Purple Berry Chip Frozen Yogurt 95% Fat Free","","Black raspberry yogurt with dark and white chocolate chips","7.99","0.0","Richardson's Farm","1-2 Gal. Container","1-2 Gal. Container","RichardsonsFarm.jpg","",""
"10532","Cooking Needs","Rice & Grains","Instant Food","McCormick","McCormick Original Taco Seasoning Mix","","McCormick Original Taco Seasoning Mix","1.89","0.0","Market Basket","1 oz","1 oz","17390.jpg","","9"
"552","Laundry & Paper Goods","Laundry","Fabric Softener","Gain","Gain fabric Softener original 60 Loads","","Gain fabric Softener original 60 Loads","6.86","1.0","Market Basket","1.53 L","1.53 L","No Image.jpg","","15"
"9420","Frozen Food","Frozen Dinners & Entrees","Frozen Meal","Birds Eye","Birds Eye Steamfresh Selects Brown & Wild Rice with Broccoli & Carrots","","Birds Eye Steamfresh Selects Brown & Wild Rice with Broccoli & Carrots","1.89","0.0","Market Basket","10 oz","10 oz","2788.jpg","","18"
"10409","Cooking Needs","Canned Food","Canned Food","Goya","Goya Golden Canilla Extra Long Grain Parboiled Rice","","Goya Golden Canilla Extra Long Grain Parboiled Rice","6.49","0.0","Market Basket","60 oz","60 oz","5802.jpg","","4"
"33022","Pasta & Sauces","Raw Pasta","Raw Pasta","Market Basket","Market Basket Oven Ready Lasagna","049795310212","Market Basket Oven Ready Lasagna","1.88","0.0","Market Basket","12 oz","12 oz","X1677.jpg","","4"
"14441","Breakfast & Dairy","Tea & Coffee","Coffee","New England Coffee","New England Coffee Colombian Supremo Ground Coffee","","New England Coffee Colombian Supremo Ground Coffee","7.39","0.0","Market Basket","11 oz","11 oz","3374.jpg","","8"
"13483","Breakfast & Dairy","Dairy & Eggs","Milk","Hood","Hood Vitamins C & D Milk","","Hood Vitamins C & D Milk","1.69","0.0","Market Basket","1 count","1 count","484.jpg","","1"
"13032","Breakfast & Dairy","Cereal","Cereal","Honey Bunches","Honey Bunches Of Oats Crispy with Almonds Cereal","","Honey Bunches Of Oats Crispy with Almonds Cereal","4.89","0.0","Market Basket","27 oz","27 oz","17566.jpg","","5"
"33468","Breakfast & Dairy","Bars & Pastries","Granola Bars","Nature Valley ","Nature Valley Crunchy Oats N' Dark Chocolate Granola Bars","016000413146","Nature Valley Crunchy Oats N' Dark Chocolate Granola Bars","3.75","0.0","Market Basket","6 x 1.49 oz","6 x 1.49 oz","X3818.jpg","","5"
"5927","Beverages & Juices","Tea, Coffee, Milk & Coconut Water","Single To-Go Coffee","KITU","KITU Super Coffee Vanilla","","KITU Super Coffee Vanilla","3.13","0.0","Market Basket","12 fl oz","12 fl oz","No Image.jpg","","17"
"15209","Personal Care","Personal Needs","Oral Hygiene","Gum","GUM Professional Clean Flossers with Extra Strong Floss Fresh Mint - 40 CT","","GUM Professional Clean Flossers with Extra Strong Floss Fresh Mint - 40 CT","2.86","1.0","Market Basket","40 count","40 count","6445.jpg","","13"
"14895","Personal Care","Feminine Care","Menstrual Pads","U by Kotex","U by Kotex - Premium Pads, Maxi, Super, Long","","U by Kotex - Premium Pads, Maxi, Super, Long","4.47","1.0","Market Basket","22 count","22 count","6520.jpg","","13"
"32477","Beverages & Juices","Juices & Refrigerated Drinks","Juice & Nectars","Langers","Langers Fruit Punch 100% Juice","041755400066","Langers Fruit Punch 100% Juice","2.5","0.0","Market Basket","64 fl oz","64 fl oz","X2853.jpg","","10"
"31750","Cooking Needs","Oils & Vinegars","Cooking Wine","Holland House ","Holland House Cooking Wine ","","Holland House Cooking Wine ","3.25","0.0","Market Basket","16 oz","16 oz","X1773.jpg","","2"
"33275","Condiments & Dressings","Pickled Goods & Olives","Pickled Goods & Olives","Mezzetta ","Mezzetta Snice 1935 Family Co Italian Mix Giardiniera Crunchy Vegeables Mild ","073214001026","Mezzetta Snice 1935 Family Co Italian Mix Giardiniera Crunchy Vegeables Mild ","3.74","0.0","Market Basket","16 fl oz","16 fl oz","X3246.jpg","","2"
"12975","Breakfast & Dairy","Breads & Rolls","Tortillas & Flat Bread","Market Basket","Market Basket Whole Wheat Tortillas Soft Taco Size 8""","","Market Basket Whole Wheat Tortillas Soft Taco Size 8""","2.09","0.0","Market Basket","16 oz","16 oz","Market Basket.jpg","","7"
"33618","Chips, Cookies & Snacks","Candy & Chocolates","Candy & Chocolate","Nips","Nips Caramel Rich & Creamy Hard Candy Sugar free Not a Low Calorie Food ","","Nips Caramel Rich & Creamy Hard Candy Sugar free Not a Low Calorie Food ","2.11","0.0","Market Basket","3.25 oz","3.25 oz","X665.jpg","","3"
"14996","Personal Care","First Aid & Healthcare","Muscles, Joints & Pain Relief","Market Basket","Market Basket Extra Strength Non Aspirin Pain Relief Acetaminophen","","Market Basket Extra Strength Non Aspirin Pain Relief Acetaminophen","4.24","1.0","Market Basket","50 count","50 count","Market Basket.jpg","","13"
"34320","Pasta & Sauces","Raw Pasta","Raw Pasta","Rao's","Rao's Homemade Pasta Fusilli","747479100052","Rao's Homemade Pasta Fusilli","2.5","0.0","Market Basket","16 oz","16 oz","X1550.jpg","","4"
"6163","Beverages & Juices","Soft Drinks & Seltzers","Soft Drinks","Pepsi","Pepsi Diet Caffeine Free","","Pepsi Diet Caffeine Free","2.5","0.0","Market Basket","2 L","2 L","No Image.jpg","","17"
"14861","Personal Care","Body Wash, Soap & Hair Care","Soap","Market Basket","Market Basket Liquid Hand Soap With Aloe Refill","","Market Basket Liquid Hand Soap With Aloe Refill","4.7","1.0","Market Basket","56 fl oz","56 fl oz","Market Basket.jpg","","13"
"5428","Chips, Cookies & Snacks","Candy & Chocolates","Candy & Chocolate","Brookside","Brookside Dark Chocolate Pomegranate Flavor","","Brookside Dark Chocolate Pomegranate Flavor","3.69","0.0","Market Basket","7 oz","7 oz","14942.jpg","","3"
"4587","Meat & Seafood","Lunch Meat","Turkey","Fresh","Oscar Mayer Deli Fresh Shaved Honey Smoked Turkey Breast","","Oscar Mayer Deli Fresh Shaved Honey Smoked Turkey Breast","6.09","0.0","Market Basket","9 oz","9 oz","5408.jpg","","1"
"6006","Beverages & Juices","Energy & Sports Drinks","Energy & Sports Drinks","Monster","Monster Energy Ultra Fiesta","","Monster Energy Ultra Fiesta","2.49","0.0","Market Basket","16 fl oz","16 fl oz","No Image.jpg","","17"
"33322","Beverages & Juices","Juices & Refrigerated Drinks","Refrigerated Drinks","Minute maid","Minute Maid Zero sugar LEMONADE","","Minute Maid Zero sugar LEMONADE","3.13","0.0","Market Basket","52 fl oz","52 fl oz","X610.jpg","","1"
"34593","Frozen Food","Frozen Dinners & Entrees","Frozen Appetizers & Sides","Soup Singles","Soup Singles Chicken Broth","071262290171","Soup Singles Chicken Broth","1.86","0.0","Market Basket","10.5 oz","10.5 oz","X4326.jpg","","18"
"4906","Chips, Cookies & Snacks","Chips & Fruit Snacks","Chips & Pretzels","Cheetos","Cheetos Puffs Cheese Flavored Snacks","","Cheetos Puffs Cheese Flavored Snacks","6.23","0.0","Market Basket","8 oz","8 oz","14823.jpg","","0"
"33603","Condiments & Dressings","Salad Dressings & Toppings","Salad Dressing & Toppings","Newmen's Own","Newmen's Own Classic Oil & Vinegar Dressing","020662000026","Newmen's Own Classic Oil & Vinegar Dressing","4.11","0.0","Market Basket","16 fl oz","16 fl oz","X652.jpg","","2"
"33688","Breakfast & Dairy","Dairy & Eggs","Yogurt","Oikos","Oikos Triple Zero Strawberry Banana Flavor","","Oikos Triple Zero Strawberry Banana Flavor","1.25","0.0","Market Basket","5.3 oz","5.3 oz","X686.jpg","","1"
"8451","Condiments & Dressings","Marinades, Ketchup & Sauces","Marinades & Meat Preparation","McCormick","McCormick Slow Cookers BBQ Pulled Pork Seasoning Mix","","McCormick Slow Cookers BBQ Pulled Pork Seasoning Mix","1.89","0.0","Market Basket","1.6 oz","1.6 oz","15571.jpg","","9"
"32199","Breakfast & Dairy","Cereal","Cereal","Kellogg's ","Kellogg' Raisin Bran With Cranberries","038000199837","Kellogg' Raisin Bran With Cranberries","3.75","0.0","Market Basket","14 oz","14 oz","X3365.jpg","","5"
"30198","Breakfast & Dairy","Breads & Rolls","Bread","Arnold","Arnold 100% Whole Wheat Bread","073410013755","Arnold 100% Whole Wheat Bread","5.86","0.0","Market Basket","24 oz","24 oz","X2493.jpg","","18"
"107","Kitchen & Cleaning","Cleaning Products","Bleach","Lysol","Lysol Mold & Mildew Foamer with Bleach","","Lysol Mold & Mildew Foamer with Bleach","3.69","1.0","Market Basket","28 fl oz","28 fl oz","4257.jpg","","15"
"6864","Cooking Needs","Baking & Cooking","Baking Ingredients","Hodgson Mill","Hodgson Mill Corn Starch","","Hodgson Mill Corn Starch","1.89","0.0","Market Basket","16 oz","16 oz","15673.jpg","","8"
"10262","Frozen Food","Ice Cream & Ice","Ice Cream & Ice","Turkey Hill","Turkey Hill Vanilla & Chocolate Premium Ice Cream","","Turkey Hill Vanilla & Chocolate Premium Ice Cream","3.69","0.0","Market Basket","48 fl oz","48 fl oz","3132.jpg","","21"
"33865","Condiments & Dressings","Pickled Goods & Olives","Olives","Pastene","Pastene Imported Since 1874 Oli Cured Olives ","066086100089","Pastene Imported Since 1874 Oli Cured Olives ","3.36","0.0","Market Basket","7.5 oz","7.5 oz","X2333.jpg","","2"
"35097","Chips, Cookies & Snacks","Chips & Fruit Snacks","Fruit & Vegetable Snacks","Welch's","Welch's Strowberry Fruit Snacs ","034856028840","Welch's Strowberry Fruit Snacs ","2.5","0.0","Market Basket","9 oz","9 oz","X5152.jpg","","19"
"15023","Personal Care","Personal Needs","Deodorants","Degree","Degree Men Cool Comfort Antiperspirant and Deodorant","","Degree Men Cool Comfort Antiperspirant and Deodorant","4.93","1.0","Market Basket","2.7 oz","2.7 oz","18120.jpg","","13"
"33310","Cooking Needs","Rice & Grains","Instant Rice","Minute Rice","Minute Organic Red Quinoa & Brown Rice with Garlic","017400140700","Minute Organic Red Quinoa & Brown Rice with Garlic","2.5","0.0","Market Basket","8.8 oz","8.8 oz","X1005.jpg","","4"
"3936","Fresh Produce","Fresh Vegetables","Pepper","Market Basket","Thai Red Hot Peppers","","Thai Red Hot Peppers","3.14","0.0","Market Basket","1 count","1 count","FP142.jpg","","20"
"5657","Chips, Cookies & Snacks","Candy & Chocolates","Mint & Gum","LifeSavers","LifeSavers Pep O Mint Candy Mints","","LifeSavers Pep O Mint Candy Mints","3.09","0.0","Market Basket","6.25 oz","6.25 oz","1502.jpg","","3"
"14627","Breakfast & Dairy","Tea & Coffee","Tea","Traditional Medicinals","Traditional Medicinals Organic Peppermint Caffeine Free Herbal Teas","","Traditional Medicinals Organic Peppermint Caffeine Free Herbal Teas","4.29","0.0","Market Basket","16 count","16 count","3494.jpg","","8"
"8083","Cooking Needs","Canned Food","Soup, Broth & Bouillon","Pacific","Pacific Foods Organic Beef Broth","","Pacific Foods Organic Beef Broth","4.69","0.0","Market Basket","32 fl oz","32 fl oz","5362.jpg","","2"
"35119","Condiments & Dressings","Pickled Goods & Olives","Pickled Goods & Olives","Wickles ","Wickles Original Pickle ","635617000015","Wickles Original Pickle ","3.74","0.0","Market Basket","16 fl oz","16 fl oz","X2357.jpg","","2"
"5396","Chips, Cookies & Snacks","Cookies & Crackers","Crackers","Back to Nature","Back to Nature Mini Chocolate Chunk Cookies","","Back to Nature Mini Chocolate Chunk Cookies","5.47","0.0","Market Basket","7.5 oz","7.5 oz","No Image.jpg","","6"
"7701","Cooking Needs","Canned Food","Canned Meals & Beans","Bush's Best","BUSH'S BEST Garbanzos Chick Peas","","BUSH'S BEST Garbanzos Chick Peas","1.29","0.0","Market Basket","16 oz","16 oz","5143.jpg","","2"
"31412","Beverages & Juices","Energy & Sports Drinks","Energy & Sports Drinks","Gatorade","Gatorade Frost Thirst Quencher Riptide Rush","052000320121","Gatorade Frost Thirst Quencher Riptide Rush","1.25","0.0","Market Basket","32 fl oz","32 fl oz","X2659.jpg","","10"
"33883","Condiments & Dressings","Pickled Goods & Olives","Pickled Goods & Olives","Pastene","Pastene Imported Boneless, Skinless Sardines Product of Morocco","066086110408","Pastene Imported Boneless, Skinless Sardines Product of Morocco","3.11","0.0","Market Basket","4.37 oz","4.37 oz","X2320.jpg","","2"
"31140","Frozen Food","Frozen Breakfast","Frozen Pancakes","De Wafelbakkers ","De Wafelbakkers Blueberry Pancakes","679844104559","De Wafelbakkers Blueberry Pancakes","3.36","0.0","Market Basket","8.8 oz","8.8 oz","X5064.jpg","","19"
"32131","Breakfast & Dairy","Cereal","Cup Cereal","Kellogg's ","Kellogg's Fruit Loops ","038000635304","Kellogg's Fruit Loops ","1.25","0.0","Market Basket","1.5 oz","1.5 oz","X3641.jpg","","5"
"5016","Chips, Cookies & Snacks","Chips & Fruit Snacks","Chips & Pretzels","Utz","Utz Pork Rinds Chicharrones Hot n Spicy","","Utz Pork Rinds Chicharrones Hot n Spicy","2.8","0.0","Market Basket","3 oz","3 oz","No Image.jpg","","0"
"30914","Breakfast & Dairy","Dairy & Eggs","Yogurt","Chobani","Chobani Complete Advance Nutrition Yogurt Strawberry ","","Chobani Complete Advance Nutrition Yogurt Strawberry ","1.49","0.0","Market Basket","5.3 oz","5.3 oz","X121.jpg","","1"
"10260","Frozen Food","Ice Cream & Ice","Ice Cream & Ice","Turkey Hill","Turkey Hill Premium Ice Cream Fudge Ripple","","Turkey Hill Premium Ice Cream Fudge Ripple","3.69","0.0","Market Basket","48 fl oz","48 fl oz","3116.jpg","","21"
"35275","Richardson's Farm Ice Cream","Ice Cream","Black Raspberry","Richarson's Farm","Richarson's Farm Black Raspberry Ice Cream 16% Butterfat","","Black raspberry ice cream with berries","32.99","0.0","Richardson's Farm","3 Gal. Tub","3 Gal. Tub","RichardsonsFarm.jpg","",""
"9871","Frozen Food","Frozen Produce","Frozen Produce","Market Basket","Market Basket Peas And Carrots","","Market Basket Peas And Carrots","1.29","0.0","Market Basket","16 oz","16 oz","Market Basket.jpg","","19"
"14548","Breakfast & Dairy","Tea & Coffee","Tea","Celestial Seasonings","Celestial Seasonings Decaf Green Tea with White Tea","","Celestial Seasonings Decaf Green Tea with White Tea","1.89","0.0","Market Basket","20 count","20 count","3473.jpg","","8"
"30560","Cooking Needs","Baking & Cooking","Flour","Bob's Red Mill","Bon's Red Mill Finely Ground Hazelnut Flour From Whole Hazelnuts","039978017505","Bon's Red Mill Finely Ground Hazelnut Flour From Whole Hazelnuts","14.99","0.0","Market Basket","14 oz","14 oz","X5268.jpg","","3"
"10133","Frozen Food","Ice Cream & Ice","Ice Cream & Ice","Lindy's","Lindy's Homemade Italian Ice Classic Combo (Watermelon/Strawberry)","","Lindy's Homemade Italian Ice Classic Combo (Watermelon/Strawberry)","2.49","0.0","Market Basket","6 fl oz","6 fl oz","16091.jpg","","21"
"8009","Cooking Needs","Canned Food","Soup, Broth & Bouillon","Heinz","Heinz Savory Beef Fat Free Gravy","","Heinz Savory Beef Fat Free Gravy","2.19","0.0","Market Basket","12 oz","12 oz","17238.jpg","","2"
"9939","Frozen Food","Ice Cream & Ice","Ice Cream & Ice","Ben & Jerry's","Ben & Jerry's Ice Cream Chocolate Chip Cookie Dough","","Ben & Jerry's Ice Cream Chocolate Chip Cookie Dough","4.29","0.0","Market Basket","1 pint","1 pint","18002.jpg","","21"
"33035","Cooking Needs","Baking & Cooking","Stuffing Mix","Market Basket","Market Basket Stuffing Mix For PORK A delicious blend of stuffing & seasoning ","","Market Basket Stuffing Mix For PORK A delicious blend of stuffing & seasoning ","4.36","0.0","Market Basket","6 oz","6 oz","X584.jpg","","1"
"10020","Frozen Food","Ice Cream & Ice","Ice Cream & Ice","Edy's/dreyer's","Edy's/Dreyer's SLOW CHURNED Vanilla Bean Light Ice Cream","","Edy's/Dreyer's SLOW CHURNED Vanilla Bean Light Ice Cream","1.29","0.0","Market Basket","5.8 fl oz","5.8 fl oz","3033.jpg","","21"
"4793","Meat & Seafood","Frozen Meat & Seafood","Frozen Fish (All)","Market Basket","Market Basket Mahi Mahi","","Market Basket Mahi Mahi","7.39","0.0","Market Basket","12 oz","12 oz","Market Basket.jpg","","18"
"15104","Personal Care","Personal Needs","Facial Care","Garnier","Garnier Skin Renew Clinical Dark Spot Overnight Peel","","Garnier Skin Renew Clinical Dark Spot Overnight Peel","19.65","1.0","Market Basket","1.6 fl oz","1.6 fl oz","17690.jpg","","13"
"14966","Personal Care","First Aid & Healthcare","First Aid","Market Basket","Market Basket Super Flex Action Bandages","","Market Basket Super Flex Action Bandages","2.52","1.0","Market Basket","45 count","45 count","Market Basket.jpg","","13"
"3578","Fresh Produce","Fresh Vegetables","Celery","Market Basket","Celery Hearts","","Celery Hearts","3.29","0.0","Market Basket","1 lb","1 lb","f171.jpg","","20"
"10235","Frozen Food","Ice Cream & Ice","Ice Cream & Ice","Talenti","Talenti Gelato Mediterranean Mint","","Talenti Gelato Mediterranean Mint","4.89","0.0","Market Basket","16 fl oz","16 fl oz","3173.jpg","","21"
"6140","Beverages & Juices","Soft Drinks & Seltzers","Soft Drinks","Market Basket","Market Basket Diet Cola","","Market Basket Diet Cola","0.63","0.0","Market Basket","20 fl oz","20 fl oz","Market Basket.jpg","","17"
"30439","Breakfast & Dairy","Dairy & Eggs","Yogurt","Blue Diamond ","Blue Diamond Almonds Almond Breeze Almondmilk Yogurt Alternative Vanilla With Tosted Almond Slices ","","Blue Diamond Almonds Almond Breeze Almondmilk Yogurt Alternative Vanilla With Tosted Almond Slices ","1.99","0.0","Market Basket","5.3 oz","5.3 oz","X51.jpg","","1"
"30115","Condiments & Dressings","Salad Dressings & Toppings","Salad Dressing & Toppings","Annie's ","Annie's Roasted Red Pepper Dressing ","092325333109","Annie's Roasted Red Pepper Dressing ","4.36","0.0","Market Basket","8 fl oz","8 fl oz","X1712.jpg","","2"
"5088","Chips, Cookies & Snacks","Cookies & Crackers","Cookies & Cakes","Mi-Del","Mi Del Vanilla Snaps","","Mi Del Vanilla Snaps","5.47","0.0","Market Basket","10 oz","10 oz","No Image.jpg","","6"
"7923","Cooking Needs","Canned Food","Soup, Broth & Bouillon","Campbell's","Campbell's Chicken Noodle Soup Microwavable Bowl","","Campbell's Chicken Noodle Soup Microwavable Bowl","3.09","0.0","Market Basket","15.4 oz","15.4 oz","5380.jpg","","9"
"4219","Meat & Seafood","Packaged Meat & Seafood","Chicken Thighs","Market Basket","Boneless Thighs","","Boneless Thighs","2.09","0.0","Market Basket","1 lb","1 lb","Market Basket.jpg","","22"
"9955","Frozen Food","Ice Cream & Ice","Ice Cream & Ice","Ben & Jerry's","Ben & Jerry's Ice Cream Salted Caramel Core","","Ben & Jerry's Ice Cream Salted Caramel Core","4.59","0.0","Market Basket","1 pint","1 pint","2998.jpg","","21"
"3731","Fresh Produce","Fresh Fruits","Watermelon","Market Basket","Watermelon packed","","Watermelon packed","1.48","0.0","Market Basket","1 lb","1 lb","14183.jpg","","20"
"15153","Personal Care","Personal Needs","Oral Hygiene","Arm & Hammer","Arm & Hammer Kid's Spinbrush Marvel Spiderman Homecoming","","Arm & Hammer Kid's Spinbrush Marvel Spiderman Homecoming","9.19","1.0","Market Basket","1 count","1 count","6434.jpg","","13"
"30706","Breakfast & Dairy","Dairy & Eggs","Fruit Drink","Buddy Fruits","Buddy Fruit Blended Fruits All Natural Strawberry & Apple Og Added Sugars No Preservatives ","","Buddy Fruit Blended Fruits All Natural Strawberry & Apple Og Added Sugars No Preservatives ","2.5","0.0","Market Basket","12.8 oz","12.8 oz","X89.jpg","","1"
"14484","Breakfast & Dairy","Tea & Coffee","Coffee","StarBucks","Starbucks French Roast Dark Roast Ground Coffee","","Starbucks French Roast Dark Roast Ground Coffee","9.79","0.0","Market Basket","12 oz","12 oz","3308.jpg","","8"
"30471","Breakfast & Dairy","Granola & Oats","Oats","Bob's Red Mill","Bob's Red Mill Extra Thick Rolled Oats Whole Grain","039978051554","Bob's Red Mill Extra Thick Rolled Oats Whole Grain","4.74","0.0","Market Basket","32 oz","32 oz","X3663.jpg","","5"
"31253","Frozen Food","Frozen Dinners & Entrees","Frozen Appetizers & Sides","Evol","Evol Chicken Enchilada Bake","891627009022","Evol Chicken Enchilada Bake","3.74","0.0","Market Basket","9 oz","9 oz","X4318.jpg","","18"
"9093","Frozen Food","Frozen Dinners & Entrees","Frozen Appetizers & Sides","Alexia","Alexia Sweet Potato Fries with Sea Salt","","Alexia Sweet Potato Fries with Sea Salt","3.69","0.0","Market Basket","20 oz","20 oz","2588.jpg","","19"
"329","Kitchen & Cleaning","Food Storage & Kitchen Supplies","Storage Bags","Market Basket","Market Basket Resealable Sandwich Bags","","Market Basket Resealable Sandwich Bags","1.69","1.0","Market Basket","50 bag(s)","50 bag(s)","Market Basket.jpg","","12"
"3705","Fresh Produce","Fresh Fruits","Pineapple","Del Monte","Del Monte Pineapple","","Del Monte Pineapple","4.13","0.0","Market Basket","1 count","1 count","14262.jpg","","20"
"31917","Breakfast & Dairy","Breads & Rolls","Bread","J.J. Nissen","J.J. Nissen Canadian White Bread","027900000756","J.J. Nissen Canadian White Bread","3.74","0.0","Market Basket","20 oz","20 oz","X2485.jpg","","18"
"6985","Cooking Needs","Baking & Cooking","Doughs, Gelatins & Bake Mixes","Jell-O","Jell O Sugar Free Fat Free Cheesecake Instant Reduced Calorie Pudding & Pie Filling Mix","","Jell O Sugar Free Fat Free Cheesecake Instant Reduced Calorie Pudding & Pie Filling Mix","1.09","0.0","Market Basket","1 oz","1 oz","2064.jpg","","8"
"33269","Condiments & Dressings","Pickled Goods & Olives","Olives","Mezzetta ","Mezzetta Since 1935 Family Co Garlic Stuffed Olives California Garlic ","073214006182","Mezzetta Since 1935 Family Co Garlic Stuffed Olives California Garlic ","6.86","0.0","Market Basket","12 oz","12 oz","X2238.jpg","","2"
"35164","Condiments & Dressings","Pickled Goods & Olives","Dill Pickles","Woodstock ","Woodstock Organic Spears Kosher Dill Pickles ","042563016548","Woodstock Organic Spears Kosher Dill Pickles ","4.99","0.0","Market Basket","24 fl oz","24 fl oz","X3270.jpg","","2"
"9327","Frozen Food","Frozen Breakfast","Frozen Breakfast","Van's Natural Foods","Van's Simply Delicious Whole Grain Organic Waffles, Blueberry, Frozen","","Van's Simply Delicious Whole Grain Organic Waffles, Blueberry, Frozen","3.09","0.0","Market Basket","6 x 1.41 oz","6 x 1.41 oz","15805.jpg","","19"
"34493","Breakfast & Dairy","Dairy & Eggs","Yogurt","Silk","Silk Almondmilk Dark Chocolate Coconut","","Silk Almondmilk Dark Chocolate Coconut","1.86","0.0","Market Basket","5.3 oz","5.3 oz","X762.jpg","","1"
"33359","Cooking Needs","Canned Food","Canned Fruit & Applesauce","Mott's ","Mott's No Sugar Added Applesause Mixed Berry","","Mott's No Sugar Added Applesause Mixed Berry","2.74","0.0","Market Basket","3.9 oz","3.9 oz","X621.jpg","","3"
"4205","Meat & Seafood","Packaged Meat & Seafood","Chicken Breast","Perdue","Perdue Breaded Popcorn Chicken Bites","","Perdue Breaded Popcorn Chicken Bites","4.89","0.0","Market Basket","0.75 lb","0.75 lb","4112.jpg","","22"
"7356","Cooking Needs","Spices & Seasonings","Spices & Seasonings","McCormick","McCormick Whole Celery Seed","","McCormick Whole Celery Seed","4.89","0.0","Market Basket","0.95 oz container","0.95 oz container","2163.jpg","","9"
"10215","Frozen Food","Ice Cream & Ice","Ice Cream & Ice","Richie's","Richie's Italian Coconut Ice Cream","","Richie's Italian Coconut Ice Cream","1.29","0.0","Market Basket","10 fl oz","10 fl oz","Market Basket.jpg","","21"
"3800","Fresh Produce","Fresh Organic Herbs","Parsley","Foxy Organic","Foxy Organic Italian Parsley","","Foxy Organic Italian Parsley","2.4","0.0","Market Basket","1 lb","1 lb","FP41.jpg","","20"
"592","Laundry & Paper Goods","Laundry","Fabric Softener","Final Touch","Final Touch Fabric Softener plus conditioner Spring Fresh 36 Loads","","Final Touch Fabric Softener plus conditioner Spring Fresh 36 Loads","2.74","1.0","Market Basket","72 fl oz","72 fl oz","No Image.jpg","","15"
"13352","Breakfast & Dairy","Dairy & Eggs","Cream","Hood","Hood Light Cream","","Hood Light Cream","4.29","0.0","Market Basket","32 fl oz","32 fl oz","571.jpg","","1"
"13335","Breakfast & Dairy","Dairy & Eggs","Cream","Coffee-mate","Coffee mate Sugar Free French Vanilla Liquid Coffee Creamer","","Coffee mate Sugar Free French Vanilla Liquid Coffee Creamer","3.69","0.0","Market Basket","32 fl oz","32 fl oz","554.jpg","","1"
"6692","Beverages & Juices","Juices & Refrigerated Drinks","Refrigerated Drinks","Welch's","Welch's Mountain Berry Juice Cocktail","","Welch's Mountain Berry Juice Cocktail","2.99","0.0","Market Basket","59 fl oz","59 fl oz","3864.jpg","","1"
"30689","Breakfast & Dairy","Dairy & Eggs","Yogurt","Brown Cow ","Brown Cow Whole Milk Yogurt Cherry Vanilla ","","Brown Cow Whole Milk Yogurt Cherry Vanilla ","1.24","0.0","Market Basket","5.3 oz","5.3 oz","X84.jpg","","1"
"30804","Beverages & Juices","Juices & Refrigerated Drinks","Juice & Nectars","Caprisun ","Caprisun Roarin Waters Wild Cherry waterfall","087684001134","Caprisun Roarin Waters Wild Cherry waterfall","3.13","0.0","Market Basket","10 x 6 fl oz","10 x 6 fl oz","X3090.jpg","","10"
"14476","Breakfast & Dairy","Tea & Coffee","Coffee","StarBucks","Starbucks Dark K Cup Coffee Pods Ã¢â¬â French Roast for Keurig Brewers","","Starbucks Dark K Cup Coffee Pods Ã¢â¬â French Roast for Keurig Brewers","9.79","0.0","Market Basket","10 x 0.42 oz","10 x 0.42 oz","3306.jpg","","8"
"13587","Breakfast & Dairy","Dairy & Eggs","Other Creams & Cheeses","Market Basket","Market Basket Cream Cheese Chive And Onion","","Market Basket Cream Cheese Chive And Onion","2.79","0.0","Market Basket","8 oz","8 oz","Market Basket.jpg","","1"
"6917","Cooking Needs","Baking & Cooking","Baking Ingredients","Sugar In The Raw","Sugar In The Raw Turbinado Cane Sugar","","Sugar In The Raw Turbinado Cane Sugar","4.29","0.0","Market Basket","32 oz","32 oz","15693.jpg","","8"
"33325","Condiments & Dressings","Marinades, Ketchup & Sauces","Mayonnaise","Miracle Whip ","Miracle Whip Light Creamy Mayo & Tangy Dressing","","Miracle Whip Light Creamy Mayo & Tangy Dressing","4.99","0.0","Market Basket","30 fl oz","30 fl oz","X1740.jpg","","2"
"9819","Frozen Food","Frozen Produce","Frozen Produce","Green Giant","Green Giant No Sauce Sweet Peas","","Green Giant No Sauce Sweet Peas","2.09","0.0","Market Basket","9 oz","9 oz","2449.jpg","","19"
"33601","Condiments & Dressings","Salad Dressings & Toppings","Salad Dressing & Toppings","Newmen's Own","Newmen's Own Parmesan Balsamic Dressing","020662003560","Newmen's Own Parmesan Balsamic Dressing","4.11","0.0","Market Basket","16 fl oz","16 fl oz","X650.jpg","","2"
"30508","Breakfast & Dairy","Cereal","Meal Supplements","Bob's Red Mill","Bob's Red Mill Whole Flax Seed Meal ","039978034205","Bob's Red Mill Whole Flax Seed Meal ","2.49","0.0","Market Basket","13 oz","13 oz","X5216.jpg","","3"
"4691","Meat & Seafood","Canned Meat & Seafood","Canned Tuna","StarKistÃÂ®","StarKistÃÂ® StarKist Chunk Light Tuna In Water","","StarKistÃÂ® StarKist Chunk Light Tuna In Water","3.09","0.0","Market Basket","6.4 oz","6.4 oz","5206.jpg","","2"
"6070","Beverages & Juices","Soft Drinks & Seltzers","Soft Drinks","Canada Dry","Canada Dry DietGinger Ale","","Canada Dry DietGinger Ale","5.63","0.0","Market Basket","8 x 12 fl oz","8 x 12 fl oz","No Image.jpg","","17"
"3671","Fresh Produce","Fresh Fruits","Lemon","Sunkist","SK From Sunkist Lemons","","SK From Sunkist Lemons","4.24","0.0","Market Basket","32 oz bag","32 oz bag","14205.jpg","","20"
"10008","Frozen Food","Ice Cream & Ice","Ice Cream & Ice","Edy's/dreyer's","Edy's/Dreyer's Cookies 'N Cream Ice Cream","","Edy's/Dreyer's Cookies 'N Cream Ice Cream","3.69","0.0","Market Basket","1.5 quart","1.5 quart","3040.jpg","","21"
"5128","Chips, Cookies & Snacks","Cookies & Crackers","Cookies & Cakes","Pepperidge Farm Milano","Pepperidge Farm Lemon Flavored Chocolate Cookies","","Pepperidge Farm Lemon Flavored Chocolate Cookies","4.69","0.0","Market Basket","7 oz","7 oz","No Image.jpg","","6"
"32949","Cooking Needs","Canned Food","Tomato Sauce","Market Basket","Market Basket Select Tomato Sauce No salt added","049705037041","Market Basket Select Tomato Sauce No salt added","0.5","0.0","Market Basket","8 oz","8 oz","X1291.jpg","","4"
"34105","Breakfast & Dairy","Cereal","Cereal","Post ","Post Crunchy Pecan Great Grains Cereal","884912126016","Post Crunchy Pecan Great Grains Cereal","3.75","0.0","Market Basket","16 oz","16 oz","X3309.jpg","","5"
"34403","Cooking Needs","Rice & Grains","Rice","River","River White Rice Enriched Medium Grain Gluten Free ","017400109752","River White Rice Enriched Medium Grain Gluten Free ","6.24","0.0","Market Basket","80 oz","80 oz","X1045.jpg","","4"
"5271","Chips, Cookies & Snacks","Chips & Fruit Snacks","Chips & Pretzels","Good Health","Good Health Potato Chips Avocado Oil Sea Salt","","Good Health Potato Chips Avocado Oil Sea Salt","4.69","0.0","Market Basket","5 oz","5 oz","No Image.jpg","","0"
"6998","Cooking Needs","Baking & Cooking","Doughs, Gelatins & Bake Mixes","Krusteaz","Krusteaz Honey Cornbread & Muffin Mix","","Krusteaz Honey Cornbread & Muffin Mix","2.49","0.0","Market Basket","15 oz","15 oz","2116.jpg","","8"
"86","Kitchen & Cleaning","Air Fresheners & Candles","Scented Oil Refill","Glade","Glade PlugIns Scented Oil Refills Vanilla Passion Fruit & Hawaiian Breeze","","Glade PlugIns Scented Oil Refills Vanilla Passion Fruit & Hawaiian Breeze","6.09","1.0","Market Basket","2 x 1.34 fl oz","2 x 1.34 fl oz","4225.jpg","","15"
"33746","Meat & Seafood","Packaged Meat & Seafood","Ham","Oscar Mayer","Oscar Maer Honey Ham","","Oscar Maer Honey Ham","6.24","0.0","Market Basket","16 oz","16 oz","X4498.jpg","","1"
"356","Kitchen & Cleaning","Food Storage & Kitchen Supplies","Storage Containers","Market Basket","Market Basket Soup And Salad Storage Containers","","Market Basket Soup And Salad Storage Containers","2.49","1.0","Market Basket","5 count","5 count","Market Basket.jpg","","12"
"14697","Personal Care","Body Wash, Soap & Hair Care","Body Wash","Irish Spring","Irish Spring Body Wash Moisture Blast","","Irish Spring Body Wash Moisture Blast","4.93","1.0","Market Basket","18 fl oz","18 fl oz","6354.jpg","","13"
"33457","Breakfast & Dairy","Bars & Pastries","Chewy Bars","Nature Valley ","Nature Valley Protien Chewy Bars Peanut Butter Dark Chocolate","016000457232","Nature Valley Protien Chewy Bars Peanut Butter Dark Chocolate","4.36","0.0","Market Basket","5 x 1.42 oz","5 x 1.42 oz","X3826.jpg","","5"
"10222","Frozen Food","Ice Cream & Ice","Ice Cream & Ice","Snickers","Snickers Minis Ice Cream Bars","","Snickers Minis Ice Cream Bars","4.29","0.0","Market Basket","12 count","12 count","16090.jpg","","21"
"3662","Fresh Produce","Fresh Fruits","Honeydew Melon","Market Basket","Honeydew Melon","","Honeydew Melon","4.93","0.0","Market Basket","1 count","1 count","14250.jpg","","20"
"30519","Breakfast & Dairy","Granola & Oats","Oats","Bob's Red Mill","Bob's Red Mill Old Fashined  Rolled Oats ","039978013873","Bob's Red Mill Old Fashined  Rolled Oats ","8.74","0.0","Market Basket","32 oz","32 oz","X5227.jpg","","3"
"32715","Condiments & Dressings","Pickled Goods & Olives","Pickled Goods & Olives","Maple Grove Farms","Maple Grove Frams Since 1915 Real Mint Jelly ","074683009216","Maple Grove Frams Since 1915 Real Mint Jelly ","2.5","0.0","Market Basket","38 oz","38 oz","X2226.jpg","","2"
"34238","Breakfast & Dairy","Granola & Oats","Cup Oatmeal","Quaker","Quaker Real Medley Maple Pecan Raisin","030000322307","Quaker Real Medley Maple Pecan Raisin","1.88","0.0","Market Basket","2.64 oz","2.64 oz","X3610.jpg","","5"
"75","Kitchen & Cleaning","Air Fresheners & Candles","Scented Oil Refill","Air Wick","Air Wick Magnolia & Cherry Blossom Scented Oil Refill","","Air Wick Magnolia & Cherry Blossom Scented Oil Refill","6.09","1.0","Market Basket","1.34 fl oz","1.34 fl oz","4201.jpg","","15"
"6632","Beverages & Juices","Juices & Refrigerated Drinks","Refrigerated Drinks","Odwalla","Odwalla 100% Juice Smoothie Original Superfood","","Odwalla 100% Juice Smoothie Original Superfood","8.59","0.0","Market Basket","59 oz","59 oz","3794.jpg","","20"
"9969","Frozen Food","Ice Cream & Ice","Ice Cream & Ice","Breyer's","Breyer's Frozen Dairy Dessert Chocolate Chip","","Breyer's Frozen Dairy Dessert Chocolate Chip","4.29","0.0","Market Basket","48 oz","48 oz","18036.jpg","","21"
"33265","Condiments & Dressings","Pickled Goods & Olives","Jalapeno","Mezzetta ","Mezzetta Jalapeno Stuffed Olives Crunchy Jalapenos ","073214006168","Mezzetta Jalapeno Stuffed Olives Crunchy Jalapenos ","3.74","0.0","Market Basket","16 fl oz","16 fl oz","X3255.jpg","","2"
"33363","Cooking Needs","Canned Food","Canned Fruit & Applesauce","Mott's ","Mott's Applesauce Cinnamon Naturally Falvored","","Mott's Applesauce Cinnamon Naturally Falvored","2.86","0.0","Market Basket","24 oz","24 oz","X625.jpg","","3"
"13768","Breakfast & Dairy","Dairy & Eggs","Packaged Cheese","Market Basket","Market Basket Shredded Pizza Cheese","","Market Basket Shredded Pizza Cheese","2.49","0.0","Market Basket","8 oz","8 oz","Market Basket.jpg","","1"
"34278","Personal Care","Vitamins & Proteins","Protien Powders","Quest","Quest Salted Caramel ","888849008704","Quest Salted Caramel ","36.24","0.0","Market Basket","1.6 lb","1.6 lb","X5212.jpg","","3"
"4202","Meat & Seafood","Packaged Meat & Seafood","Chicken Breast","Perdue","Perdue Boneless Chicken BreastsItalian Style","","Perdue Boneless Chicken BreastsItalian Style","8.59","0.0","Market Basket","1.5 lb","1.5 lb","4098.jpg","","22"
"33321","Beverages & Juices","Juices & Refrigerated Drinks","Juice & Nectars","Minute Maid","Minute Maid Fruit Punch","025000101502","Minute Maid Fruit Punch","3.49","0.0","Market Basket","8 x 6 fl oz","8 x 6 fl oz","X3070.jpg","","10"
"8400","Condiments & Dressings","Marinades, Ketchup & Sauces","Marinades & Meat Preparation","Crockery Gourmet","Crockery Gourmet Seasoning Mix For Chicken","","Crockery Gourmet Seasoning Mix For Chicken","2.19","0.0","Market Basket","2.5 oz","2.5 oz","15573.jpg","","9"
"30037","Cooking Needs","Oils & Vinegars","Oils & Vinegars","Alessi","Alessi Autentico Premium Aceto Balsamic Bianco Raspberry Blush ","","Alessi Autentico Premium Aceto Balsamic Bianco Raspberry Blush ","3.74","0.0","Market Basket","8.5 fl oz","8.5 fl oz","X1789.jpg","","2"
"32581","Chips, Cookies & Snacks","Candy & Chocolates","Candy & Chocolate","Lindt","Lindt Assorted Dark Chocolate Truffles","","Lindt Assorted Dark Chocolate Truffles","12.49","0.0","Market Basket","15.2 oz","15.2 oz","X477.jpg","","3"
"33474","Breakfast & Dairy","Bars & Pastries","Granola Bars","Nature Valley ","Nature Valley Crunch Granola Bars Variety Pack","016000411241","Nature Valley Crunch Granola Bars Variety Pack","11.24","0.0","Market Basket","30 x 1.49 oz","30 x 1.49 oz","X3824.jpg","","5"
"13474","Breakfast & Dairy","Dairy & Eggs","Milk","Hood","Hood Cultured Fat Free Buttermilk","","Hood Cultured Fat Free Buttermilk","1.99","0.0","Market Basket","1 count","1 count","501.jpg","","1"
"6595","Beverages & Juices","Juices & Refrigerated Drinks","Refrigerated Drinks","Goodbelly","GOODBELLY PROBIOTIC Tropical Green FLAVOR JuiceDrink 20 Billion Probiotics Per Serving FROM ","","GOODBELLY PROBIOTIC Tropical Green FLAVOR JuiceDrink 20 Billion Probiotics Per Serving FROM ","4.61","0.0","Market Basket","32 fl oz","32 fl oz","X307.jpg","","1"
"15285","Personal Care","Vitamins & Proteins","Protien Drinks","Boost","Boost Original Very Vanilla","","Boost Original Very Vanilla","11.26","1.0","Market Basket","6 x 8 fl oz","6 x 8 fl oz","6741.jpg","","13"
"33832","Cooking Needs","Canned Food","Canned Tomatoes","Pastene","Pastene Ground Peeled Organic Tomatoes Kitchen Ready","066086080107","Pastene Ground Peeled Organic Tomatoes Kitchen Ready","2.99","0.0","Market Basket","28 oz","28 oz","X1382.jpg","","4"
"13377","Breakfast & Dairy","Dairy & Eggs","Cream","Market Basket","Market Basket Whipped Topping","","Market Basket Whipped Topping","1.29","0.0","Market Basket","8 oz","8 oz","Market Basket.jpg","","1"
"31296","Frozen Food","Frozen Dinners & Entrees","Frozen Appetizers & Sides","Fast Bites","Fast Bites Sausage & Cheese Biscuit","071421106183","Fast Bites Sausage & Cheese Biscuit","1.25","0.0","Market Basket","5.3 oz","5.3 oz","X3993.jpg","","18"
"34501","Condiments & Dressings","Salad Dressings & Toppings","Salad Dressing & Toppings","Skinny girl ","Skinny girl Fat Free Sugar Free Dressing Raspberry Vinaigrette","074683005904","Skinny girl Fat Free Sugar Free Dressing Raspberry Vinaigrette","2.49","0.0","Market Basket","8 fl oz","8 fl oz","X774.jpg","","2"
"5652","Chips, Cookies & Snacks","Candy & Chocolates","Mint & Gum","Gum","5 Gum Wintermint Ascent Sugarfree Gum multi total","","5 Gum Wintermint Ascent Sugarfree Gum multi total","3.69","0.0","Market Basket","3 ct","3 ct","1511.jpg","","3"
"6458","Chips, Cookies & Snacks","Jerkies","Jerky","Epic","Epic Beef Bar","","Epic Beef Bar","3.11","0.0","Market Basket","1.5 oz","1.5 oz","No Image.jpg","","6"
"4093","Meat & Seafood","Meat & Seafood Counter","Beef","Market Basket","Market Basket Bottom Round Roast Sliced","","Market Basket Bottom Round Roast Sliced","4.89","0.0","Market Basket","Approx: 1.00 lb at $4.89/lb","Approx: 1.00 lb at $4.89/lb","Market Basket.jpg","","22"
"6462","Chips, Cookies & Snacks","Nuts, Seeds & Dried Fruit","Nuts, Seeds & Dried Fruit","Planters","Planters Dry Roasted Peanuts","","Planters Dry Roasted Peanuts","3.74","0.0","Market Basket","16 oz","16 oz","No Image.jpg","","6"
"556","Laundry & Paper Goods","Laundry","Laundry Detergent","Xtra","Xtra Plus Long Lasting Freshness Sparkling Fresh 42 Loads Laundry Detergent","","Xtra Plus Long Lasting Freshness Sparkling Fresh 42 Loads Laundry Detergent","3.74","1.0","Market Basket","75 fl oz","75 fl oz","No Image.jpg","","15"
"6494","Chips, Cookies & Snacks","Nuts, Seeds & Dried Fruit","Nuts, Seeds & Dried Fruit","Bob's Red Mill","Bob's Red Mill Organic Premium Shelled Pepitas Pumpkin Seeds","","Bob's Red Mill Organic Premium Shelled Pepitas Pumpkin Seeds","7.49","0.0","Market Basket","12 oz","12 oz","No Image.jpg","","6"
"5378","Chips, Cookies & Snacks","Cookies & Crackers","Cookies & Cakes","Schar","Schar Gluten Free Shortbread Cookies","","Schar Gluten Free Shortbread Cookies","6.23","0.0","Market Basket","7.1 oz","7.1 oz","No Image.jpg","","6"
"5962","Beverages & Juices","Cocoa & Drink Mixes","Cocoa & Drink Mixes","Crystal Light","Crystal Light Raspberry Lemonade Drink Mix","","Crystal Light Raspberry Lemonade Drink Mix","3.75","0.0","Market Basket","1.85 oz","1.85 oz","3997.jpg","","17"
"32166","Frozen Food","Frozen Breakfast","Frozen Waffles","Kellogg's ","Kellogg's Eggo Waffles Chocolatey Chip","038000405006","Kellogg's Eggo Waffles Chocolatey Chip","2.99","0.0","Market Basket","12.3 oz","12.3 oz","X5033.jpg","","19"
"32271","Condiments & Dressings","Salad Dressings & Toppings","Salad Dressing & Toppings","Ken's Steak House","Ken's Seak House Lite Red Wine Vinegar & Olive Oil Dressing ","041335000624","Ken's Seak House Lite Red Wine Vinegar & Olive Oil Dressing ","3.49","0.0","Market Basket","16 fl oz","16 fl oz","X439.jpg","","2"
"34234","Breakfast & Dairy","Cereal","Cereal","Quaker","Quaker Life Multigrain Cereal Orignal Large Size","030000061190","Quaker Life Multigrain Cereal Orignal Large Size","3.75","0.0","Market Basket","18 oz","18 oz","X3416.jpg","","5"
"31791","Breakfast & Dairy","Dairy & Eggs","Sour Cream","Hood","Hood Fresh & Simple Sour Cream no Preservatives","","Hood Fresh & Simple Sour Cream no Preservatives","2.11","0.0","Market Basket","16 oz","16 oz","X349.jpg","","1"
"30334","Pasta & Sauces","Raw Pasta","Raw Pasta","Barilla","Barilla Pasta Thick Spaghetti","076808515046","Barilla Pasta Thick Spaghetti","1.74","0.0","Market Basket","1 lb","1 lb","X1638.jpg","","4"
"32713","Condiments & Dressings","Salad Dressings & Toppings","Dressing","Maple Grove Farms","Maple Grove Farms  of Vermont Sugar Free Raspberry Vinaigrette ","","Maple Grove Farms  of Vermont Sugar Free Raspberry Vinaigrette ","3.11","0.0","Market Basket","8 fl oz","8 fl oz","X1720.jpg","","2"
"4063","Meat & Seafood","Meat & Seafood Counter","Beef","Market Basket","Boneless Eye of Round Beef Steak","","Boneless Eye of Round Beef Steak","6.09","0.0","Market Basket","1 lb","1 lb","Market Basket.jpg","","22"
"34407","Meat & Seafood","Canned Meat & Seafood","Anchovy","Roland","Roland Anchovy Paste Adding Depth To Flavors ","","Roland Anchovy Paste Adding Depth To Flavors ","2.86","0.0","Market Basket","2 oz","2 oz","X1899.jpg","","2"
"32024","Breakfast & Dairy","Bars & Pastries","Chewy Bars","Kashi","Kashi Salted Chocolate Chunk Chewy Bars","018627107118","Kashi Salted Chocolate Chunk Chewy Bars","3.75","0.0","Market Basket","5 x 1.23 oz","5 x 1.23 oz","X3923.jpg","","5"
"34607","Cooking Needs","Oils & Vinegars","Oils & Vinegars","Spectrum","Spectrum Calinary Partners IN Cooking Organic Virgin Coconut Oil Cold Pressed ","022506934511","Spectrum Calinary Partners IN Cooking Organic Virgin Coconut Oil Cold Pressed ","11.24","0.0","Market Basket","16.9 fl oz","16.9 fl oz","X1975.jpg","","2"
"13279","Breakfast & Dairy","Dairy & Eggs","Butter","Earth Balance","Earth Balance Soy Free Buttery Spread","","Earth Balance Soy Free Buttery Spread","4.59","0.0","Market Basket","15 oz","15 oz","653.jpg","","1"
"10058","Frozen Food","Ice Cream & Ice","Ice Cream & Ice","Good Humor","Good Humor Bar Chocolate Eclair","","Good Humor Bar Chocolate Eclair","3.69","0.0","Market Basket","6 x 3 fl oz","6 x 3 fl oz","18009.jpg","","21"
"3450","Fresh Produce","Fresh Fruits","Grapes","Market Basket","Jumbo Red Globe Grapes","","Jumbo Red Globe Grapes","6.49","0.0","Market Basket","2 lb bag","2 lb bag","f28.jpg","","20"
"32710","Condiments & Dressings","Salad Dressings & Toppings","Dressing","Maple Grove Farms","Maple Grove Farms of Vermont Fat Free Poppyseed Dressing ","","Maple Grove Farms of Vermont Fat Free Poppyseed Dressing ","3.11","0.0","Market Basket","8 fl oz","8 fl oz","X1717.jpg","","2"
"10254","Frozen Food","Ice Cream & Ice","Ice Cream & Ice","Turkey Hill","Turkey Hill Original Recipe Premium Ice Cream Peanut Butter Ripple","","Turkey Hill Original Recipe Premium Ice Cream Peanut Butter Ripple","3.09","0.0","Market Basket","48 fl oz","48 fl oz","3131.jpg","","21"
"14852","Personal Care","Body Wash, Soap & Hair Care","Soap","Jergens","Jergens Mild Soap","","Jergens Mild Soap","2.17","1.0","Market Basket","4 x 3.5 oz","4 x 3.5 oz","17727.jpg","","13"
"9986","Frozen Food","Ice Cream & Ice","Ice Cream & Ice","Breyer's","Breyers Ice Cream Vanilla Chocolate Strawberry","","Breyers Ice Cream Vanilla Chocolate Strawberry","4.79","0.0","Market Basket","48 oz","48 oz","18020.jpg","","21"
"34654","Frozen Food","Frozen Dinners & Entrees","Frozen Meal","Stouffer's ","Stouffer's Lasagna With Meat & Sauce","013800551313","Stouffer's Lasagna With Meat & Sauce","14.99","0.0","Market Basket","90 oz","90 oz","X4268.jpg","","18"
"35069","Meat & Seafood","Packaged Meat & Seafood","Ham","Waterhill","Waterhill Naturals Uncured Black Forest Ham ","","Waterhill Naturals Uncured Black Forest Ham ","4.99","0.0","Market Basket","6 oz","6 oz","X4486.jpg","","1"
"30970","Breakfast & Dairy","Bars & Pastries","Breakfast Bars","Clif","Bar Clif White Chocolate Macadamia Nut","722252660763","Bar Clif White Chocolate Macadamia Nut","8.11","0.0","Market Basket","14.40 oz","14.40 oz","X3908.jpg","","5"
"3558","Fresh Produce","Fresh Vegetables","Brussel Sprouts","Market Basket","Tender Brussels Sprouts","","Tender Brussels Sprouts","3.52","0.0","Market Basket","1 lb","1 lb","f158.jpg","","20"
"10269","Frozen Food","Ice Cream & Ice","Ice Cream & Ice","Weight Watchers","Weight Watchers Snack Size Mocha LattÃÂ© Ice Cream Bars","","Weight Watchers Snack Size Mocha LattÃÂ© Ice Cream Bars","4.89","0.0","Market Basket","12 x 1.8 fl oz","12 x 1.8 fl oz","16212.jpg","","21"
"13779","Breakfast & Dairy","Dairy & Eggs","Packaged Cheese","Milano's","Milano's Romano Cheese","","Milano's Romano Cheese","6.09","0.0","Market Basket","16 oz","16 oz","Market Basket.jpg","","1"
"15270","Personal Care","Personal Needs","Skin care","Summer's Eve","Summer's Eve 5 in 1 Cleansing Wash for Sensitive Skin Delicate Blossom","","Summer's Eve 5 in 1 Cleansing Wash for Sensitive Skin Delicate Blossom","4.93","1.0","Market Basket","9 oz","9 oz","6512.jpg","","13"
"13939","Breakfast & Dairy","Dairy & Eggs","Specialty Cheeses","Galbani","Galbani Sliced Mozzarella Cheese","","Galbani Sliced Mozzarella Cheese","5.59","0.0","Market Basket","1 lb","1 lb","Market Basket.jpg","","1"
"13813","Breakfast & Dairy","Dairy & Eggs","Packaged Cheese","Treasure Cave","Treasure Cave Gorgonzola Crumbled Cheese","","Treasure Cave Gorgonzola Crumbled Cheese","2.49","0.0","Market Basket","5 oz","5 oz","14630.jpg","","1"
"8751","Condiments & Dressings","Preserved Dips & Spreads","Preserved Dips & Salsa","Market Basket","Market Basket Hot Salsa","","Market Basket Hot Salsa","1.89","0.0","Market Basket","16 oz","16 oz","Market Basket.jpg","","1"
"34530","Meat & Seafood","Packaged Meat & Seafood","Bacon","Smithfield","Smithfield Fully Cooked Bacon ","","Smithfield Fully Cooked Bacon ","4.99","0.0","Market Basket","2.1 oz","2.1 oz","X4694.jpg","","1"
"35345","Richardson's Farm Ice Cream","Sherbet & Sorbet","Orange","Richarson's Farm","Richarson's Farm Orange Sherbet","","Delicious Sherbet for the lighter side","22.99","0.0","Richardson's Farm","3 Gal. Tub","3 Gal. Tub","RichardsonsFarm.jpg","",""
"30418","Meat & Seafood","Packaged Meat & Seafood","Sausage","Beyond Meat","Beyond Meat Beyond Sausage Plant-Based Links Sweet Italian ","","Beyond Meat Beyond Sausage Plant-Based Links Sweet Italian ","8.74","0.0","Market Basket","14 oz","14 oz","X4715.jpg","","1"
"4959","Chips, Cookies & Snacks","Chips & Fruit Snacks","Chips & Pretzels","Sun Chips","Sun Chips Sunchips Garden Salsa","","Sun Chips Sunchips Garden Salsa","5.14","0.0","Market Basket","7 oz","7 oz","14829.jpg","","0"
"5425","Chips, Cookies & Snacks","Candy & Chocolates","Candy & Chocolate","Andes","Andes Creme De Menthe Thins","","Andes Creme De Menthe Thins","2.49","0.0","Market Basket","4.67 oz","4.67 oz","14945.jpg","","3"
"14777","Personal Care","Body Wash, Soap & Hair Care","Hair Care","Pantene","Pantene ProV Radiant Color Shine Shampoo","","Pantene ProV Radiant Color Shine Shampoo","6.66","1.0","Market Basket","12.6 fl oz","12.6 fl oz","6574.jpg","","13"
"4220","Meat & Seafood","Packaged Meat & Seafood","Chicken Thighs","Market Basket","Market Basket Chicken Thighs","","Market Basket Chicken Thighs","5.29","0.0","Market Basket","1.29 oz","1.29 oz","Market Basket.jpg","","22"
"15186","Personal Care","Personal Needs","Oral Hygiene","Crest","Crest Disney Cars Toothpaste Fruit Burst","","Crest Disney Cars Toothpaste Fruit Burst","3.78","1.0","Market Basket","4.2 oz","4.2 oz","6406.jpg","","13"
"33720","Breakfast & Dairy","Dairy & Eggs","Yogurt","Organic Baby Food","Organic Baby Food Once Up on a Farm Cold-Pressed Wild Rumpus Avocado ","","Organic Baby Food Once Up on a Farm Cold-Pressed Wild Rumpus Avocado ","2.86","0.0","Market Basket","3.2 oz","3.2 oz","X702.jpg","","1"
"30656","Condiments & Dressings","Preserved Dips & Spreads","Spreads","Braswell's","Braswell's Pleasantly Tart Red Current Jelly","","Braswell's Pleasantly Tart Red Current Jelly","3.75","0.0","Market Basket","10.5 oz","10.5 oz","X56.jpg","","3"
"30695","Personal Care","Vitamins & Proteins","Protien Powders","Bubs Naturals","Bubs Naturals Collagen Protein Unflavored ","796752137810","Bubs Naturals Collagen Protein Unflavored ","12.49","0.0","Market Basket","20 oz","20 oz","X5203.jpg","","3"
"7818","Cooking Needs","Canned Food","Canned Meat & Seafood","Bumble Bee","Bumble Bee Fancy Lump Crabmeat","","Bumble Bee Fancy Lump Crabmeat","4.89","0.0","Market Basket","6 oz","6 oz","5191.jpg","","2"
"32275","Condiments & Dressings","Salad Dressings & Toppings","Salad Dressing & Toppings","Ken's Steak House","Ken's Seak House Balasmic Vinaigette Dressing ","041335001294","Ken's Seak House Balasmic Vinaigette Dressing ","3.49","0.0","Market Basket","16 fl oz","16 fl oz","X443.jpg","","2"
"120","Kitchen & Cleaning","Cleaning Products","Cleaning Wipes","Weiman","Weiman Wipes, Granite","","Weiman Wipes, Granite","3.69","1.0","Market Basket","30 count","30 count","4313.jpg","","15"
"13945","Breakfast & Dairy","Dairy & Eggs","Specialty Cheeses","Land O' Lakes","Land O' Lakes Cheese","","Land O' Lakes Cheese","6.59","0.0","Market Basket","0.77 lb","0.77 lb","Market Basket.jpg","","22"
"13623","Breakfast & Dairy","Dairy & Eggs","Packaged Cheese","BelGioioso","BelGioioso Burrata","","BelGioioso Burrata","6.09","0.0","Market Basket","8 oz","8 oz","171.jpg","","1"
"30445","Breakfast & Dairy","Pancake & Waffle Mix","Pancake & Waffle Mix","Bob's Red Mill","Bob's Red Mill Buckwheat Pancake and Waffle Mix Whole Grain","039978018816","Bob's Red Mill Buckwheat Pancake and Waffle Mix Whole Grain","4.99","0.0","Market Basket","24 oz","24 oz","X3160.jpg","","2"
"4785","Meat & Seafood","Frozen Meat & Seafood","Frozen Shrimp","Market Basket","Market Basket 41 50 Per Pound Shell On Medium Shrimp","","Market Basket 41 50 Per Pound Shell On Medium Shrimp","19.39","0.0","Market Basket","32 oz","32 oz","Market Basket.jpg","","22"
"31191","Frozen Food","Frozen Dinners & Entrees","Frozen Appetizers & Sides","Dr.Praeger's","Dr.Praeger's Kids Gluten Free Spinach Littles","080868002453","Dr.Praeger's Kids Gluten Free Spinach Littles","5.49","0.0","Market Basket","10 oz","10 oz","X4152.jpg","","18"
"33749","Meat & Seafood","Packaged Meat & Seafood","Bacon","Oscar Mayer ","Oscar Mayer Fully Cooked Original Bacon ","","Oscar Mayer Fully Cooked Original Bacon ","4.99","0.0","Market Basket","2.52 oz","2.52 oz","X4693.jpg","","1"
"5471","Chips, Cookies & Snacks","Candy & Chocolates","Candy & Chocolate","Hershey's","Reese's Hershey's Chocolate Mix Assortment, 26 Ounces","","Reese's Hershey's Chocolate Mix Assortment, 26 Ounces","7.39","0.0","Market Basket","26 oz","26 oz","1047.jpg","","3"
"31912","Condiments & Dressings","Pickled Goods & Olives","Olives","Italica ","Italica Kalamata Olives Whole ","070118005723","Italica Kalamata Olives Whole ","3.49","0.0","Market Basket","8 oz","8 oz","X2250.jpg","","2"
"32836","Breakfast & Dairy","Breads & Rolls","Bagels","Market Basket","Market Basket 12 Mini Bagels Plain","049705544549","Market Basket 12 Mini Bagels Plain","2.5","0.0","Market Basket","17 oz","17 oz","X2417.jpg","","18"
"31893","Condiments & Dressings","Marinades, Ketchup & Sauces","Mustard Sauce","Inglehoffer","Inglehoffer Traditional Dijon Mustard With White Wine Deluxe French","667803000752","Inglehoffer Traditional Dijon Mustard With White Wine Deluxe French","4.99","0.0","Market Basket","8 oz","8 oz","X2162.jpg","","2"
"33875","Condiments & Dressings","Pickled Goods & Olives","Pickled Goods & Olives","Pastene","Pastene Since 1874 Sun Dried Tomato Pesto Made With Whole Pine Nuts ","066086100898","Pastene Since 1874 Sun Dried Tomato Pesto Made With Whole Pine Nuts ","6.24","0.0","Market Basket","7 oz","7 oz","X2311.jpg","","2"
"3740","Fresh Produce","Fresh Herbs","Basil","Market Basket","Basil","","Basil","4.24","0.0","Market Basket","3 oz container","3 oz container","14554.jpg","","20"
"3429","Fresh Produce","Fresh Fruits","Apple","Market Basket","Bag Red Delicious Apples","","Bag Red Delicious Apples","6.99","0.0","Market Basket","5 lb","5 lb","No Image.jpg","","20"
"6906","Cooking Needs","Baking & Cooking","Baking Ingredients","Quaker","Quaker Yellow Cornmeal","","Quaker Yellow Cornmeal","2.49","0.0","Market Basket","24 oz","24 oz","15714.jpg","","8"
"4346","Meat & Seafood","Meat & Seafood Counter","Scallops","Market Basket","Market Basket Fresh Dry Sea Scallops","","Market Basket Fresh Dry Sea Scallops","24.39","0.0","Market Basket","Approx: 1.00 lb at $24.3/lb","Approx: 1.00 lb at $24.3/lb","Market Basket.jpg","","22"
"33828","Cooking Needs","Canned Food","Canned Tomatoes","Pastene","Pastene San Marzano Tomatoes of Agro Sarnese-Nocerino Area with Basil Leaf","066086080770","Pastene San Marzano Tomatoes of Agro Sarnese-Nocerino Area with Basil Leaf","5.74","0.0","Market Basket","28.6 oz","28.6 oz","X1378.jpg","","4"
"33993","Breakfast & Dairy","Breads & Rolls","Buns","Pepperidge Farm","Pepperidge Farm 12 White Slider Buns","014100093404","Pepperidge Farm 12 White Slider Buns","4.36","0.0","Market Basket","15 oz","15 oz","X2509.jpg","","18"
"35108","Breakfast & Dairy","Breads & Rolls","Bread","When Pig's Fly","When Pig's Fly Tuscan Wheat Bread","793617000302","When Pig's Fly Tuscan Wheat Bread","6.24","0.0","Market Basket","20 oz","20 oz","X2560.jpg","","18"
"34430","Breakfast & Dairy","Breads & Rolls","Pizza Crust","Rustic Crust","Rustic Crust Flatbreads Tuscan Six Grain Pizza Crust ","794716911179","Rustic Crust Flatbreads Tuscan Six Grain Pizza Crust ","3.74","0.0","Market Basket","13 oz","13 oz","X1337.jpg","","4"
"33317","Cooking Needs","Rice & Grains","Instant Rice","Minute Rice","Minute White Rice Light & Fluffy","017400118105","Minute White Rice Light & Fluffy","4.99","0.0","Market Basket","28 oz","28 oz","X1012.jpg","","4"
"9586","Frozen Food","Frozen Dinners & Entrees","Frozen Meal","Monterey","El Monterey Taquitos Chicken & Cheese","","El Monterey Taquitos Chicken & Cheese","6.69","0.0","Market Basket","21 oz","21 oz","15827.jpg","","18"
"7679","Cooking Needs","Canned Food","Canned Fruit & Applesauce","Sunsweet","Sunsweet Ready to Serve Prunes with Pits","","Sunsweet Ready to Serve Prunes with Pits","2.49","0.0","Market Basket","16 oz","16 oz","17072.jpg","","3"
"30361","Meat & Seafood","Packaged Meat & Seafood","Chicken","Bell & Evans","Bell & Evans Air Chilled Gluten Free Breaded Chicken Breast Nuggets","738985277291","Bell & Evans Air Chilled Gluten Free Breaded Chicken Breast Nuggets","8.74","0.0","Market Basket","12 oz","12 oz","X39.jpg","","1"
"10105","Frozen Food","Ice Cream & Ice","Ice Cream & Ice","Hood","Hood Light Ice Cream Churned Vanilla","","Hood Light Ice Cream Churned Vanilla","3.09","0.0","Market Basket","1.5 quart","1.5 quart","3113.jpg","","21"
"9147","Frozen Food","Frozen Dinners & Entrees","Frozen Appetizers & Sides","Market Basket","Market Basket Fully Cooked Swedish Style Meatballs","","Market Basket Fully Cooked Swedish Style Meatballs","7.09","0.0","Market Basket","32 oz","32 oz","Market Basket.jpg","","18"
"30996","Frozen Food","Frozen Dinners & Entrees","Frozen Appetizers & Sides","Cole's","Cole's Garlic Mini Loaf ","071052000256","Cole's Garlic Mini Loaf ","1.74","0.0","Market Basket","8 oz","8 oz","X4360.jpg","","18"
"4223","Meat & Seafood","Packaged Meat & Seafood","Chicken Wings","Market Basket","Market Basket Wings","","Market Basket Wings","13.02","0.0","Market Basket","Approx: 2.90 lb at $4.49/lb","Approx: 2.90 lb at $4.49/lb","Market Basket.jpg","","22"
"6192","Beverages & Juices","Ginger Ale & Ginger Beer","Ginger Ale","Schweppes","Schweppes Ginger Ale","","Schweppes Ginger Ale","5.0","0.0","Market Basket","8 x 12 fl oz","8 x 12 fl oz","3973.jpg","","17"
"6083","Beverages & Juices","Soft Drinks & Seltzers","Soft Drinks","Coca Cola","Coca Cola Diet Coke","","Coca Cola Diet Coke","5.63","0.0","Market Basket","8 x 12 fl oz","8 x 12 fl oz","16558.jpg","","17"
"10172","Frozen Food","Ice Cream & Ice","Ice Cream & Ice","Market Basket","Market Basket Sparkling Ice","","Market Basket Sparkling Ice","3.09","0.0","Market Basket","15 lb","15 lb","Market Basket.jpg","","21"
"34744","Beverages & Juices","Juices & Refrigerated Drinks","Juice & Nectars","Sunsweet","Sunsweet Amazon Prune Juice with pulp","802763164858","Sunsweet Amazon Prune Juice with pulp","5.36","0.0","Market Basket","48 fl oz","48 fl oz","X2915.jpg","","10"
"32071","Richardson's Farm Ice Cream","Cups, Cones & Bowls","Cones","Keebler","Keebler Cream Cones ","030100300151","Keebler Cream Cones ","3.13","0.0","Market Basket","3 oz","3 oz","X5107.jpg","","20"
"7996","Cooking Needs","Canned Food","Soup, Broth & Bouillon","College Inn","College Inn Natural Garden Vegetable Broth","","College Inn Natural Garden Vegetable Broth","3.09","0.0","Market Basket","32 oz","32 oz","5391.jpg","","2"
"164","Kitchen & Cleaning","Cleaning Products","Other Cleaning Products","Mr. Clean","Mr. Clean Gloves, Premium Latex, Medium","","Mr. Clean Gloves, Premium Latex, Medium","3.09","1.0","Market Basket","1 count","1 count","4278.jpg","","15"
"32140","Frozen Food","Frozen Breakfast","Frozen Pancakes","Kellogg's ","Kellogg's Eggo Pancake Gingerbread Cookie","038000238482","Kellogg's Eggo Pancake Gingerbread Cookie","3.11","0.0","Market Basket","9.8 oz","9.8 oz","X5054.jpg","","19"
"31429","Beverages & Juices","Energy & Sports Drinks","Energy & Sports Drinks","Gatorade","Gatorade Zero Sugar Thirst Quencher Lemon Lime 8 pack","052000043174","Gatorade Zero Sugar Thirst Quencher Lemon Lime 8 pack","7.49","0.0","Market Basket","8 x 20 fl oz","8 x 20 fl oz","X2676.jpg","","10"
"35216","Breakfast & Dairy","Dairy & Eggs","Yogurt","Yoplait","Yoplait Light Strawberries'n Bananas","","Yoplait Light Strawberries'n Bananas","0.81","0.0","Market Basket","6 oz","6 oz","X950.jpg","","1"
"5033","Chips, Cookies & Snacks","Cookies & Crackers","Cookies & Cakes","Chips Ahoy!","Chips Ahoy! Chocolate Chip Cookies Family Size","","Chips Ahoy! Chocolate Chip Cookies Family Size","5.47","0.0","Market Basket","515 g","515 g","1128.jpg","","6"
"7620","Cooking Needs","Canned Food","Canned Fruit & Applesauce","Del Monte","Del Monte Mandarin Oranges in Water, No Sugar Added","","Del Monte Mandarin Oranges in Water, No Sugar Added","2.49","0.0","Market Basket","4 oz","4 oz","4904.jpg","","3"
"9528","Frozen Food","Frozen Dinners & Entrees","Frozen Appetizers & Sides","Lean Pockets","Lean Pockets Pepperoni Pizza Frozen Sandwiches","","Lean Pockets Pepperoni Pizza Frozen Sandwiches","2.49","0.0","Market Basket","2 x 4.5 oz","2 x 4.5 oz","15940.jpg","","18"
"8045","Cooking Needs","Canned Food","Soup, Broth & Bouillon","Market Basket","Market Basket Chicken Broth","","Market Basket Chicken Broth","3.49","0.0","Market Basket","48 oz","48 oz","Market Basket.jpg","","2"
"5899","Beverages & Juices","Tea, Coffee, Milk & Coconut Water","Single To-Go Coffee","StarBucks","Starbucks Doubleshot Energy Mocha","","Starbucks Doubleshot Energy Mocha","3.36","0.0","Market Basket","15 fl oz","15 fl oz","No Image.jpg","","17"
"32349","Cooking Needs","Rice & Grains","Rice/Pasta Sides","Knorr","Knorr Pasta Sides Creamy Chicken Flavour","041000022982","Knorr Pasta Sides Creamy Chicken Flavour","1.25","0.0","Market Basket","4.2 oz","4.2 oz","X1150.jpg","","4"
"9081","Condiments & Dressings","Preserved Dips & Spreads","Spreads","Trappist","Trappist Red Raspberry Jam","","Trappist Red Raspberry Jam","3.69","0.0","Market Basket","12 oz","12 oz","1658.jpg","","3"
"6405","Beverages & Juices","Water","Sparkling Water","Sparkling ICE","Sparkling ICE 4 Pack","","Sparkling ICE 4 Pack","12.49","0.0","Market Basket","12 x 17 fl oz","12 x 17 fl oz","No Image.jpg","","11"
"4249","Meat & Seafood","Packaged Meat & Seafood","Octopus","PanaPesca","PanaPesca Cleaned Octopus","","PanaPesca Cleaned Octopus","9.79","0.0","Market Basket","17.6 oz","17.6 oz","4141.jpg","","22"
"4679","Meat & Seafood","Canned Meat & Seafood","Canned Tuna","Portofino","Portofino Yellowfin Tuna In Extra Virgin Olive Oil","","Portofino Yellowfin Tuna In Extra Virgin Olive Oil","1.29","0.0","Market Basket","4.5 oz","4.5 oz","17165.jpg","","2"
"6317","Beverages & Juices","Water","Sparkling Water","Poland Spring","Poland Spring Sparkling Water, Pomegranate Lemonade","","Poland Spring Sparkling Water, Pomegranate Lemonade","3.74","0.0","Market Basket","8 x 12 fl oz","8 x 12 fl oz","No Image.jpg","","11"
"30483","Cooking Needs","Rice & Grains","Grains, Rice & Dried Goods","Bob's Red Mill","Bob's Red Mill Organic Whole Grain Quinoa Gluten Free The traditional Grain of Andes","039978053237","Bob's Red Mill Organic Whole Grain Quinoa Gluten Free The traditional Grain of Andes","7.49","0.0","Market Basket","13 oz","13 oz","X1071.jpg","","4"
"14647","Breakfast & Dairy","Tea & Coffee","Tea","Twinings","Twinings of London Loose Tea Earl Grey Tea","","Twinings of London Loose Tea Earl Grey Tea","6.09","0.0","Market Basket","3.53 oz","3.53 oz","3440.jpg","","8"
"3502","Fresh Produce","Fresh Organic Vegetables","Eggplant","Market Basket","Organic Single Wrap Eggplant","","Organic Single Wrap Eggplant","4.39","0.0","Market Basket","1 count","1 count","f112.jpg","","20"
"377","Kitchen & Cleaning","Food Storage & Kitchen Supplies","Utensils & Kitchen Supplies","J Hook","J Hook Cheesecloth 100% Cotton","","J Hook Cheesecloth 100% Cotton","4.69","1.0","Market Basket","1 count","1 count","No Image.jpg","","12"
"30412","Chips, Cookies & Snacks","Chips & Fruit Snacks","Fruit & Vegetable Snacks","Betty Crocker","Fruit Roll-Ups Fruit Flavored Snacks ","016000189102","Fruit Roll-Ups Fruit Flavored Snacks ","2.5","0.0","Market Basket","5 oz","5 oz","X5176.jpg","","19"
"560","Laundry & Paper Goods","Laundry","Laundry Detergent","Woolite","Woolite All Clothes Laundry Detergent 33 Loads","","Woolite All Clothes Laundry Detergent 33 Loads","12.49","1.0","Market Basket","50 fl oz","50 fl oz","No Image.jpg","","15"
"31225","Frozen Food","Frozen Breakfast","Frozen Burrito","El Monterey","El Monterey Beef and Bean Green Chilli Burritos 8 pack FAMILY SIZE","071007023095","El Monterey Beef and Bean Green Chilli Burritos 8 pack FAMILY SIZE","4.49","0.0","Market Basket","32 oz","32 oz","X4831.jpg","","19"
"14983","Personal Care","First Aid & Healthcare","Muscles, Joints & Pain Relief","Advil","Advil Medicinal Sleep Aid","","Advil Medicinal Sleep Aid","6.08","1.0","Market Basket","20 count","20 count","6625.jpg","","13"
"32017","Beverages & Juices","Energy & Sports Drinks","Energy & Sports Drinks","Karma","Karma Wellness Water Acai Pomegranate","854651003145","Karma Wellness Water Acai Pomegranate","2.49","0.0","Market Basket","18 fl oz","18 fl oz","X2722.jpg","","10"
"3981","Fresh Produce","Fresh Vegetables","Speciality Produce","Market Basket","Purple Top Turnips pack","","Purple Top Turnips pack","2.06","0.0","Market Basket","1 lb","1 lb","FP82.jpg","","20"
"6982","Cooking Needs","Baking & Cooking","Doughs, Gelatins & Bake Mixes","Jell-O","Jell O Sugar Free Black Cherry Low Calorie Gelatin Dessert Mix","","Jell O Sugar Free Black Cherry Low Calorie Gelatin Dessert Mix","1.09","0.0","Market Basket","0.3 oz","0.3 oz","2073.jpg","","8"
"13668","Breakfast & Dairy","Dairy & Eggs","Packaged Cheese","BelGioioso","Galbani Fresh Mozzarella Pearls","","Galbani Fresh Mozzarella Pearls","3.69","0.0","Market Basket","8 oz","8 oz","172.jpg","","1"
"10034","Frozen Food","Ice Cream & Ice","Ice Cream & Ice","Friendly's","Friendly's Mint Chocolate Chip Light Ice Cream","","Friendly's Mint Chocolate Chip Light Ice Cream","3.69","0.0","Market Basket","1.5 quart","1.5 quart","3066.jpg","","21"
"100","Kitchen & Cleaning","Cleaning Products","Bathroom Cleaner","Lysol","Lysol Power Foam Bathroom Cleaner Soap Scum & Shine","","Lysol Power Foam Bathroom Cleaner Soap Scum & Shine","3.09","1.0","Market Basket","24 oz","24 oz","4258.jpg","","15"
"7361","Cooking Needs","Spices & Seasonings","Spices & Seasonings","Morton & Bassett Spices","Morton & Bassett Spices Whole Black Peppercorns","","Morton & Bassett Spices Whole Black Peppercorns","6.09","0.0","Market Basket","2.1 oz","2.1 oz","2252.jpg","","9"
"6089","Beverages & Juices","Soft Drinks & Seltzers","Soft Drinks","Coca-Cola","Coca Cola Original Taste Mini","","Coca Cola Original Taste Mini","5.63","0.0","Market Basket","8 x 12 fl oz","8 x 12 fl oz","3941.jpg","","17"
"7500","Cooking Needs","Canned Food","Canned & Jarred Vegetables","Market Basket","Market Basket Cream Style Golden Sweet Corn","","Market Basket Cream Style Golden Sweet Corn","0.69","0.0","Market Basket","8.5 oz","8.5 oz","Market Basket.jpg","","9"
"34398","Pasta & Sauces","Raw Pasta","Raw Pasta","Riesa","Riesa Egg Noodles Spinach","822160333664","Riesa Egg Noodles Spinach","3.74","0.0","Market Basket","12.3 oz","12.3 oz","X1592.jpg","","4"
"8259","Condiments & Dressings","Marinades, Ketchup & Sauces","Condiments","Ortega","Ortega Taco Sauce Original Thick & Smooth Medium","","Ortega Taco Sauce Original Thick & Smooth Medium","1.89","0.0","Market Basket","8 oz","8 oz","15350.jpg","","7"
"15133","Personal Care","Personal Needs","Hand Wash","Method","Method Foaming Hand Wash Sea Minerals","","Method Foaming Hand Wash Sea Minerals","4.24","1.0","Market Basket","10 fl oz","10 fl oz","6373.jpg","","13"
"30068","Frozen Food","Frozen Pizza","Frozen Pizza","American Flatbread ","American Flatbread Twisted 6 Cheese ","7.31789E+11","American Flatbread Twisted 6 Cheese ","11.24","0.0","Market Basket","14 oz","14 oz","X4890.jpg","","19"
"34839","Breakfast & Dairy","Breads & Rolls","Bagels","Thomas","Thomas Bagels Everything","048121253196","Thomas Bagels Everything","5.86","0.0","Market Basket","20 oz","20 oz","X2609.jpg","","18"
"14446","Breakfast & Dairy","Tea & Coffee","Coffee","New England Coffee","New England Coffee Hazelnut Creme Ground Coffee","","New England Coffee Hazelnut Creme Ground Coffee","7.39","0.0","Market Basket","11 oz","11 oz","3373.jpg","","8"
"30342","Pasta & Sauces","Raw Pasta","Raw Pasta","Barilla","Barilla Pasta Jumbo Shells","076808517088","Barilla Pasta Jumbo Shells","2.5","0.0","Market Basket","12 oz","12 oz","X1646.jpg","","4"
"33665","Beverages & Juices","Juices & Refrigerated Drinks","Juice & Nectars","Ocean Spray","Ocean Spray Cran Pineapple Juice Drink from Concentrate","031200028211","Ocean Spray Cran Pineapple Juice Drink from Concentrate","3.74","0.0","Market Basket","64 fl oz","64 fl oz","X2831.jpg","","10"
"13692","Breakfast & Dairy","Dairy & Eggs","Packaged Cheese","Great Lakes","Great Lakes Cheese Shredded Low moisture Part Skim Mozzarella Cheese","","Great Lakes Cheese Shredded Low moisture Part Skim Mozzarella Cheese","8.09","0.0","Market Basket","2 lb","2 lb","14578.jpg","","1"
"7290","Cooking Needs","Spices & Seasonings","Spices & Seasonings","McCormick","McCormick GourmetÃ¢âÂ¢ Organic Fennel Seed","","McCormick GourmetÃ¢âÂ¢ Organic Fennel Seed","4.89","0.0","Market Basket","1 oz jar","1 oz jar","2212.jpg","","9"
"30098","Pasta & Sauces","Gluten Free Pasta","Raw Pasta","Ancient Harvest","Ancient Harvest Organic Pasta Penne Gluten Free","089125210006","Ancient Harvest Organic Pasta Penne Gluten Free","3.74","0.0","Market Basket","9.6 oz","9.6 oz","X1574.jpg","","4"
"35008","Breakfast & Dairy","Breads & Rolls","English Muffins","Vermont Bread","Vermont Bread Potato English Muffins","025911031141","Vermont Bread Potato English Muffins","3.13","0.0","Market Basket","12 oz","12 oz","X2451.jpg","","18"
"33306","Cooking Needs","Rice & Grains","Instant Rice","Minute Rice","Minute White Rice Light & Fluffy","017400118051","Minute White Rice Light & Fluffy","2.49","0.0","Market Basket","14 oz","14 oz","X1001.jpg","","4"
"30148","Beverages & Juices","Juices & Refrigerated Drinks","Juice & Nectars","Apple & Eve","Apple & Eve Organics Berry Grape 100% Juice","076301752504","Apple & Eve Organics Berry Grape 100% Juice","3.74","0.0","Market Basket","64 fl oz","64 fl oz","X2874.jpg","","10"
"14379","Breakfast & Dairy","Tea & Coffee","Coffee","Folgers ","Folgers Keurig Coffee K Cup Pods Medium Roast","","Folgers Keurig Coffee K Cup Pods Medium Roast","21.99","0.0","Market Basket","36 x 0.28 oz","36 x 0.28 oz","3342.jpg","","8"
"6049","Beverages & Juices","Juices & Refrigerated Drinks","Juice & Nectars","Minute Maid","Minute Maid Pink Lemonade Made with Real Lemons","","Minute Maid Pink Lemonade Made with Real Lemons","6.86","0.0","Market Basket","12 x 12 fl oz","12 x 12 fl oz","No Image.jpg","","17"
"13962","Breakfast & Dairy","Dairy & Eggs","Specialty Cheeses","Market Basket","Market Basket Parmesan Cheese","","Market Basket Parmesan Cheese","3.09","0.0","Market Basket","8 oz","8 oz","Market Basket.jpg","","1"
"31651","Beverages & Juices","Juices & Refrigerated Drinks","Juice & Nectars","Hawaiian Punch","Hawaiian Punch Fruit Juicy Red","014800646542","Hawaiian Punch Fruit Juicy Red","2.5","0.0","Market Basket","1 gal","1 gal","X3156.jpg","","10"
"31311","Breakfast & Dairy","Bars & Pastries","Chewy Bars","Fiber One","Fiber One Chewy bars  Chocolate Peanut Butter","016000261655","Fiber One Chewy bars  Chocolate Peanut Butter","3.75","0.0","Market Basket","5 x 0.82 oz","5 x 0.82 oz","X3840.jpg","","5"
"7951","Cooking Needs","Canned Food","Soup, Broth & Bouillon","Campbell's","Campbell's Condensed Campbell's Condensed Disney Princess Soup","","Campbell's Condensed Campbell's Condensed Disney Princess Soup","2.09","0.0","Market Basket","10.5 oz","10.5 oz","5302.jpg","","2"
"15155","Personal Care","Personal Needs","Oral Hygiene","Arm & Hammer","Arm & Hammer Spinbrush Pro Series Ultra White Soft","","Arm & Hammer Spinbrush Pro Series Ultra White Soft","12.64","1.0","Market Basket","1 count","1 count","6438.jpg","","13"
"33044","Breakfast & Dairy","Bars & Pastries","Pastries","Market Basket ","Market Basket Toaster Pasteries Cherry","049705010419","Market Basket Toaster Pasteries Cherry","1.24","0.0","Market Basket","11 oz","11 oz","X3520.jpg","","5"
"34149","Pasta & Sauces","Pasta Sauce","Pasta Sauce","Prego","Prego Italian Sauce Traditional","051000269775","Prego Italian Sauce Traditional","3.75","0.0","Market Basket","45 oz","45 oz","X1443.jpg","","4"
"4653","Meat & Seafood","Canned Meat & Seafood","Canned Crabmeat","Chicken of the Sea","Chicken of the Sea Premium Crab Meat Special","","Chicken of the Sea Premium Crab Meat Special","17.09","0.0","Market Basket","16 oz","16 oz","5216.jpg","","2"
"10132","Frozen Food","Ice Cream & Ice","Ice Cream & Ice","Lactaid","Lactaid Lactose Free Vanilla Ice Cream","","Lactaid Lactose Free Vanilla Ice Cream","3.89","0.0","Market Basket","1 quart","1 quart","16183.jpg","","21"
"9155","Frozen Food","Frozen Dinners & Entrees","Frozen Appetizers & Sides","McCain","McCain 5 Minute Fries Shoestring Cut Potatoes","","McCain 5 Minute Fries Shoestring Cut Potatoes","2.49","0.0","Market Basket","20 oz","20 oz","2580.jpg","","18"
"5703","Breakfast & Dairy","Bars & Pastries","Protien Bars","Atkins","Atkins Endulge Treat Caramel Nut Chew Bar","","Atkins Endulge Treat Caramel Nut Chew Bar","6.09","0.0","Market Basket","5 ct","5 ct","15212.jpg","","13"
"7177","Cooking Needs","Oils & Vinegars","Oils & Vinegars","Vermont Village","Vermont Village Apple Cider Vinegar Raw & Organic","","Vermont Village Apple Cider Vinegar Raw & Organic","6.09","0.0","Market Basket","32 fl oz","32 fl oz","15511.jpg","","2"
"33508","Breakfast & Dairy","Bars & Pastries","Pastries","Nature's Path","Nature's Path Frosted Pumpkin Pie","058449178002","Nature's Path Frosted Pumpkin Pie","4.36","0.0","Market Basket","11 oz","11 oz","X3516.jpg","","5"
"6365","Beverages & Juices","Soft Drinks & Seltzers","Seltzer","Polar","Polar Seltzer Original","","Polar Seltzer Original","3.74","0.0","Market Basket","6 x 16.9 fl oz","6 x 16.9 fl oz","No Image.jpg","","11"
"6451","Chips, Cookies & Snacks","Jerkies","Jerky","Bridgford","Bridgford Honey Barbecue Beef Jerky","","Bridgford Honey Barbecue Beef Jerky","6.24","0.0","Market Basket","3.25 oz","3.25 oz","No Image.jpg","","6"
"10121","Frozen Food","Ice Cream & Ice","Ice Cream & Ice","Klondike","Klondike Ice Cream & Frozen Dessert Sandwiches Oreo","","Klondike Ice Cream & Frozen Dessert Sandwiches Oreo","4.09","0.0","Market Basket","4 fl oz","4 fl oz","17990.jpg","","21"
"31979","Cooking Needs","Oils & Vinegars","Oils & Vinegars","Joyce Chen ","Joyce Chen Kosher Roasted Sesome Oil 100% Pure Expeller Pressed ","048002005852","Joyce Chen Kosher Roasted Sesome Oil 100% Pure Expeller Pressed ","6.24","0.0","Market Basket","29 fl oz","29 fl oz","X1968.jpg","","2"
"13584","Breakfast & Dairy","Dairy & Eggs","Other Creams & Cheeses","Market Basket","Market Basket Cream Cheese","","Market Basket Cream Cheese","3.59","0.0","Market Basket","16 oz","16 oz","Market Basket.jpg","","1"
"30480","Breakfast & Dairy","Cereal","Wheat Bran","Bob's Red Mill","Bob's Red Mill High Fiber Wheat Bran ","039978123213","Bob's Red Mill High Fiber Wheat Bran ","1.88","0.0","Market Basket","8 oz","8 oz","X3661.jpg","","5"
"31924","Meat & Seafood","Packaged Meat & Seafood","Turkey","Jenni-O","Jenni-O Home Style Turkey Meatballs","","Jenni-O Home Style Turkey Meatballs","6.86","0.0","Market Basket","24 oz","24 oz","X4699.jpg","","1"
"13150","Breakfast & Dairy","Cereal","Cereal","Total","Total Whole Grain Cereal","","Total Whole Grain Cereal","3.69","0.0","Market Basket","10.6 oz","10.6 oz","17617.jpg","","5"
"33370","Condiments & Dressings","Salad Dressings & Toppings","Croutons","Mrs Cubbison's ","Mrs Cubbision's Parmesan Crisps 100 % Baked Cheese","","Mrs Cubbision's Parmesan Crisps 100 % Baked Cheese","3.13","0.0","Market Basket","1.98 oz","1.98 oz","X1750.jpg","","2"
"32855","Breakfast & Dairy","Breads & Rolls","Bread","Market Basket","Market Basket 12 Grain Bread","049705544358","Market Basket 12 Grain Bread","2.5","0.0","Market Basket","24 oz","24 oz","X2380.jpg","","18"
"3843","Fresh Produce","Fresh Organic Vegetables","Tomato","Market Basket","Organic Stem Cluster Tomatoes (Approx: 8 ct)","","Organic Stem Cluster Tomatoes (Approx: 8 ct)","4.24","0.0","Market Basket","1 lb","1 lb","FP124.jpg","","20"
"33319","Beverages & Juices","Juices & Refrigerated Drinks","Juice & Nectars","Minute Maid","Minute Maid Mixed Berry","025000101540","Minute Maid Mixed Berry","3.49","0.0","Market Basket","8 x 6 fl oz","8 x 6 fl oz","X3068.jpg","","10"
"13193","Breakfast & Dairy","Granola & Oats","Oats","Chex","Chex Gluten Free Variety Pack Maple Brown Sugar/Apple Cinnamon/Original Oatmeal","","Chex Gluten Free Variety Pack Maple Brown Sugar/Apple Cinnamon/Original Oatmeal","3.69","0.0","Market Basket","8.84 oz","8.84 oz","17650.jpg","","5"
"30443","Breakfast & Dairy","Breads & Rolls","Pizza Crust","Bob's Red Mill","Bob's Red Mill Gluten Free Pizza Crust ","039978113948","Bob's Red Mill Gluten Free Pizza Crust ","4.99","0.0","Market Basket","16 oz","16 oz","X1298.jpg","","4"
"34462","Breakfast & Dairy","Breads & Rolls","Bread","Sara Lee","Sara Lee Artesano Brioche Bakery Bread","072945612846","Sara Lee Artesano Brioche Bakery Bread","3.74","0.0","Market Basket","20 oz","20 oz","X2479.jpg","","18"
"4279","Meat & Seafood","Packaged Meat & Seafood","Turkey","Butterball","Butterball All Natural Ground Turkey 85% Lean","","Butterball All Natural Ground Turkey 85% Lean","4.11","0.0","Market Basket","16 oz","16 oz","4118.jpg","","22"
"6923","Cooking Needs","Baking & Cooking","Baking Ingredients","Toll House","Toll House Milk Chocolate Morsels","","Toll House Milk Chocolate Morsels","2.49","0.0","Market Basket","11.5 oz","11.5 oz","2354.jpg","","8"
"13404","Breakfast & Dairy","Dairy & Eggs","Eggs","Eggland's Best","Eggland's Best Extra Large Brown Eggs","","Eggland's Best Extra Large Brown Eggs","3.89","0.0","Market Basket","12 count","12 count","Market Basket.jpg","","1"
"32144","Frozen Food","Frozen Breakfast","Frozen Pancakes","Kellogg's ","Kellogg's Eggo Pancake Buttermilk","038000156823","Kellogg's Eggo Pancake Buttermilk","6.11","0.0","Market Basket","32.7 oz","32.7 oz","X5058.jpg","","19"
"7804","Cooking Needs","Canned Food","Canned Meals & Beans","Pastene","Pastene Black Beans","","Pastene Black Beans","1.49","0.0","Market Basket","15.5 oz","15.5 oz","17128.jpg","","2"
"6440","Beverages & Juices","Ginger Ale & Ginger Beer","Ginger Ale","Market Basket","Market Basket Ginger Ale","","Market Basket Ginger Ale","2.24","0.0","Market Basket","6 x 8 fl oz","6 x 8 fl oz","Market Basket.jpg","","17"
"31159","Meat & Seafood","Canned Meat & Seafood","Salmon","Deming's ","Deming's Red Sock Eye Wild Caught Alaskan Salmon ","","Deming's Red Sock Eye Wild Caught Alaskan Salmon ","8.74","0.0","Market Basket","14.75 oz","14.75 oz","X1881.jpg","","2"
"34585","Beverages & Juices","Tea, Coffee, Milk & Coconut Water","Tea","Snapple","Snapple All Natural Peach Tea ","076183263563","Snapple All Natural Peach Tea ","7.49","0.0","Market Basket","6 x 16 fl oz","6 x 16 fl oz","X3006.jpg","","10"
"3773","Fresh Produce","Fresh Organic Fruits","Apple","Market Basket","Organic Large Gala Apple","","Organic Large Gala Apple","3.78","0.0","Market Basket","1 lb","1 lb","14241.jpg","","20"
"7264","Cooking Needs","Spices & Seasonings","Spices & Seasonings","McCormick","McCormick Cilantro Leaves","","McCormick Cilantro Leaves","3.69","0.0","Market Basket","0.5 oz container","0.5 oz container","2141.jpg","","9"
"208","Kitchen & Cleaning","Cleaning Products","Scrub Sponge","SOS","SOS Sponges","","SOS Sponges","2.49","1.0","Market Basket","10 count","10 count","16787.jpg","","15"
"34550","Frozen Food","Frozen Breakfast","Frozen Breakfast","Smucker's","Smucker's Uncrestables Peanut Butter & Strawberry Jam Sandwich","051500048184","Smucker's Uncrestables Peanut Butter & Strawberry Jam Sandwich","7.49","0.0","Market Basket","20 oz","20 oz","X4978.jpg","","19"
"4875","Chips, Cookies & Snacks","Chips & Fruit Snacks","Chips & Pretzels","Lay's","Lay's Wavy Original Potato Chips Party Size","","Lay's Wavy Original Potato Chips Party Size","5.47","0.0","Market Basket","13 oz","13 oz","874.jpg","","0"
"33921","Condiments & Dressings","Pickled Goods & Olives","Olives","Pearls ","Pearls Musco Family Olive Co Specialties Martini Vermouth Red Pepper Hand-Stuffed Olives Superior Quality Guaranteed ","072999199034","Pearls Musco Family Olive Co Specialties Martini Vermouth Red Pepper Hand-Stuffed Olives Superior Quality Guaranteed ","5.61","0.0","Market Basket","8 oz","8 oz","X2244.jpg","","2"
"7294","Cooking Needs","Spices & Seasonings","Spices & Seasonings","McCormick","McCormick GourmetÃ¢âÂ¢ Organic Herbes De Provence","","McCormick GourmetÃ¢âÂ¢ Organic Herbes De Provence","4.89","0.0","Market Basket","0.65 oz","0.65 oz","2211.jpg","","9"
"31448","Breakfast & Dairy","Cereal","Cereal","General Mills","General Mills Fiber One Cereal with Real Honey","016000157651","General Mills Fiber One Cereal with Real Honey","4.99","0.0","Market Basket","17.5 oz","17.5 oz","X3425.jpg","","5"
"6204","Beverages & Juices","Soft Drinks & Seltzers","Soft Drinks","7 up","7 Up Lemon Lime Box of Cans","","7 Up Lemon Lime Box of Cans","5.63","0.0","Market Basket","10 x 7.5 fl oz","10 x 7.5 fl oz","No Image.jpg","","17"
"33786","Pasta & Sauces","Pasta Sauce","Pasta Sauce","Paesana","Paesana Cooking Sauce Marsala","076050170109","Paesana Cooking Sauce Marsala","4.99","0.0","Market Basket","15.75 oz","15.75 oz","X1433.jpg","","4"
"588","Laundry & Paper Goods","Laundry","Scent Booster","Snuggle","Snuggle Scent Shakes Scent Booster Spring Burst","","Snuggle Scent Shakes Scent Booster Spring Burst","5.61","1.0","Market Basket","255 g","255 g","No Image.jpg","","15"
"33368","Chips, Cookies & Snacks","Candy & Chocolates","Candy & Chocolate","Mounds ","Mounds Dark Chocolate & Coconut","","Mounds Dark Chocolate & Coconut","1.88","0.0","Market Basket","8.6 oz","8.6 oz","X630.jpg","","3"
"30378","Pasta & Sauces","Pasta Sauce","Pasta Sauce","Bertolli","Bertolli Pasta Sauce Traditional Marinara with Italian Herbs and Fresh Garlic","036200430682","Bertolli Pasta Sauce Traditional Marinara with Italian Herbs and Fresh Garlic","3.13","0.0","Market Basket","24 oz","24 oz","X1509.jpg","","4"
"34377","Cooking Needs","Rice & Grains","Instant Rice","Rice Roni","Rice Roni Beef flavor Rice, Vermicelli, beef broth & carrots with other natural flavors ","015300430280","Rice Roni Beef flavor Rice, Vermicelli, beef broth & carrots with other natural flavors ","1.25","0.0","Market Basket","6.8 oz","6.8 oz","X988.jpg","","4"
"30730","Cooking Needs","Canned Food","Baked Beans","Bush's","Bush's Best Since 1908 Onion Brown Sugar Hickory Baked Beans ","","Bush's Best Since 1908 Onion Brown Sugar Hickory Baked Beans ","2.88","0.0","Market Basket","16 oz","16 oz","X1825.jpg","","2"
"4828","Chips, Cookies & Snacks","Chips & Fruit Snacks","Chips & Pretzels","Cape Cod","Cape Cod Sea Salt & Cracked Pepper","","Cape Cod Sea Salt & Cracked Pepper","5.92","0.0","Market Basket","8 oz","8 oz","No Image.jpg","","0"
"14365","Breakfast & Dairy","Tea & Coffee","Coffee","Eight O'Clock","Eight O'Clock Coffee Ground 100% Colombian Peaks Medium","","Eight O'Clock Coffee Ground 100% Colombian Peaks Medium","9.79","0.0","Market Basket","22 oz","22 oz","16275.jpg","","8"
"7533","Cooking Needs","Canned Food","Canned & Jarred Vegetables","Market Basket","Market Basket Sweet Peas","","Market Basket Sweet Peas","0.79","0.0","Market Basket","15 oz","15 oz","Market Basket.jpg","","9"
"14526","Breakfast & Dairy","Tea & Coffee","Tea","Bigelow ","Bigelow Earl Grey Black Tea Decaffeinated","","Bigelow Earl Grey Black Tea Decaffeinated","3.09","0.0","Market Basket","20 count","20 count","3420.jpg","","8"
"12713","Breakfast & Dairy","Breads & Rolls","Bread","Market Basket","Market Basket French Bread","","Market Basket French Bread","2.49","0.0","Market Basket","16 oz","16 oz","Market Basket.jpg","","18"
"33434","Beverages & Juices","Juices & Refrigerated Drinks","Juice & Nectars","Nantucket Nectars","Nantucket Nectars Squeezed Lemonade","726284000160","Nantucket Nectars Squeezed Lemonade","1.86","0.0","Market Basket","16 fl oz","16 fl oz","X3020.jpg","","10"
"34101","Breakfast & Dairy","Cereal","Cereal","Post","Post Oats of Honey Bunches Cereal with Almonds Family Size","884912006813","Post Oats of Honey Bunches Cereal with Almonds Family Size","4.99","0.0","Market Basket","23 oz","23 oz","X3400.jpg","","5"
"14825","Personal Care","Body Wash, Soap & Hair Care","Shower Gel","Market Basket","Market Basket Sea Men's Shower Gel","","Market Basket Sea Men's Shower Gel","3.21","1.0","Market Basket","20 fl oz","20 fl oz","Market Basket.jpg","","13"
"32823","Breakfast & Dairy","Bars & Pastries","Granola Bars","Market Basket","Market Basket Dipped Chocolaty Covered Chewy Granola Bars Chocolate Chip","049705020821","Market Basket Dipped Chocolaty Covered Chewy Granola Bars Chocolate Chip","2.5","0.0","Market Basket","6.56 oz","6.56 oz","X3809.jpg","","5"
"32568","Frozen Food","Frozen Dinners & Entrees","Frozen Meal","Life Cuisine ","Life Cuisine Greek Style Chicken Bowl","013800490087","Life Cuisine Greek Style Chicken Bowl","4.36","0.0","Market Basket","10 1/2 oz","10 1/2 oz","X4252.jpg","","18"
"7954","Cooking Needs","Canned Food","Soup, Broth & Bouillon","Campbell's","Campbell's Condensed Campbell's Condensed Double Noodle Soup","","Campbell's Condensed Campbell's Condensed Double Noodle Soup","2.09","0.0","Market Basket","10.5 oz","10.5 oz","5308.jpg","","2"
"13869","Breakfast & Dairy","Dairy & Eggs","Soy & Lactose-Free","Blue Diamond Almond Breeze Almondmilk","Blue Diamond Almond Breeze Almondmilk Blue Diamond Almond Breeze Almond Coconut Blend","","Blue Diamond Almond Breeze Almondmilk Blue Diamond Almond Breeze Almond Coconut Blend","3.09","0.0","Market Basket","32 fl oz","32 fl oz","753.jpg","","1"
"10053","Frozen Food","Ice Cream & Ice","Ice Cream & Ice","Friendly's","Friendly's Sundae Original Fudge","","Friendly's Sundae Original Fudge","1.29","0.0","Market Basket","6 fl oz","6 fl oz","3045.jpg","","21"
"3614","Fresh Produce","Fresh Vegetables","Eggplant","Market Basket","Eggplant","","Eggplant","5.52","0.0","Market Basket","1 ct","1 ct","14362.jpg","","20"
"4062","Meat & Seafood","Meat & Seafood Counter","Beef","Market Basket","Boneless Beef Chuck","","Boneless Beef Chuck","4.89","0.0","Market Basket","1 lb","1 lb","Market Basket.jpg","","22"
"34795","Chips, Cookies & Snacks","Candy & Chocolates","Candy & Chocolate","Taza ","Taza Chocolate Toffee Almond &Sea Salt Organic Dark Chocolate ","","Taza Chocolate Toffee Almond &Sea Salt Organic Dark Chocolate ","3.74","0.0","Market Basket","2.5 oz","2.5 oz","X822.jpg","","3"
"629","Laundry & Paper Goods","Paper Goods","Wipes","Market Basket","Market Basket Flushable Moist Wipes Refill & Travel Pack","","Market Basket Flushable Moist Wipes Refill & Travel Pack","1.49","1.0","Market Basket","1 unit","1 unit","Market Basket.jpg","","14"
"32208","Breakfast & Dairy","Cereal","Cereal","Kellogg's ","Kellogg's Frosted Flakes Large Size","038000199066","Kellogg's Frosted Flakes Large Size","4.38","0.0","Market Basket","19.2 oz","19.2 oz","X3380.jpg","","5"
"12828","Breakfast & Dairy","Breads & Rolls","Muffin","Market Basket","Market Basket Coffee Cake Muffin","","Market Basket Coffee Cake Muffin","2.19","0.0","Market Basket","10 oz","10 oz","Market Basket.jpg","","21"
"575","Laundry & Paper Goods","Laundry","Laundry Detergent","Downy","Downy Odor Protect april fresh in wash scent booster Laundry Detergent","","Downy Odor Protect april fresh in wash scent booster Laundry Detergent","8.74","1.0","Market Basket","285 g","285 g","No Image.jpg","","15"
"9671","Frozen Food","Frozen Pizza","Frozen Pizza","Abondanza","Abondanza Italian Style Cheese Pizza","","Abondanza Italian Style Cheese Pizza","9.79","0.0","Market Basket","1 count","1 count","Market Basket.jpg","","19"
"7960","Cooking Needs","Canned Food","Soup, Broth & Bouillon","Campbell's","Campbell's Condensed Campbell's Condensed Healthy Request Chicken with Rice Soup","","Campbell's Condensed Campbell's Condensed Healthy Request Chicken with Rice Soup","2.09","0.0","Market Basket","10.5 oz","10.5 oz","5307.jpg","","9"
"34373","Frozen Food","Frozen Dinners & Entrees","Frozen Appetizers & Sides","Rhodes","Rhodes Bake N Serv Whole Wheat Bread","070022007158","Rhodes Bake N Serv Whole Wheat Bread","3.74","0.0","Market Basket","3.375 lb","3.375 lb","X4299.jpg","","18"
"476","Laundry & Paper Goods","Laundry","Laundry Detergent","Purex Liquid Detergents","Purex Concentrated Detergent Mountain Breeze 57 loads","","Purex Concentrated Detergent Mountain Breeze 57 loads","3.74","1.0","Market Basket","75 fl oz","75 fl oz","No Image.jpg","","15"
"15312","Personal Care","Vitamins & Proteins","Vitamins & Supplements","Caltrate","Caltrate calcium vitamin d combination mineral supplements","","Caltrate calcium vitamin d combination mineral supplements","21.72","1.0","Market Basket","120 count","120 count","6717.jpg","","13"
"31236","Pasta & Sauces","Pasta Sauce","Pasta Sauce","Emeril's","Emeril's Pasta Sauce Roasted Gaaahlic Sauce","074683099491","Emeril's Pasta Sauce Roasted Gaaahlic Sauce","3.75","0.0","Market Basket","24 oz","24 oz","X1522.jpg","","4"
"13626","Breakfast & Dairy","Dairy & Eggs","Packaged Cheese","BelGioioso","BelGioioso Sliced Mild Provolone Cheese","","BelGioioso Sliced Mild Provolone Cheese","3.69","0.0","Market Basket","8 oz","8 oz","173.jpg","","22"
"34074","Breakfast & Dairy","Bars & Pastries","Pastries","Pop Tarts","PopTarts Frosted Chocolate Fudge","038000222658","PopTarts Frosted Chocolate Fudge","2.5","0.0","Market Basket","13.5 oz","13.5 oz","X3506.jpg","","5"
"375","Kitchen & Cleaning","Food Storage & Kitchen Supplies","Utensils & Kitchen Supplies","Goodcook","Goodcook Steamer Basket","","Goodcook Steamer Basket","10.39","1.0","Market Basket","1 ct","1 ct","16871.jpg","","12"
"15100","Personal Care","Personal Needs","Facial Care","Clearasil","Clearasil Deep Treatment Pads, Rapid Rescue, Maximum Strength","","Clearasil Deep Treatment Pads, Rapid Rescue, Maximum Strength","11.26","1.0","Market Basket","90 count","90 count","6268.jpg","","13"
"561","Laundry & Paper Goods","Laundry","Laundry Detergent","Woolite","Woolite All Darks Laundry Detergent 33 Loads","","Woolite All Darks Laundry Detergent 33 Loads","12.49","1.0","Market Basket","50 fl oz","50 fl oz","No Image.jpg","","15"
"13313","Breakfast & Dairy","Dairy & Eggs","Butter","Smart Balance","Smart Balance Buttery Spread Light With Flaxseed Oil","","Smart Balance Buttery Spread Light With Flaxseed Oil","3.09","0.0","Market Basket","15 oz","15 oz","644.jpg","","1"
"31257","Frozen Food","Frozen Breakfast","Frozen Burrito","Evol","Evol Shreedded Beef Burrito","891627002511","Evol Shreedded Beef Burrito","2.11","0.0","Market Basket","6 oz","6 oz","X4814.jpg","","19"
"32627","Cooking Needs","Rice & Grains","Grains, Rice & Dried Goods","Lundberg Family Farms","LundBerg Organic Whole Grain Rice & Seasoning Mix Red Beans & Rice Gluten Free Whole Grain Vegan","073416510500","LundBerg Organic Whole Grain Rice & Seasoning Mix Red Beans & Rice Gluten Free Whole Grain Vegan","4.36","0.0","Market Basket","6 oz","6 oz","X1064.jpg","","4"
"30090","Breakfast & Dairy","Cereal","Quinoa","Ancient Harvest","Ancient Harvest Quinoa Flakes","089125412004","Ancient Harvest Quinoa Flakes","11.24","0.0","Market Basket","12 oz","12 oz","X3678.jpg","","5"
"5313","Chips, Cookies & Snacks","Cookies & Crackers","Cookies & Cakes","Oreo","Chocolate Creme Oreo Family Size","","Chocolate Creme Oreo Family Size","5.47","0.0","Market Basket","566 g","566 g","No Image.jpg","","6"
"34708","Cooking Needs","Rice & Grains","Instant Rice","Success","Success Boil in Bag White Rice Precooked","017400101770","Success Boil in Bag White Rice Precooked","3.74","0.0","Market Basket","21 oz","21 oz","X1000.jpg","","4"
"6283","Beverages & Juices","Water","Water","Market Basket","Market Basket Early Years Purified Water","","Market Basket Early Years Purified Water","0.84","0.0","Market Basket","1 gal","1 gal","Market Basket.jpg","","11"
"34903","Beverages & Juices","Juices & Refrigerated Drinks","Refrigerated Drinks","Tropicana ","Tropicana essentials FIBER GOOD SOURCE OF FIBER apple cherry","","Tropicana essentials FIBER GOOD SOURCE OF FIBER apple cherry","4.11","0.0","Market Basket","32 fl oz","32 fl oz","X849.jpg","","1"
"15129","Personal Care","Personal Needs","Facial Care","Topcare","TopCare Alcohol & Oil-free Hypoallergenic Makeup Remover Cleansing Towelettes","","TopCare Alcohol & Oil-free Hypoallergenic Makeup Remover Cleansing Towelettes","3.74","1.0","Market Basket","25 count","25 count","6280.jpg","","13"
"4383","Meat & Seafood","Hot Dogs, Bacon & Sausage","Bacon","Coleman","Coleman Uncured Hickory Smoked Bacon","","Coleman Uncured Hickory Smoked Bacon","9.19","0.0","Market Basket","0.75 lb","0.75 lb","4192.jpg","","22"
"8140","Cooking Needs","Canned Food","Soup, Broth & Bouillon","Swanson","Swanson Unsalted Chicken Cooking Stock","","Swanson Unsalted Chicken Cooking Stock","3.29","0.0","Market Basket","32 oz","32 oz","5397.jpg","","9"
"3859","Fresh Produce","Fresh Vegetables","Greens","Market Basket","Collard Greens","","Collard Greens","2.86","0.0","Market Basket","1 lb","1 lb","14382.jpg","","20"
"6040","Beverages & Juices","Juices & Refrigerated Drinks","Juice & Nectars","Rose","Rose Sweetened Lime Juice","01660433","Rose Sweetened Lime Juice","3.74","0.0","Market Basket","12 fl oz","12 fl oz","X2780.jpg","","10"
"31390","Frozen Food","Frozen Dinners & Entrees","Frozen Appetizers & Sides","Furlani","Furlani Texas Toast Garlic","059635001821","Furlani Texas Toast Garlic","2.36","0.0","Market Basket","11.25 oz","11.25 oz","X4365.jpg","","18"
"33101","Cooking Needs","Oils & Vinegars","Oils & Vinegars","Market Basket ","Market Basket Naturally Cholosterol Free Canola Oil ","049705022504","Market Basket Naturally Cholosterol Free Canola Oil ","2.74","0.0","Market Basket","32 fl oz","32 fl oz","X1916.jpg","","2"
"13935","Breakfast & Dairy","Dairy & Eggs","Specialty Cheeses","Cambozola","Cambozola Triple Cream Blue","","Cambozola Triple Cream Blue","15.89","0.0","Market Basket","1 per lb","1 per lb","Market Basket.jpg","","1"
"33349","Chips, Cookies & Snacks","Chips & Fruit Snacks","Fruit & Vegetable Snacks","Mott's ","Mott's Assorted Fruit","016000431645","Mott's Assorted Fruit","2.5","0.0","Market Basket","8 oz","8 oz","X5178.jpg","","19"
"33043","Chips, Cookies & Snacks","Chips & Fruit Snacks","Popcorn","Market Basket ","Market Basket Popcorn Movie Theater Butter ","049705113875","Market Basket Popcorn Movie Theater Butter ","2.49","0.0","Market Basket","19.8 oz","19.8 oz","X4963.jpg","","19"
"14155","Breakfast & Dairy","Dairy & Eggs","Yogurt","Lifeway","Lifeway Peach Cultured Lowfat Milk","","Lifeway Peach Cultured Lowfat Milk","3.69","0.0","Market Basket","32 fl oz","32 fl oz","14705.jpg","","1"
"30917","Breakfast & Dairy","Dairy & Eggs","Yogurt","Chobani","Chobani Complete Advance Nutrition Yogurt Peach","","Chobani Complete Advance Nutrition Yogurt Peach","1.49","0.0","Market Basket","5.3 oz","5.3 oz","X124.jpg","","1"
"6606","Beverages & Juices","Juices & Refrigerated Drinks","Refrigerated Drinks","Market Basket","Market Basket 100% Pure Juice PREMIUM 100% PURE Original PASTEURIZED ORANGE  JUICE NOT FROM CONCENTRATE","","Market Basket 100% Pure Juice PREMIUM 100% PURE Original PASTEURIZED ORANGE  JUICE NOT FROM CONCENTRATE","3.13","0.0","Market Basket","59 fl oz","59 fl oz","X587.jpg","","1"
"30201","Breakfast & Dairy","Breads & Rolls","Bread","Arnold","Arnold Country Style White Bread","073410003053","Arnold Country Style White Bread","5.36","0.0","Market Basket","24 oz","24 oz","X2547.jpg","","18"
"35268","Richardson's Farm Ice Cream","Ice Cream","Coconut","Richarson's Farm","Richarson's Farm Coconut Chip with Almond Joyï¿½ Ice Cream 16% Butterfat","","Coconut ice cream with Almond Joyï¿½ bars, chocolate chips, and almonds","32.99","0.0","Richardson's Farm","3 Gal. Tub","3 Gal. Tub","RichardsonsFarm.jpg","",""
"4572","Meat & Seafood","Lunch Meat","Salami","Columbus","Columbus Italian Dry Salami","","Columbus Italian Dry Salami","4.39","0.0","Market Basket","5 oz","5 oz","5419.jpg","","22"
"562","Laundry & Paper Goods","Laundry","Laundry Detergent","Woolite","woolite Delicates 8 washes Laundry Detergent","","woolite Delicates 8 washes Laundry Detergent","6.24","1.0","Market Basket","16 fl oz","16 fl oz","No Image.jpg","","15"
"32573","Chips, Cookies & Snacks","Candy & Chocolates","Candy & Chocolate","Lily's","Lily's Original Dark Chocolate 55% Cocoa ~Stevia Sweetened ","","Lily's Original Dark Chocolate 55% Cocoa ~Stevia Sweetened ","3.74","0.0","Market Basket","3 oz","3 oz","X474.jpg","","3"
"34080","Breakfast & Dairy","Bars & Pastries","Pastries","Pop Tarts","Poptarts Frosted Brown Sugar Cinnamon","038000222610","Poptarts Frosted Brown Sugar Cinnamon","2.5","0.0","Market Basket","13.5 oz","13.5 oz","X3512.jpg","","5"
"267","Kitchen & Cleaning","Dish Detergents","Dishwasher Detergent","Finish","Finish Powerball Quantum Max Super Charged","","Finish Powerball Quantum Max Super Charged","12.79","1.0","Market Basket","45 count","45 count","4343.jpg","","15"
"14345","Breakfast & Dairy","Tea & Coffee","Coffee","Cafe Bustelo","Cafe Bustelo Espresso Ground Coffee","","Cafe Bustelo Espresso Ground Coffee","3.69","0.0","Market Basket","10 oz","10 oz","16277.jpg","","8"
"601","Laundry & Paper Goods","Paper Goods","Bathroom Tissues / Toilet Paper","Market Basket","Market Basket Premium Bathroom Tissue Ultra Strong","","Market Basket Premium Bathroom Tissue Ultra Strong","17.49","1.0","Market Basket","24 count","24 count","Market Basket.jpg","","14"
"3638","Fresh Produce","Fresh Fruits","Blackberries","Sunbelle","Sunbelle GreenBelle Blackberries","","Sunbelle GreenBelle Blackberries","5.62","0.0","Market Basket","6 oz container","6 oz container","12.jpg","","20"
"3448","Fresh Produce","Fresh Fruits","Gooseberries","Market Basket","Gooseberries","","Gooseberries","4.94","0.0","Market Basket","6 oz","6 oz","f26.jpg","","20"
"33000","Pasta & Sauces","Pasta Sauce","Pasta Sauce","Market Basket","Market Basket Pasta Sauce Homestyle Three Cheese","049705034552","Market Basket Pasta Sauce Homestyle Three Cheese","1.88","0.0","Market Basket","24 oz","24 oz","X1465.jpg","","4"
"31428","Beverages & Juices","Energy & Sports Drinks","Energy & Sports Drinks","Gatorade","Gatorade Zero Sugar Thirst Quencher Orange 8 pack","052000043181","Gatorade Zero Sugar Thirst Quencher Orange 8 pack","7.49","0.0","Market Basket","8 x 20 fl oz","8 x 20 fl oz","X2675.jpg","","10"
"34923","Breakfast & Dairy","Dairy & Eggs","Yogurt","Two Good","Two Good 2G Sugar Vanilla Flavored Greek Yogurt ","","Two Good 2G Sugar Vanilla Flavored Greek Yogurt ","4.99","0.0","Market Basket","5.3 oz","5.3 oz","X876.jpg","","1"
"15193","Personal Care","Personal Needs","Oral Hygiene","Crest","Crest Pro-Health Mouthwash Clean Mint","","Crest Pro-Health Mouthwash Clean Mint","5.39","1.0","Market Basket","250 ml","250 ml","6409.jpg","","13"
"3917","Fresh Produce","Fresh Vegetables","Peas","Market Basket","Sugar Snap Peas","","Sugar Snap Peas","4.7","0.0","Market Basket","24 oz","24 oz","14313.jpg","","20"
"15101","Personal Care","Personal Needs","Facial Care","Clearasil","Clearasil Rapid Rescue Deep Treatment Wash","","Clearasil Rapid Rescue Deep Treatment Wash","11.26","1.0","Market Basket","6.78 fl oz","6.78 fl oz","6266.jpg","","13"
"15273","Personal Care","Personal Needs","Skin care","Summer's Eve","Summer's Eve Cleansing Cloths for Sensitive Skin Sheer Floral","","Summer's Eve Cleansing Cloths for Sensitive Skin Sheer Floral","3.09","1.0","Market Basket","16 count","16 count","6511.jpg","","13"
"32641","Cooking Needs","Rice & Grains","Grains, Rice & Dried Goods","Lundberg Family Farms","LundBerg Organic Brown Long Grain Rice Gluten Free Whole Grain","073416197640","LundBerg Organic Brown Long Grain Rice Gluten Free Whole Grain","6.24","0.0","Market Basket","32 oz","32 oz","X1112.jpg","","4"
"32258","Condiments & Dressings","Salad Dressings & Toppings","Salad Dressing & Toppings","Ken's Steak House","Ken's Seak House House Italian Dressing","041335359227","Ken's Seak House House Italian Dressing","3.49","0.0","Market Basket","16 fl oz","16 fl oz","X426.jpg","","2"
"35278","Richardson's Farm Ice Cream","Ice Cream","Vanilla","Richarson's Farm","Richarson's Farm Cherry Vanilla Ice Cream 16% Butterfat","","Vanilla ice cream with maraschino cherries","32.99","0.0","Richardson's Farm","3 Gal. Tub","3 Gal. Tub","RichardsonsFarm.jpg","",""
"31678","Frozen Food","Frozen Dinners & Entrees","Frozen Meal","Healthy Choice","Healthy Choice Chicken Parmigiana","050100459543","Healthy Choice Chicken Parmigiana","3.13","0.0","Market Basket","11.6 oz","11.6 oz","X4092.jpg","","18"
"15232","Personal Care","Personal Needs","Oral Hygiene","Market Basket","Market Basket Smartgrip Contour Toothbrush Soft","","Market Basket Smartgrip Contour Toothbrush Soft","1.83","1.0","Market Basket","1 count","1 count","Market Basket.jpg","","13"
"31738","Beverages & Juices","Energy & Sports Drinks","Energy & Sports Drinks","Hint","Hint Pomegranate","184739000057","Hint Pomegranate","1.56","0.0","Market Basket","16 fl oz","16 fl oz","X2743.jpg","","10"
"10089","Frozen Food","Ice Cream & Ice","Ice Cream & Ice","Hood","Hood Hoodsie Cups Vanilla And Chocolate Ice Cream","","Hood Hoodsie Cups Vanilla And Chocolate Ice Cream","3.69","0.0","Market Basket","3 fl oz","3 fl oz","3091.jpg","","21"
"30199","Breakfast & Dairy","Breads & Rolls","Bread","Arnold","Arnold Oatnut Bread","073410013557","Arnold Oatnut Bread","5.86","0.0","Market Basket","24 oz","24 oz","X2494.jpg","","18"
"8411","Condiments & Dressings","Marinades, Ketchup & Sauces","Marinades & Meat Preparation","Heinz","Heinz HomeStyle Fat Free Classic Chicken Gravy","","Heinz HomeStyle Fat Free Classic Chicken Gravy","2.09","0.0","Market Basket","12 oz","12 oz","1958.jpg","","9"
"5929","Beverages & Juices","Tea, Coffee, Milk & Coconut Water","Single To-Go Coffee","KITU","KITU Super Coffee Mocha","","KITU Super Coffee Mocha","3.13","0.0","Market Basket","12 fl oz","12 fl oz","No Image.jpg","","17"
"13642","Breakfast & Dairy","Dairy & Eggs","Packaged Cheese","Cabot Creamery","Cabot Creamery Extra Light Vermont Sharp Cheddar Cheese","","Cabot Creamery Extra Light Vermont Sharp Cheddar Cheese","2.99","0.0","Market Basket","8 oz","8 oz","146.jpg","","1"
"34699","Frozen Food","Frozen Dinners & Entrees","Frozen Appetizers & Sides","Stuffed Foods","Stuffed Foods Mac and Cheese Bites","819985020503","Stuffed Foods Mac and Cheese Bites","4.99","0.0","Market Basket","9.75 oz","9.75 oz","X4809.jpg","","19"
"6347","Beverages & Juices","Ginger Ale & Ginger Beer","Ginger Ale","Polar","Polar Zero Sugar Ginger Ale Soda","","Polar Zero Sugar Ginger Ale Soda","1.74","0.0","Market Basket","2 L","2 L","No Image.jpg","","11"
"34521","Frozen Food","Frozen Dinners & Entrees","Frozen Meal","Smart Ones","Smart Ones Creamy Rigatoni with Broccoli & Chicekn ","025800022427","Smart Ones Creamy Rigatoni with Broccoli & Chicekn ","2.5","0.0","Market Basket","9 oz","9 oz","X4204.jpg","","18"
"405","Laundry & Paper Goods","Paper Goods","Bathroom Tissues / Toilet Paper","Earth First","Earth First Recycled Paper Bath Tissue","","Earth First Recycled Paper Bath Tissue","2.99","1.0","Market Basket","4 count","4 count","No Image.jpg","","14"
"34745","Beverages & Juices","Juices & Refrigerated Drinks","Juice & Nectars","Sunsweet","Sunsweet Amazon Prune Juice","802763168641","Sunsweet Amazon Prune Juice","6.24","0.0","Market Basket","64 fl oz","64 fl oz","X2916.jpg","","10"
"33644","Condiments & Dressings","Preserved Dips & Spreads","Spreads","Nut Butter Rx","Nut Butter Rx 9G Protein Honey Cinnamon Peanut Butter Nut & Protein Spread ","","Nut Butter Rx 9G Protein Honey Cinnamon Peanut Butter Nut & Protein Spread ","1.56","0.0","Market Basket","1.13 oz","1.13 oz","X680.jpg","","3"
"35065","Condiments & Dressings","Marinades, Ketchup & Sauces","Ketchup","Walden Farms ","Walden Farms Ketchup Calorie Free ","072457880115","Walden Farms Ketchup Calorie Free ","3.13","0.0","Market Basket","5 fl oz","5 fl oz","X2117.jpg","","2"
"32871","Breakfast & Dairy","Breads & Rolls","English Muffins","Market Basket","Market Basket 6 Multigrain English Muffins","049705544938","Market Basket 6 Multigrain English Muffins","1.74","0.0","Market Basket","12 oz","12 oz","X2400.jpg","","18"
"33086","Breakfast & Dairy","Cereal","Cereal","Market Basket ","Market Basket Toasted Oats Cereal ","049705100820","Market Basket Toasted Oats Cereal ","2.5","0.0","Market Basket","14 oz","14 oz","X3397.jpg","","5"
"6183","Beverages & Juices","Ginger Ale & Ginger Beer","Ginger Ale","Schweppes","Schweppes Diet Ginger Ale","","Schweppes Diet Ginger Ale","2.5","0.0","Market Basket","2 L","2 L","16594.jpg","","17"
"33073","Breakfast & Dairy","Cereal","Cereal","Market Basket ","Market Basket Oak Squares","049705005668","Market Basket Oak Squares","3.13","0.0","Market Basket","14.5 oz","14.5 oz","X3384.jpg","","5"
"9936","Frozen Food","Ice Cream & Ice","Ice Cream & Ice","Ben & Jerry's","Ben & Jerry's Ice Cream Americone Dream","","Ben & Jerry's Ice Cream Americone Dream","4.86","0.0","Market Basket","3.6 fl oz","3.6 fl oz","17985.jpg","","21"
"492","Laundry & Paper Goods","Laundry","Laundry Detergent","Tide","Tide Simply + OXI Refreshing Breeze 74 Loads Laundry Detergent","","Tide Simply + OXI Refreshing Breeze 74 Loads Laundry Detergent","11.86","1.0","Market Basket","115 fl oz","115 fl oz","No Image.jpg","","15"
"14371","Breakfast & Dairy","Tea & Coffee","Coffee","Folgers ","Folgers Coffee, Breakfast Blend, Mild, Ground, Roast Master Series, Tub","","Folgers Coffee, Breakfast Blend, Mild, Ground, Roast Master Series, Tub","6.09","0.0","Market Basket","10.8 oz","10.8 oz","3339.jpg","","8"
"8365","Condiments & Dressings","Honey, Syrup & Nectars","Syrup","Hershey's","Hershey's Chocolate Lite Syrup","","Hershey's Chocolate Lite Syrup","2.79","0.0","Market Basket","18.5 fl oz","18.5 fl oz","1597.jpg","","3"
"34977","Beverages & Juices","Juices & Refrigerated Drinks","Juice & Nectars","V8","V8 Strawberry Banana 100% Juice","051000153395","V8 Strawberry Banana 100% Juice","3.74","0.0","Market Basket","14 fl oz","14 fl oz","X3133.jpg","","10"
"31108","Breakfast & Dairy","Dairy & Eggs","Yogurt","Dannon","Dannon Light+Fit Greek Strawberry Banana Naturally & Artifically Flavored ","","Dannon Light+Fit Greek Strawberry Banana Naturally & Artifically Flavored ","3.75","0.0","Market Basket","5.3 oz","5.3 oz","X210.jpg","","1"
"33182","Frozen Food","Frozen Fruit & Juice","Frozen Juice","Market Basket ","Market Basket Fruit Punch","049705720424","Market Basket Fruit Punch","1.25","0.0","Market Basket","12 oz","12 oz","X5100.jpg","","19"
"4922","Chips, Cookies & Snacks","Chips & Fruit Snacks","Ready Popcorn","Smartfood","Smartfood White Cheddar Cheese Popcorn","","Smartfood White Cheddar Cheese Popcorn","6.23","0.0","Market Basket","6.75 oz","6.75 oz","14844.jpg","","0"
"7925","Cooking Needs","Canned Food","Soup, Broth & Bouillon","Campbell's","Campbell's Chunky Creamy Chicken & Dumplings Soup Microwavable Bowl","","Campbell's Chunky Creamy Chicken & Dumplings Soup Microwavable Bowl","3.09","0.0","Market Basket","15.25 oz","15.25 oz","5347.jpg","","9"
"8772","Condiments & Dressings","Preserved Dips & Spreads","Preserved Dips & Salsa","On The Border","On The Border Salsa Mild","","On The Border Salsa Mild","3.69","0.0","Market Basket","16 oz","16 oz","15599.jpg","","0"
"8349","Condiments & Dressings","Honey, Syrup & Nectars","Syrup","Aunt Jemima","Aunt Jemima Original Lite Syrup","","Aunt Jemima Original Lite Syrup","3.09","0.0","Market Basket","24 fl oz","24 fl oz","1599.jpg","","3"
"14785","Personal Care","Body Wash, Soap & Hair Care","Hair Care","Scunci","Scunci U Got This Hair Bands","","Scunci U Got This Hair Bands","3.21","1.0","Market Basket","28 count","28 count","6615.jpg","","13"
"31865","Cooking Needs","Canned Food","Canned Tomatoes","Hunts","Hunts Petite Diced Tomatoes","027000378373","Hunts Petite Diced Tomatoes","1.88","0.0","Market Basket","28 oz","28 oz","X1372.jpg","","4"
"34399","Chips, Cookies & Snacks","Candy & Chocolates","Candy & Chocolate","Rips","Rips Rindow Nnovation In Licorice Bite-Size Licorice Pieces Pedacitos De Regaliz Eat Some","","Rips Rindow Nnovation In Licorice Bite-Size Licorice Pieces Pedacitos De Regaliz Eat Some","1.21","0.0","Market Basket","4 oz","4 oz","X747.jpg","","3"
"30571","Cooking Needs","Rice & Grains","Grains, Rice & Dried Goods","Bob's Red Mill","Bob's Red Mill Organic Whole Grain Quinoa ","039978063236","Bob's Red Mill Organic Whole Grain Quinoa ","12.49","0.0","Market Basket","26 oz","26 oz","X5279.jpg","","3"
"15327","Personal Care","Vitamins & Proteins","Vitamins & Supplements","Nature Made","Nature Made Calcium (Carbonate) 500 mg w/D Tablets Value Size","","Nature Made Calcium (Carbonate) 500 mg w/D Tablets Value Size","18.27","1.0","Market Basket","300 count","300 count","18182.jpg","","13"
"31052","Condiments & Dressings","Preserved Dips & Spreads","Spreads","Crofter's","Crofter's Concord Grape Organic","","Crofter's Concord Grape Organic","6.24","0.0","Market Basket","16.5 oz","16.5 oz","X167.jpg","","3"
"5904","Beverages & Juices","Tea, Coffee, Milk & Coconut Water","Single To-Go Coffee","StarBucks","Starbucks Frappuccino Caramel","","Starbucks Frappuccino Caramel","3.36","0.0","Market Basket","13.7 fl oz","13.7 fl oz","No Image.jpg","","17"
"4633","Meat & Seafood","Canned Meat & Seafood","Canned Crabmeat","Bumble Bee","Bumble Bee Fancy Lump Crabmeat","","Bumble Bee Fancy Lump Crabmeat","4.89","0.0","Market Basket","6 oz","6 oz","5191.jpg","","2"
"7894","Cooking Needs","Canned Food","Canned Meat & Seafood","StarKist","Solid White Albacore Tuna In Water","","Solid White Albacore Tuna In Water","4.89","0.0","Market Basket","12 oz","12 oz","5202.jpg","","2"
"9667","Frozen Food","Frozen Dessert","Frozen Dessert","Willow Tree","Willow Tree Poultry Farm Chicken Pie Premium White Meat Original Style","","Willow Tree Poultry Farm Chicken Pie Premium White Meat Original Style","2.69","0.0","Market Basket","8 oz","8 oz","15896.jpg","","18"
"4032","Fresh Produce","Fresh Vegetables","Tomato","Market Basket","Roma Tomato","","Roma Tomato","0.39","0.0","Market Basket","1 count","1 count","14377.jpg","","20"
"32089","Breakfast & Dairy","Bars & Pastries","Breakfast Bars","Kellogg's ","Kellogg's Special K Pastry Crisps Cookies & Creme","038000167751","Kellogg's Special K Pastry Crisps Cookies & Creme","3.13","0.0","Market Basket","6 x 0.88 oz","6 x 0.88 oz","X3944.jpg","","5"
"4863","Chips, Cookies & Snacks","Chips & Fruit Snacks","Chips & Pretzels","Lay's","Lay's Classic Potato Chips","","Lay's Classic Potato Chips","3.91","0.0","Market Basket","8 oz","8 oz","879.jpg","","0"
"3706","Fresh Produce","Fresh Fruits","Pineapple","Dole","Dole Tropical Gold Pineapple","","Dole Tropical Gold Pineapple","4.24","0.0","Market Basket","1 count","1 count","15.jpg","","20"
"30141","Pasta & Sauces","Instant Pasta","Instant Pasta","Annie's ","Annies Homegrown Organic Macaroni Cheese Classic Cheddar","013562300396","Annies Homegrown Organic Macaroni Cheese Classic Cheddar","3.11","0.0","Market Basket","6 oz","6 oz","X1230.jpg","","4"
"3529","Fresh Produce","Fresh Vegetables","Asparagus","Market Basket","White Asparagus","","White Asparagus","6.99","0.0","Market Basket","1 count","1 count","FP146.jpg","","20"
"571","Laundry & Paper Goods","Laundry","Laundry Detergent","Downy","Ultra Downy free & gentle 60 loads Laundry Detergent","","Ultra Downy free & gentle 60 loads Laundry Detergent","6.86","1.0","Market Basket","1.53 L","1.53 L","No Image.jpg","","15"
"9832","Frozen Food","Frozen Produce","Frozen Produce","Market Basket","Market Basket Baby Lima Beans","","Market Basket Baby Lima Beans","1.89","0.0","Market Basket","16 oz","16 oz","2415.jpg","","19"
"31237","Condiments & Dressings","Marinades, Ketchup & Sauces","Mustard Sauce","Emeril's","Emeril's Kicked Up Horser a Dish Mustard ","074683097022","Emeril's Kicked Up Horser a Dish Mustard ","3.13","0.0","Market Basket","9.5 oz","9.5 oz","X2189.jpg","","2"
"32419","Pasta & Sauces","Instant Pasta","Instant Pasta","Kraft","Kraft Macaroni & Cheese Spirals Original Cheese flavor Big Bowl","021000077144","Kraft Macaroni & Cheese Spirals Original Cheese flavor Big Bowl","2.86","0.0","Market Basket","3.5 oz","3.5 oz","X1205.jpg","","4"
"8977","Condiments & Dressings","Preserved Dips & Spreads","Spreads","Goya","Goya Jam, Premium, Mango","","Goya Jam, Premium, Mango","3.29","0.0","Market Basket","17 oz","17 oz","15422.jpg","","7"
"34627","Breakfast & Dairy","Dairy & Eggs","Yogurt","Stonyfield","Stonyfield Organic Vanilla 0% Fat Yogurt","","Stonyfield Organic Vanilla 0% Fat Yogurt","4.99","0.0","Market Basket","32 oz","32 oz","X800.jpg","","1"
"5166","Chips, Cookies & Snacks","Cookies & Crackers","Crackers","Cheez-It","Cheez It Baked Snack Cheese Crackers Reduced Fat Original","","Cheez It Baked Snack Cheese Crackers Reduced Fat Original","3.91","0.0","Market Basket","11.5 oz","11.5 oz","1186.jpg","","6"
"4811","Chips, Cookies & Snacks","Chips & Fruit Snacks","Chips & Pretzels","Bachman","Bachman Pretzel Stix","","Bachman Pretzel Stix","3.91","0.0","Market Basket","6 x 1 oz","6 x 1 oz","14828.jpg","","0"
"30883","Pasta & Sauces","Instant Pasta","Instant Pasta","Chef Boyardee","Chef Boyardee Spaghetti & Meatballs- Pasta & meatballs made with Pork, chicken & beef in Tomato sauce","064144047178","Chef Boyardee Spaghetti & Meatballs- Pasta & meatballs made with Pork, chicken & beef in Tomato sauce","1.25","0.0","Market Basket","7.5 oz","7.5 oz","X1251.jpg","","4"
"6011","Beverages & Juices","Energy & Sports Drinks","Energy & Sports Drinks","Mountain Dew","Mountain Dew Kickstart Energizing Limeade Flavored Sparkling Juice Beverage","","Mountain Dew Kickstart Energizing Limeade Flavored Sparkling Juice Beverage","2.49","0.0","Market Basket","16 fl oz","16 fl oz","3783.jpg","","17"
"6685","Beverages & Juices","Juices & Refrigerated Drinks","Refrigerated Drinks","Turkey Hill","Turkey Hill with Ginseng & Honey Green Tea","","Turkey Hill with Ginseng & Honey Green Tea","1.89","0.0","Market Basket","0.5 gal","0.5 gal","3872.jpg","","1"
"8926","Condiments & Dressings","Salad Dressings & Toppings","Salad Dressing & Toppings","McCormick","McCormick Imitation Bacon Bits","","McCormick Imitation Bacon Bits","2.09","0.0","Market Basket","4.4 oz","4.4 oz","15474.jpg","","2"
"33141","Condiments & Dressings","Pickled Goods & Olives","Pickles","Market Basket ","Market Basket Sweet Garden Mix Pickles ","049705018583","Market Basket Sweet Garden Mix Pickles ","2.5","0.0","Market Basket","16 fl oz","16 fl oz","X3280.jpg","","2"
"33891","Condiments & Dressings","Pickled Goods & Olives","Pickled Goods & Olives","Pastene","Pastene Imported Since 1874 LUPINI Beans ","066086100263","Pastene Imported Since 1874 LUPINI Beans ","3.11","0.0","Market Basket","8 oz","8 oz","X2336.jpg","","2"
"32319","Breakfast & Dairy","Granola & Oats","Granola","Kind ","Kind Almond Butter Clusters Granola","602652259432","Kind Almond Butter Clusters Granola","6.24","0.0","Market Basket","11 oz","11 oz","X3766.jpg","","5"
"4132","Meat & Seafood","Meat & Seafood Counter","Chicken Tenderloins","Market Basket","Mb Boneless Tenders","","Mb Boneless Tenders","4.49","0.0","Market Basket","1 lb","1 lb","Market Basket.jpg","","22"
"34863","Frozen Food","Frozen Breakfast","Frozen Burrito","Tina's","Tina's Beef and Bean Burrito","079606010256","Tina's Beef and Bean Burrito","0.5","0.0","Market Basket","4 oz","4 oz","X4824.jpg","","19"
"254","Kitchen & Cleaning","Dish Detergents","Dish Liquid & Hand Soap","Ajax","Ajax Triple Action Dish Liquid & Hand Soap, Orange Scent","","Ajax Triple Action Dish Liquid & Hand Soap, Orange Scent","1.29","1.0","Market Basket","14 fl oz","14 fl oz","4369.jpg","","15"
"9079","Condiments & Dressings","Preserved Dips & Spreads","Spreads","Trappist","Trappist Preserve Rhubarb Strawberry","","Trappist Preserve Rhubarb Strawberry","3.69","0.0","Market Basket","12 oz","12 oz","1660.jpg","","3"
"12986","Breakfast & Dairy","Breads & Rolls","Tortillas & Flat Bread","Stonefire","Stonefire Authentic Flatbreads Original Tandoor Baked Naan","","Stonefire Authentic Flatbreads Original Tandoor Baked Naan","3.29","0.0","Market Basket","2 x 8.8 oz","2 x 8.8 oz","17027.jpg","","7"
"30097","Pasta & Sauces","Gluten Free Pasta","Raw Pasta","Ancient Harvest","Ancient Harvest Protien Organic Pasta Penne Gluten Free","089125210303","Ancient Harvest Protien Organic Pasta Penne Gluten Free","3.74","0.0","Market Basket","9.6 oz","9.6 oz","X1573.jpg","","4"
"6259","Beverages & Juices","Water","Water","Essentia","Essentia Water Purified Water","","Essentia Water Purified Water","24.99","0.0","Market Basket","24 x 20 fl oz","24 x 20 fl oz","No Image.jpg","","11"
"34264","Breakfast & Dairy","Granola & Oats","Oats","Quaker ","Quaker Steel Cut Brown Sugar Cinnamon  Instant Oatmeal","030000321881","Quaker Steel Cut Brown Sugar Cinnamon  Instant Oatmeal","3.75","0.0","Market Basket","8 x 1.69 oz","8 x 1.69 oz","X3579.jpg","","5"
"32753","Frozen Food","Frozen Dinners & Entrees","Frozen Meal","Marie Callender's","Marie Callender's Sweet Pineapple Chicken Teriyaki Bowl","021131905538","Marie Callender's Sweet Pineapple Chicken Teriyaki Bowl","3.13","0.0","Market Basket","12.3 oz","12.3 oz","X4060.jpg","","18"
"8089","Cooking Needs","Canned Food","Soup, Broth & Bouillon","Pacific","Pacific Organic Creamy Tomato Soup","","Pacific Organic Creamy Tomato Soup","4.89","0.0","Market Basket","32 fl oz","32 fl oz","5353.jpg","","9"
"8776","Condiments & Dressings","Preserved Dips & Spreads","Preserved Dips & Salsa","Tostitos","Tostitos Chunky Salsa Medium","","Tostitos Chunky Salsa Medium","4.29","0.0","Market Basket","24 oz","24 oz","1999.jpg","","0"
"31280","Condiments & Dressings","Salad Dressings & Toppings","Salad Dressing & Toppings","Fanny  ","Fanny Balamic Italian Dressing Zesty Sandwich Topper Superb Marinade only 1 g Carbs Per Serving ","077441000050","Fanny Balamic Italian Dressing Zesty Sandwich Topper Superb Marinade only 1 g Carbs Per Serving ","3.74","0.0","Market Basket","16 fl oz","16 fl oz","X260.jpg","","2"
"15277","Personal Care","Vitamins & Proteins","Protien Drinks","Atkins","Atkins Protein-Rich Shake Strawberry","","Atkins Protein-Rich Shake Strawberry","9.19","1.0","Market Basket","4 x 11 fl oz","4 x 11 fl oz","6729.jpg","","13"
"31126","Breakfast & Dairy","Breads & Rolls","Bread","Dave's Killer Bread","Dave's Killer Bread Organic Bread 100% Whole Wheat","013764027176","Dave's Killer Bread Organic Bread 100% Whole Wheat","9.99","0.0","Market Basket","25 oz","25 oz","X2436.jpg","","18"
"13268","Breakfast & Dairy","Dairy & Eggs","Butter","Benecol","Benecol Vegetable Oil Spread, 39%, Light","","Benecol Vegetable Oil Spread, 39%, Light","3.29","0.0","Market Basket","8 oz","8 oz","14778.jpg","","1"
"31859","Cooking Needs","Canned Food","Canned Tomatoes","Hunts","Hunts Diced Tomatoes","027000380406","Hunts Diced Tomatoes","1.25","0.0","Market Basket","14.5 oz","14.5 oz","X1359.jpg","","4"
"35279","Richardson's Farm Ice Cream","Ice Cream","Banana","Richarson's Farm","Richarson's Farm Banana Ice Cream 16% Butterfat","","Made with real bananas","32.99","0.0","Richardson's Farm","3 Gal. Tub","3 Gal. Tub","RichardsonsFarm.jpg","",""
"6420","Chips, Cookies & Snacks","Chips & Fruit Snacks","Rice Cake","Quaker","Quaker Rice Cakes Buttered Popcorn","","Quaker Rice Cakes Buttered Popcorn","1.88","0.0","Market Basket","3.03 oz","3.03 oz","1202.jpg","","6"
"33608","Condiments & Dressings","Salad Dressings & Toppings","Salad Dressing & Toppings","Newmen's Own","Newmen's Own Raspberry Walnut Dressing","020662002785","Newmen's Own Raspberry Walnut Dressing","4.11","0.0","Market Basket","16 fl oz","16 fl oz","X657.jpg","","2"
"13324","Breakfast & Dairy","Dairy & Eggs","Cream","Coffee Dream","Coffee Dream Hazelnut Creamer","","Coffee Dream Hazelnut Creamer","3.09","0.0","Market Basket","32 fl oz","32 fl oz","Market Basket.jpg","","1"
"13530","Breakfast & Dairy","Dairy & Eggs","Milk","Shaw's","Shaw's Low Fat Milk","","Shaw's Low Fat Milk","3.69","0.0","Market Basket","1 gal","1 gal","Market Basket.jpg","","1"
"14382","Breakfast & Dairy","Tea & Coffee","Coffee","Gevalia","Gevalia French Roast Ground Arabica Coffee","","Gevalia French Roast Ground Arabica Coffee","7.39","0.0","Market Basket","12 oz","12 oz","16295.jpg","","8"
"34221","Breakfast & Dairy","Bars & Pastries","Chewy Bars","Quaker","Quaker Chewy Variety Pack","030000311882","Quaker Chewy Variety Pack","3.13","0.0","Market Basket","8 x 0.84 oz","8 x 0.84 oz","X3869.jpg","","5"
"3434","Fresh Produce","Fresh Fruits","Apple","Market Basket","Fuji Apples","","Fuji Apples","2.19","0.0","Market Basket","1 lb","1 lb","f7.jpg","","20"
"5324","Chips, Cookies & Snacks","Cookies & Crackers","Crackers","Nabisco","Nabisco Teddy Grahams Honey Graham Snacks","","Nabisco Teddy Grahams Honey Graham Snacks","4.69","0.0","Market Basket","10 oz","10 oz","No Image.jpg","","6"
"7166","Cooking Needs","Oils & Vinegars","Oils & Vinegars","Pure Wesson","Pure Wesson Vegetable Oil","","Pure Wesson Vegetable Oil","10.99","0.0","Market Basket","128 fl oz","128 fl oz","1823.jpg","","2"
"5878","Beverages & Juices","Cocoa & Drink Mixes","Cocoa & Drink Mixes","4C","4C Lemonade","","4C Lemonade","6.24","0.0","Market Basket","58 oz","58 oz","No Image.jpg","","17"
"12673","Breakfast & Dairy","Breads & Rolls","Bread","Chabaso ","Chabaso Cranberry Pecan Bread","","Chabaso Cranberry Pecan Bread","6.49","0.0","Market Basket","1 count","1 count","No Image.jpg","","18"
"3817","Fresh Produce","Fresh Organic Vegetables","Cucumber","Market Basket","Concombre Anglais Biologique/Organic English Cucumbers","","Concombre Anglais Biologique/Organic English Cucumbers","2.17","0.0","Market Basket","1 count","1 count","14383.jpg","","20"
"14469","Breakfast & Dairy","Tea & Coffee","Coffee","Peet's Coffee","Peet's Coffee Sumatra Dark Roast","","Peet's Coffee Sumatra Dark Roast","10.99","0.0","Market Basket","12 oz","12 oz","3333.jpg","","8"
"30664","Breakfast & Dairy","Dairy & Eggs","Yogurt","Brekki ","Brekki Overnight Oats With Ancient Grains Acai Berries","","Brekki Overnight Oats With Ancient Grains Acai Berries","2.49","0.0","Market Basket","5.3 oz","5.3 oz","X64.jpg","","1"
"10045","Frozen Food","Ice Cream & Ice","Ice Cream & Ice","Friendly's","Friendly's Premium Ice Cream Rich & Creamy Butter Crunch","","Friendly's Premium Ice Cream Rich & Creamy Butter Crunch","3.69","0.0","Market Basket","1.5 quart","1.5 quart","3041.jpg","","21"
"15102","Personal Care","Personal Needs","Facial Care","Clearasil","Clearasil Stubborn Acne Control 5 IN 1 Spot Treatment Cream","","Clearasil Stubborn Acne Control 5 IN 1 Spot Treatment Cream","8.04","1.0","Market Basket","1 oz","1 oz","6265.jpg","","13"
"34359","Cooking Needs","Oils & Vinegars","Oils & Vinegars","Reese","Reese Tarragon Sprig Wine Viegar ","","Reese Tarragon Sprig Wine Viegar ","3.74","0.0","Market Basket","12.7 oz","12.7 oz","X1767.jpg","","2"
"35068","Meat & Seafood","Packaged Meat & Seafood","Ham","Waterhill","Waterhill Naturals Uncured Maple Smoked Ham  ","","Waterhill Naturals Uncured Maple Smoked Ham  ","4.99","0.0","Market Basket","6 oz","6 oz","X4485.jpg","","1"
"7839","Cooking Needs","Canned Food","Canned Meat & Seafood","Chicken of the Sea","Chicken of the Sea Whole Baby Clams","","Chicken of the Sea Whole Baby Clams","2.19","0.0","Market Basket","10 oz","10 oz","5219.jpg","","2"
"13513","Breakfast & Dairy","Dairy & Eggs","Milk","McArthur","McArthur Dairy Pure 1% Lowfat Milk","","McArthur Dairy Pure 1% Lowfat Milk","2.79","0.0","Market Basket","32 fl oz","32 fl oz","521.jpg","","1"
"6149","Beverages & Juices","Soft Drinks & Seltzers","Soft Drinks","Mountain Dew","Mountain Dew Box of Cans","","Mountain Dew Box of Cans","5.63","0.0","Market Basket","12 x 12 fl oz","12 x 12 fl oz","No Image.jpg","","17"
"32019","Beverages & Juices","Energy & Sports Drinks","Energy & Sports Drinks","Karma","Karma Wellness Water Pineapple Coconut","854651003169","Karma Wellness Water Pineapple Coconut","2.49","0.0","Market Basket","18 fl oz","18 fl oz","X2724.jpg","","10"
"7010","Cooking Needs","Baking & Cooking","Doughs, Gelatins & Bake Mixes","Pillsbury","Pillsbury Cinnamon Rolls","","Pillsbury Cinnamon Rolls","4.89","0.0","Market Basket","2 x 12.4 oz","2 x 12.4 oz","2024.jpg","","1"
"34650","Frozen Food","Frozen Dinners & Entrees","Frozen Meal","Stouffer's ","Stouffer's Macaroni & Beef","013800447845","Stouffer's Macaroni & Beef","3.36","0.0","Market Basket","12 7/8 oz","12 7/8 oz","X4264.jpg","","18"
"30544","Cooking Needs","Baking & Cooking","Baking Mix","Bob's Red Mill","Bob's Red Mill Chocolate Cake Mix ","039978114686","Bob's Red Mill Chocolate Cake Mix ","4.99","0.0","Market Basket","16 oz","16 oz","X5252.jpg","","3"
"32207","Breakfast & Dairy","Cereal","Cereal","Kellogg's ","Kellogg's Cocoa Krispies","038000198595","Kellogg's Cocoa Krispies","3.13","0.0","Market Basket","15.5 oz","15.5 oz","X3379.jpg","","5"
"15026","Personal Care","Personal Needs","Deodorants","Dove","Dove Antiperspirant Deodorant For Women Powder","","Dove Antiperspirant Deodorant For Women Powder","4.24","1.0","Market Basket","2.6 oz","2.6 oz","6297.jpg","","13"
"31538","Beverages & Juices","Tea, Coffee, Milk & Coconut Water","Tea","Gold Peak Tea","Gold Peak Tea Sweet with real Sugar","049000064063","Gold Peak Tea Sweet with real Sugar","2.5","0.0","Market Basket","64 fl oz","64 fl oz","X3045.jpg","","10"
"13576","Breakfast & Dairy","Dairy & Eggs","Other Creams & Cheeses","Kraft","Kraft Philadelphia Original Cream Cheese Spread","","Kraft Philadelphia Original Cream Cheese Spread","3.09","0.0","Market Basket","8 oz","8 oz","686.jpg","","1"
"9408","Frozen Food","Frozen Dinners & Entrees","Frozen Meal","Barber Foods","Barber Foods Breaded Raw Stuffed Chicken Breasts Broccoli & Cheese","","Barber Foods Breaded Raw Stuffed Chicken Breasts Broccoli & Cheese","4.89","0.0","Market Basket","2 count","2 count","15880.jpg","","18"
"30081","Frozen Food","Frozen Dinners & Entrees","Frozen Meal","Amy's ","Amy's Indian Palak Paneer","042272000593","Amy's Indian Palak Paneer","5.49","0.0","Market Basket","10 oz","10 oz","X4160.jpg","","18"
"4830","Chips, Cookies & Snacks","Chips & Fruit Snacks","Chips & Pretzels","Cape Cod","Cape Cod Party Size Waffle Cut Sea Salt","","Cape Cod Party Size Waffle Cut Sea Salt","6.23","0.0","Market Basket","14 oz","14 oz","No Image.jpg","","0"
"518","Laundry & Paper Goods","Laundry","Laundry Detergent","Dynamo","Dynamo Laundry Detergent Quick Dissolve Sheets 30 Flicks","","Dynamo Laundry Detergent Quick Dissolve Sheets 30 Flicks","1.24","1.0","Market Basket","20 pack","20 pack","No Image.jpg","","15"
"6474","Chips, Cookies & Snacks","Nuts, Seeds & Dried Fruit","Nuts, Seeds & Dried Fruit","Superior Nut Company","Superior Nut Company Natural Almonds","","Superior Nut Company Natural Almonds","7.49","0.0","Market Basket","15 oz","15 oz","No Image.jpg","","6"
"12994","Breakfast & Dairy","Cereal","Cereal","Bran Flakes","Bran Flakes Whole Grain Wheat Cereal","","Bran Flakes Whole Grain Wheat Cereal","3.69","0.0","Market Basket","16 oz","16 oz","17543.jpg","","5"
"6896","Cooking Needs","Baking & Cooking","Baking Ingredients","Nielsen Massey","Nielsen Massey Pure Vanilla Extract","","Nielsen Massey Pure Vanilla Extract","18.29","0.0","Market Basket","8 oz","8 oz","No Image.jpg","","8"
"4461","Meat & Seafood","Hot Dogs, Bacon & Sausage","Sausage","DiLuigi","DiLuigi Sweet Italian Chicken Sausage","","DiLuigi Sweet Italian Chicken Sausage","4.89","0.0","Market Basket","1 lb","1 lb","No Image.jpg","","1"
"30191","Beverages & Juices","Tea, Coffee, Milk & Coconut Water","Tea","AriZona","AriZona Diet Half & Half Iced Tea Lemonade","613008730499","AriZona Diet Half & Half Iced Tea Lemonade","4.99","0.0","Market Basket","12 x 11.5 fl oz","12 x 11.5 fl oz","X3063.jpg","","10"
"335","Kitchen & Cleaning","Food Storage & Kitchen Supplies","Storage Bags","Market Basket","Market Basket Super Size Sandwich Bags","","Market Basket Super Size Sandwich Bags","1.69","1.0","Market Basket","30 bag(s)","30 bag(s)","Market Basket.jpg","","12"
"31973","Richardson's Farm Ice Cream","Cups, Cones & Bowls","Cups","Joy ","Joy Jumbo Cups ","072092424125","Joy Jumbo Cups ","2.5","0.0","Market Basket","2.75 oz","2.75 oz","X5117.jpg","","20"
"10025","Frozen Food","Ice Cream & Ice","Ice Cream & Ice","Elan","Elan Chocolate Chip Low Fat Frozen Yogurt","","Elan Chocolate Chip Low Fat Frozen Yogurt","3.69","0.0","Market Basket","1 quart","1 quart","16158.jpg","","21"
"31117","Chips, Cookies & Snacks","Candy & Chocolates","Candy & Chocolate","Darrell Sea","Darrell Sea Soft Australian Liquorice Orginal Flavor ","","Darrell Sea Soft Australian Liquorice Orginal Flavor ","3.13","0.0","Market Basket","7 oz","7 oz","X219.jpg","","3"
"3495","Fresh Produce","Fresh Organic Vegetables","Broccoli","Market Basket","Organic Broccoli Crowns","","Organic Broccoli Crowns","6.79","0.0","Market Basket","1.25 lb","1.25 lb","No Image.jpg","","20"
"14789","Personal Care","Body Wash, Soap & Hair Care","Hair Care","Suave","Suave 2 In 1 Shampoo And Conditioner Ocean Charge","","Suave 2 In 1 Shampoo And Conditioner Ocean Charge","5.99","1.0","Market Basket","28 oz","28 oz","6559.jpg","","13"
"31294","Frozen Food","Frozen Dinners & Entrees","Frozen Appetizers & Sides","Fast Bites","Fast Bites Cheeseburger","071421012712","Fast Bites Cheeseburger","1.25","0.0","Market Basket","4.6 oz","4.6 oz","X3991.jpg","","18"
"34547","Frozen Food","Frozen Breakfast","Frozen Breakfast","Smucker's","Smucker's Uncrestables Chocolate Flavored Hazelnut Spread Sandwich","051500211793","Smucker's Uncrestables Chocolate Flavored Hazelnut Spread Sandwich","3.36","0.0","Market Basket","7.20 oz","7.20 oz","X4975.jpg","","19"
"197","Kitchen & Cleaning","Cleaning Products","Scrub Bob","Libman","Libman Poly Mesh Scrub Bob","","Libman Poly Mesh Scrub Bob","2.49","1.0","Market Basket","2 count","2 count","No Image.jpg","","15"
"32926","Breakfast & Dairy","Dairy & Eggs","Yogurt","Market Basket","Market Basket Whole Milk Greek Yogurt Plain","","Market Basket Whole Milk Greek Yogurt Plain","3.11","0.0","Market Basket","2 lb","2 lb","X564.jpg","","1"
"6941","Cooking Needs","Baking & Cooking","Doughs, Gelatins & Bake Mixes","Betty Crocker","Betty Crocker Super Moist Angel Food Cake Mix","","Betty Crocker Super Moist Angel Food Cake Mix","2.99","0.0","Market Basket","16 oz","16 oz","2083.jpg","","8"
"30684","Meat & Seafood","Packaged Meat & Seafood","Pepperoni","Bridgford ","Bridgford Pepperoni Gluten Free","04751631","Bridgford Pepperoni Gluten Free","4.99","0.0","Market Basket","7 oz","7 oz","X1312.jpg","","4"
"32918","Breakfast & Dairy","Dairy & Eggs","Yogurt","Market Basket","Market Basket Greek Nonfat Yogurt Vanilla ","","Market Basket Greek Nonfat Yogurt Vanilla ","3.75","0.0","Market Basket","5.3 oz","5.3 oz","X556.jpg","","1"
"4843","Chips, Cookies & Snacks","Chips & Fruit Snacks","Chips & Pretzels","Food Should Taste Good","Food Should Taste Good Multigrain Tortilla Chips, Gluten Free","","Food Should Taste Good Multigrain Tortilla Chips, Gluten Free","4.69","0.0","Market Basket","5.5 oz","5.5 oz","17948.jpg","","0"
"7838","Cooking Needs","Canned Food","Canned Meat & Seafood","Chicken of the Sea","Chicken of the Sea Premium Crab Meat Special","","Chicken of the Sea Premium Crab Meat Special","17.09","0.0","Market Basket","16 oz","16 oz","5216.jpg","","2"
"9805","Frozen Food","Frozen Produce","Frozen Produce","Birds Eye","Birds Eye Steamfresh Chef's Favorites Lightly Seasoned Garlic Cauliflower Fresh Frozen Vegetables","","Birds Eye Steamfresh Chef's Favorites Lightly Seasoned Garlic Cauliflower Fresh Frozen Vegetables","2.09","0.0","Market Basket","12 oz","12 oz","2472.jpg","","19"
"32649","Breakfast & Dairy","Bars & Pastries","Breakfast Bars","Lilly B's","Lilly B's Variety Pack ( Maple Raisin, Brown Sugar , Apple Cinnamon )","850395006015","Lilly B's Variety Pack ( Maple Raisin, Brown Sugar , Apple Cinnamon )","6.24","0.0","Market Basket","11.28 oz","11.28 oz","X3532.jpg","","5"
"14390","Breakfast & Dairy","Tea & Coffee","Coffee","Green Mountain","Green Mountain Coffee Ground Flavored Coffee Hazelnut","","Green Mountain Coffee Ground Flavored Coffee Hazelnut","8.59","0.0","Market Basket","12 oz","12 oz","3362.jpg","","8"
"14935","Personal Care","First Aid & Healthcare","Digestion","Market Basket","Market Basket Seltzer Plain","","Market Basket Seltzer Plain","4.24","1.0","Market Basket","144 fl oz","144 fl oz","Market Basket.jpg","","13"
"32872","Breakfast & Dairy","Breads & Rolls","English Muffins","Market Basket","Market Basket 6 Wheat English Muffins","049705537046","Market Basket 6 Wheat English Muffins","1.74","0.0","Market Basket","12 oz","12 oz","X2401.jpg","","18"
"33565","Cooking Needs","Rice & Grains","Instant Rice","Near East ","Near East Long Grain & Wild Rice Mix Garlic & Herb flavor with other Natural flavor","072251007152","Near East Long Grain & Wild Rice Mix Garlic & Herb flavor with other Natural flavor","2.5","0.0","Market Basket","5.9 oz","5.9 oz","X1027.jpg","","4"
"63","Kitchen & Cleaning","Air Fresheners & Candles","Other Air Fresheners & Candles","Febreze","Febreze Air Effects Air Refresher, Spring & Renewal","","Febreze Air Effects Air Refresher, Spring & Renewal","3.74","1.0","Market Basket","9.7 fl oz","9.7 fl oz","4238.jpg","","15"
"7288","Cooking Needs","Spices & Seasonings","Spices & Seasonings","McCormick","McCormick GourmetÃ¢âÂ¢ Organic Curry Powder","","McCormick GourmetÃ¢âÂ¢ Organic Curry Powder","4.89","0.0","Market Basket","1.25 oz","1.25 oz","2193.jpg","","9"
"5571","Chips, Cookies & Snacks","Candy & Chocolates","Candy & Chocolate","Rolo","Rolo Unwrapped Mini Chewy Caramels In Milk Chocolate","","Rolo Unwrapped Mini Chewy Caramels In Milk Chocolate","3.69","0.0","Market Basket","9.8 oz","9.8 oz","No Image.jpg","","3"
"8255","Condiments & Dressings","Marinades, Ketchup & Sauces","Condiments","McCormick","McCormick Golden Dipt Seafood Cocktail Sauce","","McCormick Golden Dipt Seafood Cocktail Sauce","2.49","0.0","Market Basket","8 fl oz","8 fl oz","15364.jpg","","2"
"30260","Frozen Food","Frozen Dinners & Entrees","Frozen Meal","Banquet","Banquet Chicken Parmesan","031000007232","Banquet Chicken Parmesan","1.56","0.0","Market Basket","8.5 oz","8.5 oz","X4023.jpg","","18"
"3734","Fresh Produce","Fresh Herbs","Basil","Edible Gardens","Edible Gardens Basil, Bag","","Edible Gardens Basil, Bag","8.5","0.0","Market Basket","1 bag(s)","1 bag(s)","14555.jpg","","20"
"15107","Personal Care","Personal Needs","Facial Care","Noxzema","Noxzema Cleanser Original Deep Cleansing","","Noxzema Cleanser Original Deep Cleansing","6.31","1.0","Market Basket","12 fl oz","12 fl oz","18114.jpg","","13"
"33258","Breakfast & Dairy","Granola & Oats","Oats","McCann's","McCann's Irish Oatmeal Maple & Brown Sugar","072463000248","McCann's Irish Oatmeal Maple & Brown Sugar","4.99","0.0","Market Basket","15.1 oz","15.1 oz","X3574.jpg","","5"
"6642","Beverages & Juices","Juices & Refrigerated Drinks","Refrigerated Drinks","Odwalla","Odwalla Protein Shake Vanilla Protein Monster","","Odwalla Protein Shake Vanilla Protein Monster","2.99","0.0","Market Basket","12 fl oz","12 fl oz","3800.jpg","","20"
"14767","Personal Care","Body Wash, Soap & Hair Care","Hair Care","Murray's","Murray's Hair Dressing Pomade","","Murray's Hair Dressing Pomade","3.78","1.0","Market Basket","3 oz","3 oz","17838.jpg","","13"
"33445","Condiments & Dressings","Honey, Syrup & Nectars","Honey","Nature Nates","Nature Nates Organic Raw & Unfiltered Honey","038778610169","Nature Nates Organic Raw & Unfiltered Honey","8.74","0.0","Market Basket","16 oz","16 oz","X3179.jpg","","2"
"13875","Breakfast & Dairy","Dairy & Eggs","Soy & Lactose-Free","Blue Diamond Almond Breeze Almondmilk","Blue Diamond Almond Breeze Almondmilk Blue Diamond Almonds Almond Breeze Almondmilk Vanilla Unsweetened","","Blue Diamond Almond Breeze Almondmilk Blue Diamond Almonds Almond Breeze Almondmilk Vanilla Unsweetened","3.69","0.0","Market Basket","64 fl oz","64 fl oz","750.jpg","","1"
"7821","Cooking Needs","Canned Food","Canned Meat & Seafood","Bumble Bee","Bumble Bee Premium Albacore Tuna In Water","","Bumble Bee Premium Albacore Tuna In Water","3.69","0.0","Market Basket","5 oz","5 oz","5194.jpg","","2"
"9944","Frozen Food","Ice Cream & Ice","Ice Cream & Ice","Ben & Jerry's","Ben & Jerry's Ice Cream Coffee Toffee Bar Crunch","","Ben & Jerry's Ice Cream Coffee Toffee Bar Crunch","4.59","0.0","Market Basket","1 pint","1 pint","2992.jpg","","21"
"5107","Chips, Cookies & Snacks","Cookies & Crackers","Cookies & Cakes","Pepperidge Farm","Pepperidge Farm Bordeaux Caramelized Crisp Cookies","","Pepperidge Farm Bordeaux Caramelized Crisp Cookies","4.69","0.0","Market Basket","6.75 oz","6.75 oz","15045.jpg","","6"
"7496","Cooking Needs","Canned Food","Canned & Jarred Vegetables","Libby's","Libby's 100% Pure Pumpkin","","Libby's 100% Pure Pumpkin","2.49","0.0","Market Basket","29 oz","29 oz","5089.jpg","","9"
"30814","Chips, Cookies & Snacks","Candy & Chocolates","Candy & Chocolate","Caramel Creams","Caramel Creams Original America Made Snice 1895","","Caramel Creams Original America Made Snice 1895","1.24","0.0","Market Basket","4 oz","4 oz","X93.jpg","","3"
"6854","Cooking Needs","Baking & Cooking","Baking Ingredients","Goya","Goya Manioc Starch, Tapioca","","Goya Manioc Starch, Tapioca","4.59","0.0","Market Basket","24 oz","24 oz","2347.jpg","","8"
"32015","Beverages & Juices","Energy & Sports Drinks","Energy & Sports Drinks","Karma","Karma Probiotic Water Strawberry Lemonade","854651003794","Karma Probiotic Water Strawberry Lemonade","2.49","0.0","Market Basket","18 fl oz","18 fl oz","X2720.jpg","","10"
"7302","Cooking Needs","Spices & Seasonings","Spices & Seasonings","McCormick","McCormick Green Food Color","","McCormick Green Food Color","3.69","0.0","Market Basket","1 fl oz","1 fl oz","2168.jpg","","9"
"4239","Meat & Seafood","Packaged Meat & Seafood","Ham","Plumrose","Plumrose Premium with Natural Juices Ham","","Plumrose Premium with Natural Juices Ham","4.29","0.0","Market Basket","16 oz","16 oz","4095.jpg","","22"
"8143","Cooking Needs","Canned Food","Soup, Broth & Bouillon","Top Ramen","Top Ramen Noodle Soup, The Original, Chicken Flavor","","Top Ramen Noodle Soup, The Original, Chicken Flavor","3.09","0.0","Market Basket","3 oz","3 oz","17230.jpg","","9"
"8126","Cooking Needs","Canned Food","Soup, Broth & Bouillon","Rachael Ray","Rachael Ray Chicken Stock","","Rachael Ray Chicken Stock","2.49","0.0","Market Basket","32 fl oz","32 fl oz","17183.jpg","","2"
"4943","Chips, Cookies & Snacks","Chips & Fruit Snacks","Chips & Pretzels","Snyder's of Hanover","Snyder's of Hanover Pretzels, Braided Prertzel Twists Honey Wheat","","Snyder's of Hanover Pretzels, Braided Prertzel Twists Honey Wheat","4.69","0.0","Market Basket","12 oz","12 oz","898.jpg","","0"
"30192","Meat & Seafood","Packaged Meat & Seafood","Bologna","Armour","Armour Bologna ","","Armour Bologna ","1.24","0.0","Market Basket","2.44 oz","2.44 oz","X4551.jpg","","1"
"31354","Pasta & Sauces","Gluten Free Pasta","Pasta Sauce","Francesco Rinaldi","Francesco Rinaldi Pasta Sauce Meat Flavoured Gluten Free","077644302326","Francesco Rinaldi Pasta Sauce Meat Flavoured Gluten Free","2.11","0.0","Market Basket","23.5 oz","23.5 oz","X1475.jpg","","4"
"9956","Frozen Food","Ice Cream & Ice","Ice Cream & Ice","Ben & Jerry's","Ben & Jerry's Ice Cream Strawberry Cheesecake","","Ben & Jerry's Ice Cream Strawberry Cheesecake","1.29","0.0","Market Basket","4 oz","4 oz","2982.jpg","","21"
"34369","Frozen Food","Frozen Dinners & Entrees","Frozen Appetizers & Sides","Rhodes","Rhodes Bake N Serv Cinnamon Rolls","070022007493","Rhodes Bake N Serv Cinnamon Rolls","4.99","0.0","Market Basket","36.5 oz","36.5 oz","X4295.jpg","","18"
"4225","Meat & Seafood","Packaged Meat & Seafood","Codfish","Cristobal","Cristobal Brand Choice Boned Salted Codfish","","Cristobal Brand Choice Boned Salted Codfish","10.99","0.0","Market Basket","16 oz","16 oz","4135.jpg","","22"
"6106","Beverages & Juices","Soft Drinks & Seltzers","Soft Drinks","Country Time","Country Time Half Lemonade & Half Iced Tea","","Country Time Half Lemonade & Half Iced Tea","3.36","0.0","Market Basket","19 oz","19 oz","No Image.jpg","","17"
"15354","Personal Care","Vitamins & Proteins","Vitamins & Supplements","One A Day","One A Day Women's Multivitamin/Multimineral Supplement Women's Formula Tablets","","One A Day Women's Multivitamin/Multimineral Supplement Women's Formula Tablets","10.57","1.0","Market Basket","60 count","60 count","6701.jpg","","13"
"30701","Meat & Seafood","Packaged Meat & Seafood","Turkey","Buddig","Buddig Oven Rosted Turkey ","","Buddig Oven Rosted Turkey ","0.8","0.0","Market Basket","2 oz","2 oz","X4509.jpg","","1"
"15212","Personal Care","Personal Needs","Oral Hygiene","Johnson & Johnson","Johnson & Johnson Reach Reach Waxed Floss, Unflavored","","Johnson & Johnson Reach Reach Waxed Floss, Unflavored","1.94","1.0","Market Basket","55 count","55 count","17791.jpg","","13"
"5103","Chips, Cookies & Snacks","Cookies & Crackers","Cookies & Cakes","Oreo","Nabisco Oreo Golden Double Stuf Sandwich Cookies","","Nabisco Oreo Golden Double Stuf Sandwich Cookies","4.69","0.0","Market Basket","15.25 oz","15.25 oz","No Image.jpg","","6"
"30180","Beverages & Juices","Tea, Coffee, Milk & Coconut Water","Tea","AriZona","AriZona Iced Tea with Lemon flavor","613008725693","AriZona Iced Tea with Lemon flavor","1.25","0.0","Market Basket","20 fl oz","20 fl oz","X3046.jpg","","10"
"32315","Breakfast & Dairy","Granola & Oats","Granola","Kind","Kind Maple Quinoa Granola","602652171208","Kind Maple Quinoa Granola","6.24","0.0","Market Basket","11 oz","11 oz","X3764.jpg","","5"
"35166","Condiments & Dressings","Marinades, Ketchup & Sauces","Mustard Sauce","Woodstock ","Woodstock Orgaic Stone Ground Mustard Spread Jrainy Goodness ","070080080810","Woodstock Orgaic Stone Ground Mustard Spread Jrainy Goodness ","3.11","0.0","Market Basket","20 oz","20 oz","X2151.jpg","","2"
"33951","Breakfast & Dairy","Breads & Rolls","Bread","Pepperidge Farm","Pepperidge Farm Jewish Rye Soft Bread","014100042792","Pepperidge Farm Jewish Rye Soft Bread","4.99","0.0","Market Basket","16 oz","16 oz","X2518.jpg","","18"
"33421","Frozen Food","Frozen Pizza","Frozen Pizza","Mystic Pizza ","Mystic Pizza Buffalo Uncured Pepperoni ","795404132029","Mystic Pizza Buffalo Uncured Pepperoni ","6.24","0.0","Market Basket","23 oz","23 oz","X4915.jpg","","19"
"3717","Fresh Produce","Fresh Fruits","Strawberries","Always Fresh Farms","Always Fresh Farms Florida Strawberries Fraises","","Always Fresh Farms Florida Strawberries Fraises","6.23","0.0","Market Basket","1 pint container","1 pint container","FP2.jpg","","20"
"5900","Beverages & Juices","Tea, Coffee, Milk & Coconut Water","Single To-Go Coffee","StarBucks","Starbucks Doubleshot Energy Coffee","","Starbucks Doubleshot Energy Coffee","3.36","0.0","Market Basket","15 fl oz","15 fl oz","No Image.jpg","","17"
"169","Kitchen & Cleaning","Cleaning Products","Other Cleaning Products","Pine-Sol","Pine-Sol Dilutable Cleaner","","Pine-Sol Dilutable Cleaner","4.59","1.0","Market Basket","40 fl oz","40 fl oz","16782.jpg","","15"
"13388","Breakfast & Dairy","Dairy & Eggs","Cream","Nestle","NestlÃÂ© Coffee Mate Sugar Free Hazelnut Powder Coffee Creamer","","NestlÃÂ© Coffee Mate Sugar Free Hazelnut Powder Coffee Creamer","4.89","0.0","Market Basket","10.2 oz","10.2 oz","534.jpg","","1"
"32941","Cooking Needs","Canned Food","Canned Fruit & Applesauce","Market Basket","Market Basket Apple Sauce Naturally Fat Free Unsweeted ","","Market Basket Apple Sauce Naturally Fat Free Unsweeted ","2.86","0.0","Market Basket","24 oz","24 oz","X543.jpg","","3"
"30786","Breakfast & Dairy","Breads & Rolls","Bagels","Canyon Bakehouse","Canyon Bakehouse Gluten Free Deli White Bagels","835841002348","Canyon Bakehouse Gluten Free Deli White Bagels","7.49","0.0","Market Basket","14 oz","14 oz","X2575.jpg","","18"
"32624","Pasta & Sauces","Raw Pasta","Raw Pasta","Lucio","Lucio Pasta Rogatoni No. 35","085164110352","Lucio Pasta Rogatoni No. 35","1.11","0.0","Market Basket","16 oz","16 oz","X1701.jpg","","4"
"593","Laundry & Paper Goods","Laundry","Laundry Whitener","Out","Out white brite Laundry whitener","","Out white brite Laundry whitener","7.86","1.0","Market Basket","1 lb","1 lb","No Image.jpg","","15"
"5751","Breakfast & Dairy","Bars & Pastries","Protien Bars","Larabar","Larabar Gluten Free Cashew Cookie Fruit & Nut Bars","","Larabar Gluten Free Cashew Cookie Fruit & Nut Bars","24.39","0.0","Market Basket","1.7 oz","1.7 oz","1315.jpg","","3"
"31742","Beverages & Juices","Energy & Sports Drinks","Energy & Sports Drinks","Hint","Hint Raspberry","18473900040","Hint Raspberry","1.56","0.0","Market Basket","16 fl oz","16 fl oz","X2747.jpg","","10"
"4955","Chips, Cookies & Snacks","Chips & Fruit Snacks","Chips & Pretzels","Stacy'S","Stacy'S Baked Pita Chips Simply Naked Party Size","","Stacy'S Baked Pita Chips Simply Naked Party Size","7.02","0.0","Market Basket","18 oz","18 oz","931.jpg","","0"
"426","Kitchen & Cleaning","Trash Bags & Liners","Regular Trash Bags","Glad","Glad Guaranteed Strong Trash Bags","","Glad Guaranteed Strong Trash Bags","8.59","1.0","Market Basket","45 x 13 gal","45 x 13 gal","4672.jpg","","12"
"8285","Condiments & Dressings","Fresh Dips & Tapenades","Hommus","Cedar","Cedar Hommus, Artichoke Spinach","","Cedar Hommus, Artichoke Spinach","3.69","0.0","Market Basket","8 oz","8 oz","5507.jpg","","1"
"32392","Beverages & Juices","Juices & Refrigerated Drinks","Juice & Nectars","Kool-Aid","Kool Aid Jammers Blue Raspberry","043000028223","Kool Aid Jammers Blue Raspberry","2.5","0.0","Market Basket","10 x 6 fl oz","10 x 6 fl oz","X3075.jpg","","10"
"31747","Condiments & Dressings","Pickled Goods & Olives","Pickled Goods & Olives","Hoilday ","Hoilday Fruit Sweetend Real Fruit Green Cherries Recipes & Coupon Inside ","070327011218","Hoilday Fruit Sweetend Real Fruit Green Cherries Recipes & Coupon Inside ","2.5","0.0","Market Basket","6.3 oz","6.3 oz","X2234.jpg","","2"
"34879","Frozen Food","Frozen Pizza","Frozen Pizza","Tony's ","Tony's Cheese Pizza ","072180637185","Tony's Cheese Pizza ","3.75","0.0","Market Basket","18.90 oz","18.90 oz","X4903.jpg","","19"
"34512","Frozen Food","Frozen Dinners & Entrees","Frozen Meal","Smart Ones","Smart Ones Slow Roasted Turkey Breast","025800023202","Smart Ones Slow Roasted Turkey Breast","2.5","0.0","Market Basket","9 oz","9 oz","X4195.jpg","","18"
"13485","Beverages & Juices","Tea, Coffee, Milk & Coconut Water","Milk","Horizon","Horizon Organic Milk Fat Free","","Horizon Organic Milk Fat Free","5.39","0.0","Market Basket","64 oz","64 oz","516.jpg","","1"
"14698","Personal Care","Body Wash, Soap & Hair Care","Body Wash","Ivory","Ivory Body Wash Original Scent","","Ivory Body Wash Original Scent","2.86","1.0","Market Basket","12 fl oz","12 fl oz","6364.jpg","","13"
"34919","Breakfast & Dairy","Dairy & Eggs","Yogurt","Two Good","Two Good 2G Sugar Black Cherry Flavored Greek Yogurt ","","Two Good 2G Sugar Black Cherry Flavored Greek Yogurt ","1.25","0.0","Market Basket","5.3 oz","5.3 oz","X872.jpg","","1"
"31435","Beverages & Juices","Energy & Sports Drinks","Energy & Sports Drinks","Gatorade","Gatorade Zero Sugar Thirst Quencher Berry 6 pack","052000043457","Gatorade Zero Sugar Thirst Quencher Berry 6 pack","5.36","0.0","Market Basket","6 x 12 fl oz","6 x 12 fl oz","X2682.jpg","","10"
"618","Laundry & Paper Goods","Paper Goods","Wipes","Puffs","Puffs Plus Lotion Soothes Sore Sniffers","","Puffs Plus Lotion Soothes Sore Sniffers","2.74","1.0","Market Basket","124 count","124 count","No Image.jpg","","14"
"14882","Personal Care","Feminine Care","Menstrual Pads","Always","Always Size 4 Overnight Pads With Wings","","Always Size 4 Overnight Pads With Wings","11.26","1.0","Market Basket","38 count","38 count","6491.jpg","","13"
"3639","Fresh Produce","Fresh Fruits","Blueberries","Market Basket","Blueberries Package","","Blueberries Package","5.62","0.0","Market Basket","1 pint container","1 pint container","14184.jpg","","20"
"30652","Condiments & Dressings","Salad Dressings & Toppings","Salad Dressing & Toppings","Bragg ","Bragg Organic Vinaigrette Dressing & Marinade ","","Bragg Organic Vinaigrette Dressing & Marinade ","6.86","0.0","Market Basket","12 fl oz","12 fl oz","X55.jpg","","2"
"9055","Condiments & Dressings","Preserved Dips & Spreads","Spreads","Smucker's","Smucker's Strawberry Jam Seedles","","Smucker's Strawberry Jam Seedles","2.49","0.0","Market Basket","12 oz","12 oz","1615.jpg","","3"
"35056","Condiments & Dressings","Pickled Goods & Olives","Pickles","Vlasic ","Vlasic Fresh Packed Bread & Butter Chips Purely Pickles Big Crunch ","054100000538","Vlasic Fresh Packed Bread & Butter Chips Purely Pickles Big Crunch ","2.5","0.0","Market Basket","24 fl oz","24 fl oz","X3282.jpg","","2"
"13517","Breakfast & Dairy","Dairy & Eggs","Milk","Natrel","Natrel 1% Lowfat Milk","","Natrel 1% Lowfat Milk","2.49","0.0","Market Basket","1 count","1 count","14733.jpg","","1"
"33395","Condiments & Dressings","Pickled Goods & Olives","Pickled Goods & Olives","Mt. Olive","Mt.Olive No Sugar Added Bread & Butter Chips Snice 1926","009300001090","Mt.Olive No Sugar Added Bread & Butter Chips Snice 1926","2.99","0.0","Market Basket","16 fl oz","16 fl oz","X2358.jpg","","2"
"30223","Cooking Needs","Canned Food","Baked Beans","B&M","B&M Brick Oven Baked Original Baked Beans","","B&M Brick Oven Baked Original Baked Beans","1.49","0.0","Market Basket","16 oz","16 oz","X1815.jpg","","2"
"5355","Chips, Cookies & Snacks","Cookies & Crackers","Crackers","Austin","Austin Pepper Jack Sandwich Crackers","","Austin Pepper Jack Sandwich Crackers","2.34","0.0","Market Basket","11 oz","11 oz","No Image.jpg","","6"
"7980","Cooking Needs","Canned Food","Soup, Broth & Bouillon","Campbell's","Campbell's Ready to Serve Low Sodium Cream of Mushroom Soup","","Campbell's Ready to Serve Low Sodium Cream of Mushroom Soup","2.09","0.0","Market Basket","10.5 oz","10.5 oz","5379.jpg","","2"
"32154","Frozen Food","Frozen Breakfast","Frozen Waffles","Kellogg's ","Kellogg's Eggo Thick & Fluffy Original ","038000492761","Kellogg's Eggo Thick & Fluffy Original ","3.36","0.0","Market Basket","11.6 oz","11.6 oz","X5021.jpg","","19"
"34801","Personal Care","Vitamins & Proteins","Protien Powders","Teras ","Teras Grass Fed Whey Protien ","850628002197","Teras Grass Fed Whey Protien ","21.24","0.0","Market Basket","12 oz","12 oz","X5194.jpg","","3"
"30855","Breakfast & Dairy","Granola & Oats","Granola","Cascadian Farm ","Cascadian Farm Organic Dark Chocolate Almond Granola","021908407722","Cascadian Farm Organic Dark Chocolate Almond Granola","4.36","0.0","Market Basket","13.25 oz","13.25 oz","X3728.jpg","","5"
"32760","Meat & Seafood","Packaged Meat & Seafood","Ham","Mariokart ","Mariokart 6-Inch Ham & American Sub Sandwich ","","Mariokart 6-Inch Ham & American Sub Sandwich ","3.74","0.0","Market Basket","5 oz","5 oz","X4544.jpg","","1"
"34111","Breakfast & Dairy","Cereal","Cereal","Post ","Poat Raisin Bran Whole Grain Wheat & Bran Cereal","884912114600","Poat Raisin Bran Whole Grain Wheat & Bran Cereal","3.75","0.0","Market Basket","20 oz","20 oz","X3325.jpg","","5"
"31058","Condiments & Dressings","Pickled Goods & Olives","Pickled Goods & Olives","Crosse & BlackWell","Crosse & BlackWell Mint Sauce With Egyptian Mint Leaves ","051500286432","Crosse & BlackWell Mint Sauce With Egyptian Mint Leaves ","4.38","0.0","Market Basket","15 oz","15 oz","X2232.jpg","","2"
"9990","Frozen Food","Ice Cream & Ice","Ice Cream & Ice","Brigham's Ice Cream","Brigham's Ice Cream Cookies 'n Cream","","Brigham's Ice Cream Cookies 'n Cream","4.79","0.0","Market Basket","1 quart","1 quart","16182.jpg","","21"
"30039","Cooking Needs","Baking & Cooking","Pizza Sauce","Alessi","Alessi Autentico Grissini Torinesi made with Alessi Extra Virgin Olive Oil Thin Breadsticks","071072030509","Alessi Autentico Grissini Torinesi made with Alessi Extra Virgin Olive Oil Thin Breadsticks","1.55","0.0","Market Basket","3 oz","3 oz","X1308.jpg","","4"
"34776","Meat & Seafood","Packaged Meat & Seafood","Burger","Sweet Earth ","Sweet Earth Mediterranean Veggie Burger ","","Sweet Earth Mediterranean Veggie Burger ","4.36","0.0","Market Basket","6 oz","6 oz","X4722.jpg","","1"
"4829","Chips, Cookies & Snacks","Chips & Fruit Snacks","Chips & Pretzels","Cape Cod","Cape Cod Sea Salt & Vinegar","","Cape Cod Sea Salt & Vinegar","5.92","0.0","Market Basket","8 oz","8 oz","No Image.jpg","","0"
"3517","Fresh Produce","Fresh Organic Vegetables","Potato","Market Basket","Organic Bag Russet Potatoes","","Organic Bag Russet Potatoes","4.94","0.0","Market Basket","3 lb","3 lb","f137.jpg","","20"
"14149","Breakfast & Dairy","Dairy & Eggs","Yogurt","Lifeway","Lifeway Blueberry Cultured Lowfat Milk","","Lifeway Blueberry Cultured Lowfat Milk","3.69","0.0","Market Basket","32 oz","32 oz","14675.jpg","","1"
"31948","Meat & Seafood","Packaged Meat & Seafood","Sausage","Johnsonville","Johnsonville Chorizo Moked Sausage ","","Johnsonville Chorizo Moked Sausage ","4.99","0.0","Market Basket","13.5 oz","13.5 oz","X4608.jpg","","1"
"9104","Frozen Food","Frozen Dinners & Entrees","Frozen Appetizers & Sides","Birds Eye","Birds Eye Steamfresh Selects Long Grain White Rice","","Birds Eye Steamfresh Selects Long Grain White Rice","1.29","0.0","Market Basket","10 oz","10 oz","2610.jpg","","18"
"7778","Cooking Needs","Canned Food","Canned Meals & Beans","Kuner's","Kuner's Southwestern Southwest Fire Roasted Chiles Refried Kuner's Southwest Fire Roasted Chiles Refried Pinto Beans","","Kuner's Southwestern Southwest Fire Roasted Chiles Refried Kuner's Southwest Fire Roasted Chiles Refried Pinto Beans","1.29","0.0","Market Basket","15.5 oz","15.5 oz","17143.jpg","","2"
"32016","Beverages & Juices","Energy & Sports Drinks","Energy & Sports Drinks","Karma","Karma Probiotic Water Blueberry Lemonade","854651003633","Karma Probiotic Water Blueberry Lemonade","2.49","0.0","Market Basket","18 fl oz","18 fl oz","X2721.jpg","","10"
"30001","Chips, Cookies & Snacks","Candy & Chocolates","Candy & Chocolate","3 Musketeers","3 Musketeers minis Chocolate Bars Candy","","3 Musketeers minis Chocolate Bars Candy","3.75","0.0","Market Basket","8.4 oz","8.4 oz","X1.jpg","","3"
"7798","Cooking Needs","Canned Food","Canned Meals & Beans","Market Basket","Market Basket Pinto Beans","","Market Basket Pinto Beans","1.49","0.0","Market Basket","29 oz","29 oz","Market Basket.jpg","","2"
"6008","Beverages & Juices","Energy & Sports Drinks","Energy & Sports Drinks","NOS","NOS High Performance Energy Drink","","NOS High Performance Energy Drink","2.09","0.0","Market Basket","16 fl oz","16 fl oz","No Image.jpg","","17"
"34052","Chips, Cookies & Snacks","Chips & Fruit Snacks","Popcorn","Pop Secret ","Pop Secret Home Style Natural Butter Flavor ","023896246802","Pop Secret Home Style Natural Butter Flavor ","2.5","0.0","Market Basket","9.6 oz","9.6 oz","X4952.jpg","","19"
"4871","Chips, Cookies & Snacks","Chips & Fruit Snacks","Chips & Pretzels","Lay's","Lay's Salt & Vinegar Potato Chips","","Lay's Salt & Vinegar Potato Chips","3.91","0.0","Market Basket","7.75 oz","7.75 oz","872.jpg","","0"
"34590","Frozen Food","Frozen Pizza","Frozen Pizza","Sonoma Flatbreads ","Sonoma Flatbreads Uncured Pepperoni","830415009844","Sonoma Flatbreads Uncured Pepperoni","8.74","0.0","Market Basket","17.17 oz","17.17 oz","X4871.jpg","","19"
"13826","Breakfast & Dairy","Dairy & Eggs","Refrigerated Pudding & Desserts","Jell-O","Jell O Ready to Eat Cherry Sugar Free Gelatin","","Jell O Ready to Eat Cherry Sugar Free Gelatin","2.49","0.0","Market Basket","4 x 3.125 oz","4 x 3.125 oz","799.jpg","","19"
"32771","Beverages & Juices","Juices & Refrigerated Drinks","Juice & Nectars","Market Basket","Market Basket Cranberry & Red Delicious Apple 100% Juice Blend","049705059975","Market Basket Cranberry & Red Delicious Apple 100% Juice Blend","3.36","0.0","Market Basket","64 fl oz","64 fl oz","X2809.jpg","","10"
"6986","Cooking Needs","Baking & Cooking","Doughs, Gelatins & Bake Mixes","Jell-O","Jell O Sugar Free Fat Free Chocolate Cook & Serve Reduced Calorie Pudding & Pie Filling Mix","","Jell O Sugar Free Fat Free Chocolate Cook & Serve Reduced Calorie Pudding & Pie Filling Mix","1.09","0.0","Market Basket","1.3 oz","1.3 oz","2071.jpg","","8"
"4817","Chips, Cookies & Snacks","Chips & Fruit Snacks","Chips & Pretzels","Cape Cod","Cape Cod Kettle Cooked Original Potato Chips","","Cape Cod Kettle Cooked Original Potato Chips","5.92","0.0","Market Basket","8 oz","8 oz","925.jpg","","0"
"15342","Personal Care","Vitamins & Proteins","Vitamins & Supplements","Nature Made","Nature Made Prenatal Tablets with Folic Acid, Iron, Iodine & Zinc","","Nature Made Prenatal Tablets with Folic Acid, Iron, Iodine & Zinc","14.02","1.0","Market Basket","90 count","90 count","18188.jpg","","13"
"14645","Breakfast & Dairy","Tea & Coffee","Tea","Twinings","Twinings of London Herbal Tea Camomile, Honey & Vanilla","","Twinings of London Herbal Tea Camomile, Honey & Vanilla","3.69","0.0","Market Basket","20 count","20 count","3446.jpg","","8"
"7606","Cooking Needs","Canned Food","Canned & Jarred Vegetables","Tuttorosso","Tuttorosso Crushed Tomatoes with Basil","","Tuttorosso Crushed Tomatoes with Basil","1.59","0.0","Market Basket","28 oz","28 oz","17084.jpg","","4"
"53","Kitchen & Cleaning","Air Fresheners & Candles","Air Freshener Refill","Air Wick","Air Wick Scented Oil Lavender & Chamomile Air Freshener Refill","","Air Wick Scented Oil Lavender & Chamomile Air Freshener Refill","3.69","1.0","Market Basket","0.67 fl oz","0.67 fl oz","4206.jpg","","15"
"7632","Cooking Needs","Canned Food","Canned Fruit & Applesauce","Dole","Dole Pineapple Chunks in 100% Pineapple Juice","","Dole Pineapple Chunks in 100% Pineapple Juice","0.99","0.0","Market Basket","8 oz","8 oz","4925.jpg","","3"
"14863","Personal Care","Body Wash, Soap & Hair Care","Soap","Olay","Olay Age Defying Beauty Bar","","Olay Age Defying Beauty Bar","7.69","1.0","Market Basket","6 count","6 count","6377.jpg","","13"
"9960","Frozen Food","Ice Cream & Ice","Ice Cream & Ice","Ben & Jerry's","Ben & Jerry's Ice Cream Vanilla","","Ben & Jerry's Ice Cream Vanilla","4.29","0.0","Market Basket","1 pint","1 pint","2996.jpg","","21"
"4283","Meat & Seafood","Packaged Meat & Seafood","Turkey","DiLuigi","DiLuigi Turkey Patties With Swiss Cheese Pepper & Onions","","DiLuigi Turkey Patties With Swiss Cheese Pepper & Onions","6.36","0.0","Market Basket","Approx: 1.30 lb at $4.89/lb","Approx: 1.30 lb at $4.89/lb","No Image.jpg","","22"
"33163","Condiments & Dressings","Salad Dressings & Toppings","Salad Dressing & Toppings","Market Basket ","Market Basket Great with Steak California French Style Dressing  ","049705014875","Market Basket Great with Steak California French Style Dressing  ","2.24","0.0","Market Basket","16 fl oz","16 fl oz","X605.jpg","","2"
"9767","Frozen Food","Frozen Produce","Frozen Produce","Birds Eye","Birds Eye Leaf Spinach","","Birds Eye Leaf Spinach","1.49","0.0","Market Basket","10 oz","10 oz","15764.jpg","","19"
"34519","Frozen Food","Frozen Dinners & Entrees","Frozen Meal","Smart Ones","Smart Ones Chicken Parmesan","025800023981","Smart Ones Chicken Parmesan","2.5","0.0","Market Basket","10 oz","10 oz","X4202.jpg","","18"
"32250","Condiments & Dressings","Salad Dressings & Toppings","Salad Dressing & Toppings","Ken's Steak House","Ken's Seak House Simply Vinaigette Italian ","041335363781","Ken's Seak House Simply Vinaigette Italian ","3.49","0.0","Market Basket","16 fl oz","16 fl oz","X418.jpg","","2"
"34330","Beverages & Juices","Juices & Refrigerated Drinks","Juice & Nectars","ReaLemon","ReaLemon 100% Lemon Juice","014800582230","ReaLemon 100% Lemon Juice","2.49","0.0","Market Basket","15 fl oz","15 fl oz","X2782.jpg","","10"
"31699","Condiments & Dressings","Marinades, Ketchup & Sauces","Marinades & Meat Preparation","Heinz ","Heinz 57 Sauce Add Zest To Chicken Steak & Pork ","01326406","Heinz 57 Sauce Add Zest To Chicken Steak & Pork ","3.13","0.0","Market Basket","18 oz","18 oz","X2097.jpg","","2"
"14595","Breakfast & Dairy","Tea & Coffee","Tea","Salada","Salada Decaffeinated Green Tea","","Salada Decaffeinated Green Tea","3.69","0.0","Market Basket","40 count","40 count","16328.jpg","","8"
"31794","Beverages & Juices","Juices & Refrigerated Drinks","Refrigerated Drinks","Hood ","Hood 100% ORANGE JUICE FROM CONCENTRATE PASTEURIZED Excellent Source of Vitamin C","","Hood 100% ORANGE JUICE FROM CONCENTRATE PASTEURIZED Excellent Source of Vitamin C","2.11","0.0","Market Basket","8 fl oz","8 fl oz","X352.jpg","","1"
"3897","Fresh Produce","Fresh Vegetables","Okra","Market Basket","Okra","","Okra","3.29","0.0","Market Basket","1 lb","1 lb","f233.jpg","","20"
"5352","Chips, Cookies & Snacks","Cookies & Crackers","Crackers","Austin","Austin Sandwich Crackers Peanut Butter on Toasty Crackers","","Austin Sandwich Crackers Peanut Butter on Toasty Crackers","7.02","0.0","Market Basket","37.2 oz","37.2 oz","No Image.jpg","","6"
"5252","Chips, Cookies & Snacks","Chips & Fruit Snacks","Chips & Pretzels","LATE JULY","LATE JULY Korean Bbq Tortilla Chips","","LATE JULY Korean Bbq Tortilla Chips","4.67","0.0","Market Basket","5.5 oz","5.5 oz","No Image.jpg","","0"
"35250","Richardson's Farm Ice Cream","Ice Cream","Coffee","Richarson's Farm","Richarson's Farm Mocha Chip Ice Cream 16% Butterfat","","Rich coffee mixed with light chocolate ice cream with chocolate chips","32.99","0.0","Richardson's Farm","3 Gal. Tub","3 Gal. Tub","RichardsonsFarm.jpg","",""
"230","Kitchen & Cleaning","Dish Detergents","Dish Liquid","Ajax","Ajax Bleach Alternative Grapefruit Dish Liquid","","Ajax Bleach Alternative Grapefruit Dish Liquid","2.49","1.0","Market Basket","30 fl oz","30 fl oz","4374.jpg","","15"
"13272","Breakfast & Dairy","Dairy & Eggs","Butter","Cabot Creamery","Cabot Creamery Unsalted Butter Quarter Sticks","","Cabot Creamery Unsalted Butter Quarter Sticks","4.29","0.0","Market Basket","4 oz","4 oz","14764.jpg","","1"
"13389","Breakfast & Dairy","Dairy & Eggs","Cream","Nestle","NestlÃÂ© Coffee Mate The Original Liquid Coffee Creamer","","NestlÃÂ© Coffee Mate The Original Liquid Coffee Creamer","3.29","0.0","Market Basket","32 fl oz","32 fl oz","537.jpg","","1"
"32787","Beverages & Juices","Juices & Refrigerated Drinks","Refrigerated Drinks","Market Basket","Market Basket PREMIUM LEMONADE ALL  Natural Flavors  PASTEURIZED made with Real Lemons","","Market Basket PREMIUM LEMONADE ALL  Natural Flavors  PASTEURIZED made with Real Lemons","2.36","0.0","Market Basket","52 fl oz","52 fl oz","X592.jpg","","1"
"3866","Fresh Produce","Fresh Vegetables","Jackfruit","Market Basket","Jackfruit","","Jackfruit","3.29","0.0","Market Basket","1 lb","1 lb","f207.jpg","","20"
"13698","Breakfast & Dairy","Dairy & Eggs","Packaged Cheese","Kraft","Kraft Finely Shredded Mexican Style Four Cheese","","Kraft Finely Shredded Mexican Style Four Cheese","3.09","0.0","Market Basket","8 oz","8 oz","121.jpg","","1"
"4642","Meat & Seafood","Canned Meat & Seafood","Canned Tuna","Bumble Bee","Bumble Bee Snack On The Run! with Crackers Tuna Salad","","Bumble Bee Snack On The Run! with Crackers Tuna Salad","1.59","0.0","Market Basket","3.5 oz","3.5 oz","5196.jpg","","2"
"32813","Breakfast & Dairy","Bars & Pastries","Cereal Bars","Market Basket","Market Basket Fruit & Grain Cereal Bars Apple Cinnamon ","049705020005","Market Basket Fruit & Grain Cereal Bars Apple Cinnamon ","3.13","0.0","Market Basket","8 x 1.3 oz","8 x 1.3 oz","X3931.jpg","","5"
"12687","Breakfast & Dairy","Breads & Rolls","Bread","Food For Life","Food for Life Ezekiel 4:9 Bread Organic Sprouted Whole Grain","","Food for Life Ezekiel 4:9 Bread Organic Sprouted Whole Grain","5.99","0.0","Market Basket","24 oz","24 oz","4772.jpg","","19"
"3571","Fresh Produce","Fresh Vegetables","Carrot","Market Basket","Carrot","","Carrot","4.24","0.0","Market Basket","2 lb bag","2 lb bag","14353.jpg","","20"
"8614","Condiments & Dressings","Pickled Goods & Olives","Pickled Goods & Olives","Goya","Goya Cocktail Olives","","Goya Cocktail Olives","2.19","0.0","Market Basket","5.5 oz","5.5 oz","1872.jpg","","7"
"8346","Condiments & Dressings","Fresh Dips & Tapenades","Fresh Dips & Tapenades","Wholly Guacamole","Wholly Guacamole Classic Guacamole Minis","","Wholly Guacamole Classic Guacamole Minis","4.62","0.0","Market Basket","4 x 2 oz","4 x 2 oz","5558.jpg","","1"
"34543","Richardson's Farm Ice Cream","Ice Cream Toppings","Ice Cream Toppings","Smucker's","Smucker's Pineapple Toppin ","051500000250","Smucker's Pineapple Toppin ","2.5","0.0","Market Basket","12 oz","12 oz","X5134.jpg","","20"
"13756","Breakfast & Dairy","Dairy & Eggs","Packaged Cheese","Market Basket","Market Basket Provolone Cheese Slices","","Market Basket Provolone Cheese Slices","3.69","0.0","Market Basket","10 oz","10 oz","Market Basket.jpg","","1"
"33937","Frozen Food","Frozen Pasta","Frozen Pasta","Pede Brothers","Pede Brothers Ricotta Cavatelli","035916111045","Pede Brothers Ricotta Cavatelli","1.24","0.0","Market Basket","16 oz","16 oz","X4316.jpg","","18"
"34282","Meat & Seafood","Packaged Meat & Seafood","Meatless Products","Quorn","Quorn Meatless Spicy Patties ","","Quorn Meatless Spicy Patties ","4.11","0.0","Market Basket","9.31 oz","9.31 oz","X4769.jpg","","1"
"14617","Breakfast & Dairy","Tea & Coffee","Tea","Tetley","Tetley Classic Black Tea","","Tetley Classic Black Tea","3.69","0.0","Market Basket","100 count","100 count","16338.jpg","","8"
"32467","Beverages & Juices","Juices & Refrigerated Drinks","Juice & Nectars","Langers","Langers 5 Calories Cranberry Raspberry No Sugar Added Juice Cocktail from Concentrate","041755008347","Langers 5 Calories Cranberry Raspberry No Sugar Added Juice Cocktail from Concentrate","3.13","0.0","Market Basket","64 fl oz","64 fl oz","X2798.jpg","","10"
"34943","Cooking Needs","Rice & Grains","Instant Rice","Uncle Ben's","Uncle Ben's Original Enriched Parboiled Long Grain Rice","054800010028","Uncle Ben's Original Enriched Parboiled Long Grain Rice","12.49","0.0","Market Basket","10 lb","10 lb","X973.jpg","","4"
"35187","Chips, Cookies & Snacks","Candy & Chocolates","Candy & Chocolate","Wrigley's ","Wrigley's Big Red ","","Wrigley's Big Red ","3.13","0.0","Market Basket","3 oz","3 oz","X925.jpg","","3"
"13531","Breakfast & Dairy","Dairy & Eggs","Milk","Silk","Silk Chocolate creamy Cashewmilk","","Silk Chocolate creamy Cashewmilk","3.69","0.0","Market Basket","64 fl oz","64 fl oz","14738.jpg","","1"
"31874","Pasta & Sauces","Pasta Sauce","Pasta Sauce","Hunts","Hunts Pasta Sauce Tomato Basil","027000500514","Hunts Pasta Sauce Tomato Basil","1.25","0.0","Market Basket","24 oz","24 oz","X1403.jpg","","4"
"7910","Cooking Needs","Canned Food","Soup, Broth & Bouillon","Bar Harbor","Bar Harbor Bar All Natural Harbor New England Style Lobster Bisque Soup","","Bar Harbor Bar All Natural Harbor New England Style Lobster Bisque Soup","3.09","0.0","Market Basket","10.5 oz","10.5 oz","17259.jpg","","2"
"32422","Pasta & Sauces","Instant Pasta","Instant Pasta","Kraft","Kraft Macaroni & Cheese Triple Cheese ","021000010882","Kraft Macaroni & Cheese Triple Cheese ","1.88","0.0","Market Basket","2.05 oz","2.05 oz","X1208.jpg","","4"
"14148","Breakfast & Dairy","Dairy & Eggs","Yogurt","Kemps","Kemps Low Fat Neapolitan Frozen Yogurt","","Kemps Low Fat Neapolitan Frozen Yogurt","3.69","0.0","Market Basket","1.5 count","1.5 count","14707.jpg","","1"
"14890","Personal Care","Feminine Care","Menstrual Pads","Market Basket","Market Basket Sensitive Maxi Pads w/ Wings Long/Super","","Market Basket Sensitive Maxi Pads w/ Wings Long/Super","3.21","1.0","Market Basket","20 count","20 count","Market Basket.jpg","","13"
"34979","Beverages & Juices","Juices & Refrigerated Drinks","Juice & Nectars","V8","V8 Berry Bliss","051000232281","V8 Berry Bliss","3.74","0.0","Market Basket","14 fl oz","14 fl oz","X3135.jpg","","10"
"4924","Chips, Cookies & Snacks","Chips & Fruit Snacks","Chips & Pretzels","Smartfood","Smartfood Smart 50 Sea Salt","","Smartfood Smart 50 Sea Salt","6.23","0.0","Market Basket","5 oz","5 oz","No Image.jpg","","0"
"32374","Cooking Needs","Rice & Grains","Rice/Pasta Sides","Knorr","Knorr Asian Sides Chicken Flavoured Fried Rice","041000022739","Knorr Asian Sides Chicken Flavoured Fried Rice","1.25","0.0","Market Basket","5.7 oz","5.7 oz","X1182.jpg","","4"
"5341","Chips, Cookies & Snacks","Cookies & Crackers","Cookies & Cakes","belVita","belVita Cinnamon Brown Sugar","","belVita Cinnamon Brown Sugar","4.69","0.0","Market Basket","8.8 oz","8.8 oz","No Image.jpg","","6"
"15244","Personal Care","Personal Needs","Oral Hygiene","Oral-B","Oral-B Manual Color Collection Manual Toothbrush, Medium","","Oral-B Manual Color Collection Manual Toothbrush, Medium","2.86","1.0","Market Basket","1 count","1 count","17789.jpg","","13"
"30118","Condiments & Dressings","Marinades, Ketchup & Sauces","Mustard Sauce","Annie's ","Annie's Organic HoreRadish Mustard Made With Goodness ","092325222236","Annie's Organic HoreRadish Mustard Made With Goodness ","2.49","0.0","Market Basket","7.5 oz","7.5 oz","X2154.jpg","","2"
"6303","Beverages & Juices","Water","Sparkling Water","Poland Spring","Poland Spring Sparkling Water, Black Cherry","","Poland Spring Sparkling Water, Black Cherry","3.74","0.0","Market Basket","8 x 16.9 fl oz","8 x 16.9 fl oz","3238.jpg","","11"
"30691","Meat & Seafood","Packaged Meat & Seafood","Burger","Bubba Burger ","Bubba Burger Original Gluten Free","","Bubba Burger Original Gluten Free","9.99","0.0","Market Basket","32 oz","32 oz","X4706.jpg","","1"
"5111","Chips, Cookies & Snacks","Cookies & Crackers","Cookies & Cakes","Pepperidge Farm","Pepperidge Farm Chessmen Butter Cookies","","Pepperidge Farm Chessmen Butter Cookies","4.69","0.0","Market Basket","7.25 oz","7.25 oz","14998.jpg","","6"
"9330","Frozen Food","Frozen Dessert","Frozen Dessert","Blue Diamond Almond Breeze","Blue Diamond Almond Breeze Unsweetened Vanilla Almond Milk & Coconut Milk Blend","","Blue Diamond Almond Breeze Unsweetened Vanilla Almond Milk & Coconut Milk Blend","3.69","0.0","Market Basket","0.5 gal","0.5 gal","16070.jpg","","1"
"6205","Beverages & Juices","Soft Drinks & Seltzers","Soft Drinks","Sprite","Sprite Lemon Lime Soda No Caffeine","","Sprite Lemon Lime Soda No Caffeine","1.24","0.0","Market Basket","2 L","2 L","16570.jpg","","17"
"10272","Frozen Food","Ice Cream & Ice","Ice Cream & Ice","Yasso","Yasso Frozen Greek Yogurt, Coffee Chocolate Chip Bars","","Yasso Frozen Greek Yogurt, Coffee Chocolate Chip Bars","4.89","0.0","Market Basket","4 x 3.5 fl oz","4 x 3.5 fl oz","16123.jpg","","21"
"34362","Chips, Cookies & Snacks","Candy & Chocolates","Candy & Chocolate","Reese's","Reese's Kitkat Chocolate Candy Assortment","","Reese's Kitkat Chocolate Candy Assortment","12.49","0.0","Market Basket","33.36 oz","33.36 oz","X740.jpg","","3"
"10196","Frozen Food","Ice Cream & Ice","Ice Cream & Ice","Outshine","Outshine Tangerine Fruit Bars","","Outshine Tangerine Fruit Bars","4.29","0.0","Market Basket","6 count","6 count","3168.jpg","","21"
"33854","Pasta & Sauces","Raw Pasta","Raw Pasta","Pastene","Pastene Trivella 69","066086070870","Pastene Trivella 69","1.25","0.0","Market Basket","16 oz","16 oz","X1606.jpg","","4"
"33996","Breakfast & Dairy","Breads & Rolls","Buns","Pepperidge Farm","Pepperidge Farm Butter Bigger Boulder Burger Buns","014100050841","Pepperidge Farm Butter Bigger Boulder Burger Buns","4.99","0.0","Market Basket","18 oz","18 oz","X2512.jpg","","18"
"9091","Frozen Food","Frozen Dinners & Entrees","Frozen Appetizers & Sides","Alexia","Alexia Organic Yukon Select Fries With A Touch Of Sea Salt","","Alexia Organic Yukon Select Fries With A Touch Of Sea Salt","3.69","0.0","Market Basket","22 oz","22 oz","2591.jpg","","18"
"4266","Meat & Seafood","Packaged Meat & Seafood","Salmon","Blue Hill Bay","Blue Hill Bay Smoked Wild Alaskan Salmon Spread, Tub","","Blue Hill Bay Smoked Wild Alaskan Salmon Spread, Tub","4.89","0.0","Market Basket","8 oz","8 oz","4127.jpg","","22"
"4108","Meat & Seafood","Meat & Seafood Counter","Chicken","Bell & Evans","Bell & Evans Chicken","","Bell & Evans Chicken","14.09","0.0","Market Basket","1 lb","1 lb","No Image.jpg","","22"
"13516","Breakfast & Dairy","Dairy & Eggs","Milk","McArthur","McArthur Vitamin D Whole Milk","","McArthur Vitamin D Whole Milk","4.79","0.0","Market Basket","1 gal","1 gal","518.jpg","","1"
"33181","Frozen Food","Frozen Fruit & Juice","Frozen Juice","Market Basket ","Market Basket Lemonade ","049705720455","Market Basket Lemonade ","1.25","0.0","Market Basket","12 oz","12 oz","X5099.jpg","","19"
"14589","Breakfast & Dairy","Tea & Coffee","Tea","Red Rose","Red Rose Decaffeinated Black Tea","","Red Rose Decaffeinated Black Tea","3.09","0.0","Market Basket","48 x 3.25 oz","48 x 3.25 oz","3535.jpg","","8"
"33087","Breakfast & Dairy","Cereal","Cereal","Market Basket ","Market Basket Magic Stars","049705004913","Market Basket Magic Stars","2.5","0.0","Market Basket","11.5 oz","11.5 oz","X3398.jpg","","5"
"3447","Fresh Produce","Fresh Fruits","Dragon Fruit","Market Basket","Golden Dragon Fruit","","Golden Dragon Fruit","8.79","0.0","Market Basket","1 lb","1 lb","f25.jpg","","20"
"12700","Breakfast & Dairy","Breads & Rolls","Bread","Joseph's","Joseph's Thin Sandwich Rolls Flax Oat Bean & Whole Wheat","","Joseph's Thin Sandwich Rolls Flax Oat Bean & Whole Wheat","3.09","0.0","Market Basket","12 oz","12 oz","No Image.jpg","","18"
"459","Laundry & Paper Goods","Laundry","Laundry Detergent","Sun","Sun Triple Clean plus OXI original fresh 28 medium loads laundry detergent","","Sun Triple Clean plus OXI original fresh 28 medium loads laundry detergent","2.49","1.0","Market Basket","45.4 fl oz","45.4 fl oz","No Image.jpg","","15"
"7182","Cooking Needs","Spices & Seasonings","Spices & Seasonings","Badia","Badia Allspice","","Badia Allspice","0.89","0.0","Market Basket","0.5 oz","0.5 oz","2226.jpg","","9"
"4260","Meat & Seafood","Packaged Meat & Seafood","Pork","Market Basket","Boneless Center-Cut Pork Chops","","Boneless Center-Cut Pork Chops","2.49","0.0","Market Basket","1 lb","1 lb","Market Basket.jpg","","22"
"8743","Condiments & Dressings","Preserved Dips & Spreads","Preserved Dips & Salsa","Joseph's","Joseph's Pine Nut Hommus","","Joseph's Pine Nut Hommus","3.69","0.0","Market Basket","10 oz","10 oz","No Image.jpg","","1"
"31456","Breakfast & Dairy","Cereal","Cereal","General Mills","General Mills Blueberry Chex","016000492349","General Mills Blueberry Chex","3.13","0.0","Market Basket","12 oz","12 oz","X3433.jpg","","5"
"34208","Breakfast & Dairy","Granola & Oats","Granola","Purely Elizabeth","Purely Elizabeth Probiotic Granola Maple Walnut + Probiotics","855140002694","Purely Elizabeth Probiotic Granola Maple Walnut + Probiotics","7.49","0.0","Market Basket","8 oz","8 oz","X3755.jpg","","5"
"158","Kitchen & Cleaning","Cleaning Products","Other Cleaning Products","Libman","Libman Precision Angle Broom With Dustpan","","Libman Precision Angle Broom With Dustpan","14.69","1.0","Market Basket","1 count","1 count","4318.jpg","","15"
"14765","Personal Care","Body Wash, Soap & Hair Care","Hair Care","Market Basket","Market Basket Dry Scalp Dandruff Shampoo","","Market Basket Dry Scalp Dandruff Shampoo","3.55","1.0","Market Basket","14.2 fl oz","14.2 fl oz","Market Basket.jpg","","13"
"31970","Richardson's Farm Ice Cream","Cups, Cones & Bowls","Cups","Joy ","Ice Cream Cups ","072092334127","Ice Cream Cups ","2.49","0.0","Market Basket","1.75 oz","1.75 oz","X5114.jpg","","20"
"4515","Meat & Seafood","Lunch Meat","Ham","Market Basket","Market Basket Black Forest Smoked Ham, Tub","","Market Basket Black Forest Smoked Ham, Tub","6.79","0.0","Market Basket","10 oz","10 oz","Market Basket.jpg","","22"
"31385","Beverages & Juices","Juices & Refrigerated Drinks","Juice & Nectars","Fruits of the Nile","Fruits of the Nile Strawberry Guava Gourment Nectar","832770002201","Fruits of the Nile Strawberry Guava Gourment Nectar","3.74","0.0","Market Basket","33.8 fl oz","33.8 fl oz","X2910.jpg","","10"
"34275","Meat & Seafood","Packaged Meat & Seafood","Meatballs","Quattro Formaggio ","Quattro Formaggio Meatballs ","","Quattro Formaggio Meatballs ","8.74","0.0","Market Basket","27 oz","27 oz","X4689.jpg","","1"
"9896","Frozen Food","Frozen Produce","Frozen Produce","Market Basket","Whole Golden Greek Pepperoncin","","Whole Golden Greek Pepperoncin","2.49","0.0","Market Basket","1 ct","1 ct","Market Basket.jpg","","19"
"30682","Meat & Seafood","Packaged Meat & Seafood","Pepperoni","Bridgford ","Bridgford Pepperoni Gluten Free","047500004459","Bridgford Pepperoni Gluten Free","4.38","0.0","Market Basket","5 oz","5 oz","X1309.jpg","","4"
"34710","Meat & Seafood","Packaged Meat & Seafood","Hot Dogs & Franks","Sugardale ","Sugardale Uncured Beef Hot Dogs","","Sugardale Uncured Beef Hot Dogs","4.61","0.0","Market Basket","14 oz","14 oz","X4593.jpg","","1"
"33135","Condiments & Dressings","Pickled Goods & Olives","Olives","Market Basket ","Market Basket Manzanilla Spanish Olives Suffed With Minced Pimento","049705019382","Market Basket Manzanilla Spanish Olives Suffed With Minced Pimento","1.61","0.0","Market Basket","5 oz","5 oz","X2266.jpg","","2"
"32563","Condiments & Dressings","Pickled Goods & Olives","Pickled Goods & Olives","Levant ","Levant  Mediterranean Delicacies Eggplant Bruschetta ","859215008062","Levant  Mediterranean Delicacies Eggplant Bruschetta ","3.74","0.0","Market Basket","19 oz","19 oz","X2309.jpg","","2"
"8820","Condiments & Dressings","Salad Dressings & Toppings","Salad Dressing & Toppings","Good Seasons","Good Seasons Mild Italian Dressing & Recipe Mix","","Good Seasons Mild Italian Dressing & Recipe Mix","1.69","0.0","Market Basket","1 oz","1 oz","15476.jpg","","2"
"32848","Breakfast & Dairy","Breads & Rolls","Bread","Market Basket","Market Basket Unseeded Rye Bread","049705015957","Market Basket Unseeded Rye Bread","1.88","0.0","Market Basket","16 oz","16 oz","X2373.jpg","","18"
"438","Kitchen & Cleaning","Trash Bags & Liners","Tall Trash Bags","Glad","Glad Tall Kitchen Drawstring Bags Gain Original","","Glad Tall Kitchen Drawstring Bags Gain Original","9.19","1.0","Market Basket","40 count","40 count","4675.jpg","","12"
"5916","Beverages & Juices","Tea, Coffee, Milk & Coconut Water","Single To-Go Coffee","StarBucks","Starbucks Iced Espresso Caramel Macchiato","","Starbucks Iced Espresso Caramel Macchiato","3.36","0.0","Market Basket","14 fl oz","14 fl oz","No Image.jpg","","17"
"30986","Condiments & Dressings","Honey, Syrup & Nectars","Syrup","Coconut Secret","Coconut Secret Traditional Coconut Nectar","851492002016","Coconut Secret Traditional Coconut Nectar","9.99","0.0","Market Basket","12 fl oz","12 fl oz","X3198.jpg","","2"
"5704","Breakfast & Dairy","Bars & Pastries","Protien Bars","Atkins","Atkins Granola Bar Chocolate Chip","","Atkins Granola Bar Chocolate Chip","8.59","0.0","Market Basket","5 ct","5 ct","15207.jpg","","13"
"35014","Condiments & Dressings","Honey, Syrup & Nectars","Syrup","Vermont Maid ","Vermont Maid Original Syrup","024000002239","Vermont Maid Original Syrup","2.49","0.0","Market Basket","24 fl oz","24 fl oz","X3202.jpg","","2"
"10090","Frozen Food","Ice Cream & Ice","Ice Cream & Ice","Hood","Hood Ice Cream Chocolate","","Hood Ice Cream Chocolate","3.69","0.0","Market Basket","1.5 quart","1.5 quart","3107.jpg","","21"
"14745","Personal Care","Body Wash, Soap & Hair Care","Hair Care","Herbal Essences","Herbal Essences Body Envy Volumizing Mousse with Citrus Essences","","Herbal Essences Body Envy Volumizing Mousse with Citrus Essences","5.39","1.0","Market Basket","6.8 oz","6.8 oz","6592.jpg","","13"
"33729","Condiments & Dressings","Marinades, Ketchup & Sauces","Marinades & Meat Preparation","Organic Ville","Organic Ville Tangy BBQ Sauce Made With Agave Nectar Gluten Free","896859000373","Organic Ville Tangy BBQ Sauce Made With Agave Nectar Gluten Free","6.24","0.0","Market Basket","13.5 oz","13.5 oz","X2021.jpg","","2"
"283","Kitchen & Cleaning","Food Storage & Kitchen Supplies","Aluminium Foil","Reynolds","Reynolds Wrap Aluminum Foil","","Reynolds Wrap Aluminum Foil","4.59","1.0","Market Basket","75 sq ft","75 sq ft","2409.jpg","","12"
"3827","Fresh Produce","Fresh Organic Vegetables","Kale","Market Basket","Lakeside (Locally Grown) Organic Curly Kale","","Lakeside (Locally Grown) Organic Curly Kale","4.24","0.0","Market Basket","1 count","1 count","14422.jpg","","20"
"14973","Personal Care","First Aid & Healthcare","Menstrual Relief","Pamprin","Pamprin Maximum Strength Multi-Symptom Menstrual Pain Relief","","Pamprin Maximum Strength Multi-Symptom Menstrual Pain Relief","6.2","1.0","Market Basket","20 count","20 count","17801.jpg","","13"
"31967","Meat & Seafood","Packaged Meat & Seafood","Hot Dogs & Franks","Jordans ","Jordans Ball Game Treats","","Jordans Ball Game Treats","8.74","0.0","Market Basket","48 oz","48 oz","X4600.jpg","","1"
"5046","Chips, Cookies & Snacks","Cookies & Crackers","Cookies & Cakes","Famous Amos","Famous Amos Bite Size Chocolate Chip","","Famous Amos Bite Size Chocolate Chip","1.56","0.0","Market Basket","2.7 oz","2.7 oz","No Image.jpg","","6"
"31149","Cooking Needs","Canned Food","Canned Tomatoes","Del Monte","Del Monte Diced Tomatoes with Basil, Garlic and Oregano No Salt Added","024000574996","Del Monte Diced Tomatoes with Basil, Garlic and Oregano No Salt Added","1.25","0.0","Market Basket","14.5 oz","14.5 oz","X1352.jpg","","4"
"8339","Condiments & Dressings","Fresh Dips & Tapenades","Fresh Dips & Tapenades","Sabra","Sabra Spicy Guacamole","","Sabra Spicy Guacamole","2.49","0.0","Market Basket","8 oz","8 oz","5546.jpg","","1"
"35192","Breakfast & Dairy","Dairy & Eggs","Yogurt","YoCrunch","Yo Crunch Chocolate Chip CooKie Dough Vanilla LowFat Yogurt ","","Yo Crunch Chocolate Chip CooKie Dough Vanilla LowFat Yogurt ","3.36","0.0","Market Basket","4 x 4.4 oz","4 x 4.4 oz","X931.jpg","","1"
"8008","Cooking Needs","Canned Food","Soup, Broth & Bouillon","Heinz","Heinz HomeStyle Mushroom Gravy","","Heinz HomeStyle Mushroom Gravy","2.09","0.0","Market Basket","12 oz","12 oz","17235.jpg","","2"
"33152","Condiments & Dressings","Salad Dressings & Toppings","Salad Dressing & Toppings","Market Basket ","Market Basket Creamy Italian Dressing Great On Subs","049705016152","Market Basket Creamy Italian Dressing Great On Subs","2.24","0.0","Market Basket","16 fl oz","16 fl oz","X594.jpg","","2"
"4682","Meat & Seafood","Canned Meat & Seafood","Canned Anchovies","Roland","Roland Flat Fillets of Anchovies","","Roland Flat Fillets of Anchovies","2.49","0.0","Market Basket","2 oz","2 oz","5247.jpg","","2"
"9218","Frozen Food","Frozen Dinners & Entrees","Frozen Appetizers & Sides","Weaver","Weaver Chicken Breast Nuggets, 1.5 lb. (Frozen)","","Weaver Chicken Breast Nuggets, 1.5 lb. (Frozen)","4.89","0.0","Market Basket","26 oz","26 oz","15859.jpg","","22"
"4417","Meat & Seafood","Hot Dogs, Bacon & Sausage","Hot Dogs","Busseto Foods","Busseto Foods Perfect For Pizza, Pastas And Omelets!","","Busseto Foods Perfect For Pizza, Pastas And Omelets!","3.69","0.0","Market Basket","5 oz","5 oz","No Image.jpg","","1"
"32521","Frozen Food","Frozen Dinners & Entrees","Frozen Meal","Lean Cuisine ","Lean Cuisine Tortilla Crusted Fish","013800447302","Lean Cuisine Tortilla Crusted Fish","3.13","0.0","Market Basket","8 oz","8 oz","X4242.jpg","","18"
"8363","Condiments & Dressings","Honey, Syrup & Nectars","Honey","Goya","Goya Honey","","Goya Honey","7.99","0.0","Market Basket","16 oz","16 oz","1608.jpg","","7"
"31391","Condiments & Dressings","Marinades, Ketchup & Sauces","Ketchup","G Hughes","G Hughes Original Recipe Sugar Free Ketchup Gluten Free ","026825000193","G Hughes Original Recipe Sugar Free Ketchup Gluten Free ","3.74","0.0","Market Basket","2 fl oz","2 fl oz","X2118.jpg","","2"
"14151","Breakfast & Dairy","Dairy & Eggs","Yogurt","Lifeway","Lifeway Cherry Cultured Lowfat Milk","","Lifeway Cherry Cultured Lowfat Milk","3.69","0.0","Market Basket","32 fl oz","32 fl oz","14697.jpg","","1"
"6969","Cooking Needs","Baking & Cooking","Doughs, Gelatins & Bake Mixes","Jell-O","Jell o Chocolate Fudge Instant Pudding & Pie Filling Mix","","Jell o Chocolate Fudge Instant Pudding & Pie Filling Mix","0.79","0.0","Market Basket","3.9 oz","3.9 oz","2069.jpg","","8"
"3728","Fresh Produce","Fresh Fruits","Strawberries","Market Basket","Whole Strawberry","","Whole Strawberry","12.46","0.0","Market Basket","32 oz","32 oz","FP39.jpg","","20"
"14840","Personal Care","Body Wash, Soap & Hair Care","Soap","Dove","Dove Beauty Bar White","","Dove Beauty Bar White","1.83","1.0","Market Basket","3.17 oz","3.17 oz","6342.jpg","","13"
"7265","Cooking Needs","Spices & Seasonings","Spices & Seasonings","McCormick","McCormick Coarse Ground Black Pepper","","McCormick Coarse Ground Black Pepper","2.49","0.0","Market Basket","3.12 oz","3.12 oz","2139.jpg","","9"
"3944","Fresh Produce","Fresh Vegetables","Potato","Market Basket","Russet Potatoes","","Russet Potatoes","3.99","0.0","Market Basket","5 lb","5 lb","f259.jpg","","20"
"30254","Frozen Food","Frozen Dinners & Entrees","Frozen Meal","Banquet","Banquet Mega Meats, Buffalo Boneless Strips","031000003814","Banquet Mega Meats, Buffalo Boneless Strips","3.74","0.0","Market Basket","13.2 oz","13.2 oz","X4017.jpg","","18"
"6928","Cooking Needs","Baking & Cooking","Baking Ingredients","Toll House","Toll House Semi Sweet Morsels","","Toll House Semi Sweet Morsels","7.09","0.0","Market Basket","24 oz","24 oz","2360.jpg","","8"
"10083","Frozen Food","Ice Cream & Ice","Ice Cream & Ice","Halo Top","Halo Top Creamery Light Ice Cream Chocolate Almond Crunch","","Halo Top Creamery Light Ice Cream Chocolate Almond Crunch","4.89","0.0","Market Basket","1 pint","1 pint","16180.jpg","","21"
"4053","Meat & Seafood","Meat & Seafood Counter","Beef","Excel","Excel Beef Feet","","Excel Beef Feet","3.19","0.0","Market Basket","Approx: 1.00 lb at $3.19/lb","Approx: 1.00 lb at $3.19/lb","No Image.jpg","","22"
"34104","Breakfast & Dairy","Cereal","Cereal","Post","Post Fruity Pebbles Family Size ","884912002457","Post Fruity Pebbles Family Size ","4.99","0.0","Market Basket","20.5 oz","20.5 oz","X3403.jpg","","5"
"31962","Meat & Seafood","Packaged Meat & Seafood","Sausage","Jones Dairy Farm","Jones Dairy Farm Pork Sausage ","","Jones Dairy Farm Pork Sausage ","3.74","0.0","Market Basket","12 oz","12 oz","X4745.jpg","","1"
"8757","Condiments & Dressings","Preserved Dips & Spreads","Preserved Dips & Salsa","Marzetti","Marzetti Old Fashioned Light Caramel Dip","","Marzetti Old Fashioned Light Caramel Dip","3.09","0.0","Market Basket","16.5 oz","16.5 oz","15596.jpg","","20"
"31410","Beverages & Juices","Energy & Sports Drinks","Energy & Sports Drinks","Gatorade","Gatorade Frost Thirst Quencher Topical Mango","052000322132","Gatorade Frost Thirst Quencher Topical Mango","1.25","0.0","Market Basket","32 fl oz","32 fl oz","X2657.jpg","","10"
"31724","Condiments & Dressings","Salad Dressings & Toppings","Dressing Mix","Hidden Valley","Hidden Valley The Original Ranch Thick & Creamy Dip Classic Ranch  ","","Hidden Valley The Original Ranch Thick & Creamy Dip Classic Ranch  ","3.74","0.0","Market Basket","10 oz","10 oz","X1746.jpg","","2"
"35070","Meat & Seafood","Packaged Meat & Seafood","Hot Dogs","Waterhill","Waterhill Naturals Uncured Beef Hot Dog ","","Waterhill Naturals Uncured Beef Hot Dog ","4.11","0.0","Market Basket","8.75 oz","8.75 oz","X4484.jpg","","1"
"10252","Frozen Food","Ice Cream & Ice","Ice Cream & Ice","Turkey Hill","Turkey Hill Original Recipe Premium Ice Cream Chocolate Peanut Butter Cup","","Turkey Hill Original Recipe Premium Ice Cream Chocolate Peanut Butter Cup","3.09","0.0","Market Basket","48 fl oz","48 fl oz","3126.jpg","","21"
"15279","Personal Care","Vitamins & Proteins","Protien Drinks","Atkins","Atkins Shake Milk Chocolate Delight","","Atkins Shake Milk Chocolate Delight","4.93","1.0","Market Basket","4 x 11 fl oz","4 x 11 fl oz","6728.jpg","","13"
"33741","Meat & Seafood","Packaged Meat & Seafood","Bacon","Oscar Mayer","Oscar Mayer Naural Smoked Uncured Bacon","","Oscar Mayer Naural Smoked Uncured Bacon","8.74","0.0","Market Basket","12 oz","12 oz","X4490.jpg","","1"
"6634","Beverages & Juices","Juices & Refrigerated Drinks","Refrigerated Drinks","Odwalla","Odwalla Chocolate Protein Shake Drink","","Odwalla Chocolate Protein Shake Drink","3.09","0.0","Market Basket","15.2 oz","15.2 oz","3792.jpg","","20"
"15245","Personal Care","Personal Needs","Oral Hygiene","Oral-B","Oral-B Manual Expert Clean Battery Toothbrush, Soft","","Oral-B Manual Expert Clean Battery Toothbrush, Soft","7.0","1.0","Market Basket","1 count","1 count","17787.jpg","","13"
"33758","Meat & Seafood","Packaged Meat & Seafood","Turkey","Oscar Mayer ","Oscar Mayer Turkey Peanuts Cheddar ","","Oscar Mayer Turkey Peanuts Cheddar ","1.86","0.0","Market Basket","2 oz","2 oz","X4555.jpg","","1"
"35011","Breakfast & Dairy","Breads & Rolls","English Muffins","Vermont Bread","Vermont Bread English Muffins Multigrain","025911040372","Vermont Bread English Muffins Multigrain","3.74","0.0","Market Basket","12 oz","12 oz","X2644.jpg","","18"
"30249","Meat & Seafood","Packaged Meat & Seafood","Hot Dogs & Franks","Ball Park ","Ball Park Franks ","","Ball Park Franks ","7.49","0.0","Market Basket","30 oz","30 oz","X4598.jpg","","1"
"6552","Chips, Cookies & Snacks","Nuts, Seeds & Dried Fruit","Nuts, Seeds & Dried Fruit","Ocean Spray","Ocean Spray Milk Chocolate Cranberry Bites","","Ocean Spray Milk Chocolate Cranberry Bites","2.49","0.0","Market Basket","5 oz","5 oz","No Image.jpg","","6"
"6217","Beverages & Juices","Soft Drinks & Seltzers","Seltzer","Adirondack","Adirondack Beverages Seltzer, Lemon Lime","","Adirondack Beverages Seltzer, Lemon Lime","3.13","0.0","Market Basket","6 x 16.9 fl oz","6 x 16.9 fl oz","No Image.jpg","","11"
"14467","Breakfast & Dairy","Tea & Coffee","Coffee","Peet's Coffee","Peet's Coffee Major Dickason's Blend Dark Roast Ground Coffee","","Peet's Coffee Major Dickason's Blend Dark Roast Ground Coffee","8.74","0.0","Market Basket","12 oz","12 oz","3319.jpg","","8"
"15249","Personal Care","Personal Needs","Oral Hygiene","Oral-B","Oral-B Toothbrush","","Oral-B Toothbrush","2.86","1.0","Market Basket","1 count","1 count","6424.jpg","","13"
"34618","Breakfast & Dairy","Dairy & Eggs","Smoothies","Stonyfield","Stonyfield Organic Dairy Free Smoothie Tropical Twist  no Sugar Added ","","Stonyfield Organic Dairy Free Smoothie Tropical Twist  no Sugar Added ","4.38","0.0","Market Basket","12.8 oz","12.8 oz","X793.jpg","","1"
"7958","Cooking Needs","Canned Food","Soup, Broth & Bouillon","Campbell's","Campbell's Condensed Campbell's Condensed Healthy Request Chicken Noodle Soup","","Campbell's Condensed Campbell's Condensed Healthy Request Chicken Noodle Soup","2.09","0.0","Market Basket","10.75 oz","10.75 oz","5305.jpg","","9"
"33242","Beverages & Juices","Juices & Refrigerated Drinks","Juice & Nectars","Mayer Bros","Mayer Bros Fresh Pressed Apple Juice","022198003144","Mayer Bros Fresh Pressed Apple Juice","3.13","0.0","Market Basket","64 fl oz","64 fl oz","X2877.jpg","","10"
"4716","Meat & Seafood","Frozen Meat & Seafood","Chicken Products","Harvestland","Harvestland Boneless Chicken Breasts","","Harvestland Boneless Chicken Breasts","12.19","0.0","Market Basket","2.25 lb","2.25 lb","16040.jpg","","22"
"3851","Fresh Produce","Fresh Vegetables","Garlic","Spice World","Spice World Jumbo Garlic bulb","","Spice World Jumbo Garlic bulb","0.99","0.0","Market Basket","2 count","2 count","27.jpg","","20"
"6529","Chips, Cookies & Snacks","Nuts, Seeds & Dried Fruit","Nuts, Seeds & Dried Fruit","Sunmaid","Sunmaid Mini Snacks","","Sunmaid Mini Snacks","2.49","0.0","Market Basket","6 oz","6 oz","No Image.jpg","","6"
"34969","Beverages & Juices","Juices & Refrigerated Drinks","Juice & Nectars","V8","V8 Energy Peach Mango","051000196255","V8 Energy Peach Mango","4.99","0.0","Market Basket","6 x 8 fl oz","6 x 8 fl oz","X3125.jpg","","10"
"4362","Meat & Seafood","Meat & Seafood Counter","Steak","Market Basket","Select First Cut Boneless Strip Steak","","Select First Cut Boneless Strip Steak","16.19","0.0","Market Basket","1 lb","1 lb","16675.jpg","","22"
"34157","Personal Care","Vitamins & Proteins","Protien Powders","Premier Protien ","Premier Protien Baananas & Cream","643843715023","Premier Protien Baananas & Cream","9.99","0.0","Market Basket","44 fl oz","44 fl oz","X5186.jpg","","3"
"425","Kitchen & Cleaning","Trash Bags & Liners","Regular Trash Bags","Glad","Glad Drawstring Trash Bags","","Glad Drawstring Trash Bags","9.19","1.0","Market Basket","28 count","28 count","4679.jpg","","12"
"34944","Beverages & Juices","Juices & Refrigerated Drinks","Refrigerated Drinks","Uncle Matt's","Uncle Matt's ORGANIC ORANGE JUICE","","Uncle Matt's ORGANIC ORANGE JUICE","7.49","0.0","Market Basket","52 fl oz","52 fl oz","X877.jpg","","1"
"4790","Meat & Seafood","Frozen Meat & Seafood","Frozen Shrimp","Market Basket","Market Basket Cooked Shrimp","","Market Basket Cooked Shrimp","10.99","0.0","Market Basket","16 oz","16 oz","Market Basket.jpg","","22"
"14342","Breakfast & Dairy","Tea & Coffee","Coffee","Boston's Best","Boston's Best Breakfast Blend Ground Gourmet Coffee","","Boston's Best Breakfast Blend Ground Gourmet Coffee","4.89","0.0","Market Basket","12 oz","12 oz","16293.jpg","","8"
"32398","Condiments & Dressings","Marinades, Ketchup & Sauces","Mustard Sauce","Kosciusko ","Kosciusko The Original Spicy Brown Mustard ","073060809296","Kosciusko The Original Spicy Brown Mustard ","1.24","0.0","Market Basket","20 oz","20 oz","X2152.jpg","","2"
"33637","Meat & Seafood","Packaged Meat & Seafood","Sausage","North Country ","North Country Vermont Cheddar Sausage ","","North Country Vermont Cheddar Sausage ","6.24","0.0","Market Basket","12 oz","12 oz","X4635.jpg","","1"
"5086","Chips, Cookies & Snacks","Cookies & Crackers","Cookies & Cakes","Mi-Del","Mi Del Gluten Free Crunchy Cookies Chocolate Chip","","Mi Del Gluten Free Crunchy Cookies Chocolate Chip","5.47","0.0","Market Basket","8 oz","8 oz","15076.jpg","","6"
"34763","Condiments & Dressings","Marinades, Ketchup & Sauces","Marinades & Meat Preparation","Sweet Baby Ray's","Sweet Baby Ray's Gourmet Sauce Dipping Sauce Ray's Secret Sauce A Mild Blend Of Horserdish And Spice ","013409516263","Sweet Baby Ray's Gourmet Sauce Dipping Sauce Ray's Secret Sauce A Mild Blend Of Horserdish And Spice ","2.49","0.0","Market Basket","28 oz","28 oz","X2062.jpg","","2"
"32522","Frozen Food","Frozen Dinners & Entrees","Frozen Meal","Lean Cuisine ","Lean Cuisine Parmesan Crusted Fish","013800446992","Lean Cuisine Parmesan Crusted Fish","3.13","0.0","Market Basket","9 oz","9 oz","X4243.jpg","","18"
"6958","Cooking Needs","Baking & Cooking","Doughs, Gelatins & Bake Mixes","Duncan Hines","Duncan Hines Signature Fudge Marble Cake Mix","","Duncan Hines Signature Fudge Marble Cake Mix","2.09","0.0","Market Basket","16.5 oz","16.5 oz","2097.jpg","","8"
"7874","Cooking Needs","Canned Food","Canned Meat & Seafood","Portofino","Portofino Yellowfin Tuna In Extra Virgin Olive Oil","","Portofino Yellowfin Tuna In Extra Virgin Olive Oil","1.29","0.0","Market Basket","4.5 oz","4.5 oz","17165.jpg","","2"
"34329","Condiments & Dressings","Marinades, Ketchup & Sauces","Marinades & Meat Preparation","Ray's ","Ray's No Sugar Added Original Barbecue Sauce ","013409517413","Ray's No Sugar Added Original Barbecue Sauce ","2.5","0.0","Market Basket","18 oz","18 oz","X2085.jpg","","2"
"4030","Fresh Produce","Fresh Vegetables","Tomato","Market Basket","Roma Plum Tomatoes","","Roma Plum Tomatoes","0.39","0.0","Market Basket","1 count","1 count","24.jpg","","20"
"34722","Condiments & Dressings","Marinades, Ketchup & Sauces","Mustard Sauce","Sun Luck ","Sun Luck Hot Chinese Style Mustard Paste ","071828011004","Sun Luck Hot Chinese Style Mustard Paste ","3.74","0.0","Market Basket","8 oz","8 oz","X2157.jpg","","2"
"8132","Cooking Needs","Canned Food","Soup, Broth & Bouillon","Swanson","Swanson Chicken Broth","","Swanson Chicken Broth","3.09","0.0","Market Basket","32 fl oz","32 fl oz","5393.jpg","","2"
"4667","Meat & Seafood","Canned Meat & Seafood","Canned Squid","Goya","Goya Squid Pieces, Premium, Jumbo, in Olive Oil","","Goya Squid Pieces, Premium, Jumbo, in Olive Oil","3.09","0.0","Market Basket","4 oz","4 oz","5224.jpg","","2"
"13371","Breakfast & Dairy","Dairy & Eggs","Cream","Market Basket","Market Basket Heavy Cream","","Market Basket Heavy Cream","4.89","0.0","Market Basket","32 fl oz","32 fl oz","Market Basket.jpg","","1"
"4101","Meat & Seafood","Meat & Seafood Counter","Beef","Market Basket","Market Basket New York Sirloin Sirloin Boneless Rump Tips","","Market Basket New York Sirloin Sirloin Boneless Rump Tips","10.39","0.0","Market Basket","Approx: 1.21 lb at $8.59/lb","Approx: 1.21 lb at $8.59/lb","Market Basket.jpg","","22"
"30890","Frozen Food","Frozen Pizza","Frozen Pizza","Chef Gusto","Chef Gusto Pepperani Mini Pizza Bangles ","664114952312","Chef Gusto Pepperani Mini Pizza Bangles ","6.24","0.0","Market Basket","31.1 oz","31.1 oz","X4846.jpg","","19"
"8060","Cooking Needs","Canned Food","Soup, Broth & Bouillon","Maruchan","Maruchan Hot & Spicy Picante Chicken Flavor Ramen Noodle Soup","","Maruchan Hot & Spicy Picante Chicken Flavor Ramen Noodle Soup","0.39","0.0","Market Basket","3 oz","3 oz","5324.jpg","","9"
"15122","Personal Care","Personal Needs","Facial Care","Pond's","Pond's Face Cream Dry Skin","","Pond's Face Cream Dry Skin","7.0","1.0","Market Basket","3.9 oz","3.9 oz","6277.jpg","","13"
"140","Kitchen & Cleaning","Cleaning Products","Other Cleaning Products","Butler Gum","Butler Gum Copper Mesh Scourers","","Butler Gum Copper Mesh Scourers","2.79","1.0","Market Basket","2 count","2 count","No Image.jpg","","15"
"6999","Cooking Needs","Baking & Cooking","Doughs, Gelatins & Bake Mixes","Krusteaz","Krusteaz Wild Blueberry Muffin Mix","","Krusteaz Wild Blueberry Muffin Mix","2.79","0.0","Market Basket","17.1 oz","17.1 oz","2115.jpg","","8"
"4044","Meat & Seafood","Meat & Seafood Counter","Beef","Market Basket","85% Lean Ground Beef","","85% Lean Ground Beef","5.99","0.0","Market Basket","1 lb","1 lb","16673.jpg","","22"
"3698","Fresh Produce","Fresh Fruits","Other Special fruits","Nutra Fig","Nutra Fig Calimyrna Figs","","Nutra Fig Calimyrna Figs","5.05","0.0","Market Basket","8 oz","8 oz","14277.jpg","","20"
"10227","Frozen Food","Ice Cream & Ice","Ice Cream & Ice","Stonyfield Organic","Stonyfield Organic Whole Milk Vanilla Fudge Swirl Frozen Yogurt","","Stonyfield Organic Whole Milk Vanilla Fudge Swirl Frozen Yogurt","3.69","0.0","Market Basket","1 pint","1 pint","16193.jpg","","21"
"33784","Condiments & Dressings","Pickled Goods & Olives","Pickled Goods & Olives","Paesana","Paesana Capote Capers","076050210201","Paesana Capote Capers","4.99","0.0","Market Basket","12 oz","12 oz","X2223.jpg","","2"
"30338","Pasta & Sauces","Raw Pasta","Raw Pasta","Barilla","Barilla Pasta Gemelli","076808506433","Barilla Pasta Gemelli","1.74","0.0","Market Basket","1 lb","1 lb","X1642.jpg","","4"
"12911","Breakfast & Dairy","Breads & Rolls","Croissant","Market Basket","Euro Classic Imports Chocolate Croissant","","Euro Classic Imports Chocolate Croissant","4.89","0.0","Market Basket","9.52 oz","9.52 oz","17048.jpg","","18"
"5198","Chips, Cookies & Snacks","Cookies & Crackers","Crackers","Milton's","Milton's Craft Bakers Gluten Free Baked Crackers Everything","","Milton's Craft Bakers Gluten Free Baked Crackers Everything","3.91","0.0","Market Basket","4.5 oz","4.5 oz","No Image.jpg","","6"
"8146","Cooking Needs","Canned Food","Soup, Broth & Bouillon","Wolfgang Puck","Wolfgang Puck Organic Hearty Garden Vegetable Soup","","Wolfgang Puck Organic Hearty Garden Vegetable Soup","3.49","0.0","Market Basket","14.5 oz","14.5 oz","17202.jpg","","2"
"10128","Frozen Food","Ice Cream & Ice","Ice Cream & Ice","Klondike","Klondike Ice Cream Sandwiches Mrs Fields","","Klondike Ice Cream Sandwiches Mrs Fields","4.09","0.0","Market Basket","4 count","4 count","17995.jpg","","21"
"5394","Chips, Cookies & Snacks","Cookies & Crackers","Crackers","Mary's Gone Crackers","Mary's Gone Crackers Super Seed Classic","","Mary's Gone Crackers Super Seed Classic","6.23","0.0","Market Basket","6.5 oz","6.5 oz","No Image.jpg","","6"
"3465","Fresh Produce","Fresh Fruits","Papaya","Market Basket","Papaya","","Papaya","1.64","0.0","Market Basket","1 count","1 count","f48.jpg","","20"
"15185","Personal Care","Personal Needs","Oral Hygiene","Crest","Crest Diamond Strong Mouthwash","","Crest Diamond Strong Mouthwash","7.69","1.0","Market Basket","16 fl oz","16 fl oz","18149.jpg","","13"
"3598","Fresh Produce","Fresh Vegetables","Cucumber","Market Basket","Baby Seedless Cucumbers","","Baby Seedless Cucumbers","2.86","0.0","Market Basket","14 oz","14 oz","14351.jpg","","20"
"15084","Personal Care","Personal Needs","Eye & Ear Care","Topcare","Topcare Health Sterile Multi-purpose Solution For Soft Contact Lenses","","Topcare Health Sterile Multi-purpose Solution For Soft Contact Lenses","3.44","1.0","Market Basket","4 oz","4 oz","6485.jpg","","13"
"32559","Condiments & Dressings","Pickled Goods & Olives","Pickled Goods & Olives","Levant ","Levant  Mditerranean Delicacies Stuffed Grape Leaves ","859215006129","Levant  Mditerranean Delicacies Stuffed Grape Leaves ","3.74","0.0","Market Basket","14.11 oz","14.11 oz","X2305.jpg","","2"
"4017","Fresh Produce","Fresh Vegetables","Sweet Potato","Market Basket","Sweet Potatoes","","Sweet Potatoes","4.24","0.0","Market Basket","3 lb bag","3 lb bag","FP140.jpg","","20"
"33120","Condiments & Dressings","Marinades, Ketchup & Sauces","Marinades & Meat Preparation","Market Basket ","Market Basket Classic Steak Sauce Bold And Spicy ","049705020951","Market Basket Classic Steak Sauce Bold And Spicy ","4.36","0.0","Market Basket","10 fl oz","10 fl oz","X2100.jpg","","2"
"34224","Breakfast & Dairy","Bars & Pastries","Chewy Bars","Quaker","Quaker Chewy Dipps Peanut Butter","030000311332","Quaker Chewy Dipps Peanut Butter","4.61","0.0","Market Basket","14 x 1.05 oz","14 x 1.05 oz","X3872.jpg","","5"
"6099","Beverages & Juices","Soft Drinks & Seltzers","Soft Drinks","Coca-Cola","Coca Cola Zero Sugar Box of Cans","","Coca Cola Zero Sugar Box of Cans","6.86","0.0","Market Basket","12 x 12 fl oz","12 x 12 fl oz","No Image.jpg","","17"
"31167","Frozen Food","Frozen Dinners & Entrees","Frozen Meal","Devour","Devour White Cheddar Mac & Cheese With Bacon","025155057051","Devour White Cheddar Mac & Cheese With Bacon","3.74","0.0","Market Basket","12 oz","12 oz","X4127.jpg","","18"
"14681","Personal Care","Body Wash, Soap & Hair Care","Body Sponge","Topcare","Topcare Net Body Sponge","","Topcare Net Body Sponge","1.48","1.0","Market Basket","1 count","1 count","17748.jpg","","15"
"6984","Cooking Needs","Baking & Cooking","Doughs, Gelatins & Bake Mixes","Jell-O","Jell o Sugar Free Fat Free Butterscotch Instant Pudding Mix","","Jell o Sugar Free Fat Free Butterscotch Instant Pudding Mix","1.09","0.0","Market Basket","1 oz","1 oz","2054.jpg","","8"
"3616","Fresh Produce","Fresh Vegetables","Eggplant","Market Basket","Japanese Eggplant (Approx: 2 CT)","","Japanese Eggplant (Approx: 2 CT)","3.55","0.0","Market Basket","1 pack","1 pack","FP110.jpg","","20"
"30407","Breakfast & Dairy","Pancake & Waffle Mix","Pancake & Waffle Mix","Betty Crocker","Bisquick Gluten Free Pancake and Baking Mix","016000277465","Bisquick Gluten Free Pancake and Baking Mix","5.36","0.0","Market Basket","16 oz","16 oz","X3163.jpg","","2"
"30092","Pasta & Sauces","Gluten Free Pasta","Raw Pasta","Ancient Harvest","Ancient Harvest Protien Organic Pasta Linguini Gluten Free","089125230004","Ancient Harvest Protien Organic Pasta Linguini Gluten Free","3.74","0.0","Market Basket","8 oz","8 oz","X1568.jpg","","4"
"34444","Frozen Food","Frozen Dinners & Entrees","Frozen Meal","Saffron Road","Saffron Road Chicken Pad Thai with Rice Noodles","857063002065","Saffron Road Chicken Pad Thai with Rice Noodles","4.99","0.0","Market Basket","10 oz","10 oz","X4174.jpg","","18"
"6939","Cooking Needs","Baking & Cooking","Doughs, Gelatins & Bake Mixes","Betty Crocker","Betty Crocker Milk Chocolate Brownie Mix Family Size","","Betty Crocker Milk Chocolate Brownie Mix Family Size","1.29","0.0","Market Basket","18.4 oz","18.4 oz","2074.jpg","","8"
"8753","Condiments & Dressings","Preserved Dips & Spreads","Preserved Dips & Salsa","Market Basket","Market Basket Medium Salsa","","Market Basket Medium Salsa","1.89","0.0","Market Basket","16 oz","16 oz","Market Basket.jpg","","1"
"30428","Frozen Food","Frozen Dinners & Entrees","Frozen Meal","Birds Eye","Birds Eye Veggie Made Riced Cauliflower","014500018175","Birds Eye Veggie Made Riced Cauliflower","3.74","0.0","Market Basket","9.2 oz","9.2 oz","X4063.jpg","","18"
"13922","Breakfast & Dairy","Dairy & Eggs","Soy & Lactose-Free Milk","Lactaid","Lactaid 100% Lactose Free Whole Milk","","Lactaid 100% Lactose Free Whole Milk","6.24","0.0","Market Basket","96 fl oz","96 fl oz","764.jpg","","1"
"34290","Beverages & Juices","Juices & Refrigerated Drinks","Juice & Nectars","R.W. Knudsen","R.W. Knudsen Organci Just Black Cherry Juice","074682103090","R.W. Knudsen Organci Just Black Cherry Juice","9.99","0.0","Market Basket","32 fl oz","32 fl oz","X2903.jpg","","10"
"8341","Condiments & Dressings","Fresh Dips & Tapenades","Salsa","San Pedro's","San Pedro's Salsa Mild","","San Pedro's Salsa Mild","3.09","0.0","Market Basket","16 oz","16 oz","17323.jpg","","21"
"5248","Chips, Cookies & Snacks","Chips & Fruit Snacks","Ready Popcorn","LATE JULY","LATE JULY Sea Salt Organic Popcorn","","LATE JULY Sea Salt Organic Popcorn","4.69","0.0","Market Basket","4.4 oz","4.4 oz","No Image.jpg","","0"
"7903","Cooking Needs","Canned Food","Soup, Broth & Bouillon","Alessi","Alessi Tuscan White Bean Soup Zuppa Toscana","","Alessi Tuscan White Bean Soup Zuppa Toscana","3.09","0.0","Market Basket","6 oz","6 oz","17236.jpg","","9"
"9782","Frozen Food","Frozen Produce","Frozen Produce","Birds Eye","Birds Eye Steamfresh Singles Sweet Peas","","Birds Eye Steamfresh Singles Sweet Peas","3.69","0.0","Market Basket","3.25 oz","3.25 oz","2437.jpg","","19"
"7014","Cooking Needs","Baking & Cooking","Doughs, Gelatins & Bake Mixes","Pillsbury","Pillsbury Funfetti Premium Cake Mix With Candy Bits","","Pillsbury Funfetti Premium Cake Mix With Candy Bits","1.74","0.0","Market Basket","15.25 oz","15.25 oz","2019.jpg","","8"
"30704","Breakfast & Dairy","Dairy & Eggs","Fruit Drink","Buddy Fruits","Buddy Fruits Blended Fruits All Natural Mango,Banana & Passion Og added Suger No preservatives ","","Buddy Fruits Blended Fruits All Natural Mango,Banana & Passion Og added Suger No preservatives ","2.5","0.0","Market Basket","12.8 oz","12.8 oz","X87.jpg","","1"
"4235","Meat & Seafood","Packaged Meat & Seafood","Ham","Market Basket","Ham","","Ham","7.69","0.0","Market Basket","1 lb","1 lb","Market Basket.jpg","","22"
"32962","Frozen Food","Frozen Pasta","Frozen Pasta","Market Basket","Market Basket Ravioli Cheese Ravioli","049705709979","Market Basket Ravioli Cheese Ravioli","3.74","0.0","Market Basket","30 oz","30 oz","X4327.jpg","","18"
"3753","Fresh Produce","Fresh Herbs","Mint","Infinite Herbs","Infinite Herbs Fresh Mint Herb","","Infinite Herbs Fresh Mint Herb","4.24","0.0","Market Basket","1 each","1 each","FP44.jpg","","20"
"9984","Frozen Food","Ice Cream & Ice","Ice Cream & Ice","Breyer's","Breyers Ice Cream Natural Vanilla","","Breyers Ice Cream Natural Vanilla","4.79","0.0","Market Basket","48 oz","48 oz","18003.jpg","","21"
"13847","Breakfast & Dairy","Dairy & Eggs","Refrigerated Pudding & Desserts","Snack Pack","Snack Pack Gel Strawberry","","Snack Pack Gel Strawberry","1.49","0.0","Market Basket","3.25 oz","3.25 oz","813.jpg","","8"
"6676","Beverages & Juices","Juices & Refrigerated Drinks","Refrigerated Drinks","Tropicana ","TWISTER fruit punch flavored drink with other natural flavors","","TWISTER fruit punch flavored drink with other natural flavors","1.88","0.0","Market Basket","59 fl oz","59 fl oz","X863.jpg","","1"
"10267","Frozen Food","Ice Cream & Ice","Ice Cream & Ice","Weight Watchers","Weight Watchers English Toffee Crunch Ice Cream Bar","","Weight Watchers English Toffee Crunch Ice Cream Bar","5.99","0.0","Market Basket","12 count","12 count","16094.jpg","","21"
"33442","Condiments & Dressings","Marinades, Ketchup & Sauces","Sauces","Nathan's","Nathan's Since 1916 Famous The Original Coney island Deli Style Mustard","041740994228","Nathan's Since 1916 Famous The Original Coney island Deli Style Mustard","7.86","0.0","Market Basket","1 lb","1 lb","X2145.jpg","","2"
"35193","Beverages & Juices","Juices & Refrigerated Drinks","Juice & Nectars","Yoohoo","Yoohoo Chocolate Peanut Butter","072350000498","Yoohoo Chocolate Peanut Butter","3.74","0.0","Market Basket","10 x 6.5 fl oz","10 x 6.5 fl oz","X3111.jpg","","10"
"14625","Breakfast & Dairy","Tea & Coffee","Tea","Traditional Medicinals","Traditional Medicinals Organic Ginger Caffeine Free Herbal Tea","","Traditional Medicinals Organic Ginger Caffeine Free Herbal Tea","4.89","0.0","Market Basket","16 count","16 count","3495.jpg","","8"
"6251","Beverages & Juices","Water","Water","Crystal Geyser","Crystal Geyser Natural Alpine Spring Water","","Crystal Geyser Natural Alpine Spring Water","3.13","0.0","Market Basket","24 x 16.9 fl oz","24 x 16.9 fl oz","16214.jpg","","11"
"34951","Chips, Cookies & Snacks","Candy & Chocolates","Candy & Chocolate","Unreal","Unreal Dark Chocolate Almond Butter Cups ","","Unreal Dark Chocolate Almond Butter Cups ","4.99","0.0","Market Basket","3.2 oz","3.2 oz","X880.jpg","","3"
"33413","Frozen Food","Frozen Breakfast","Frozen French Toast","Murry's ","Murry's French Toast Sticks Original ","073744010505","Murry's French Toast Sticks Original ","3.36","0.0","Market Basket","14 oz","14 oz","X5068.jpg","","19"
"32289","Frozen Food","Frozen Dinners & Entrees","Frozen Meal","Kid Cuisine","Kid Cuisine Catch A Wave Mac & Cheese","031000196073","Kid Cuisine Catch A Wave Mac & Cheese","2.5","0.0","Market Basket","10.6 oz","10.6 oz","X4147.jpg","","18"
"34800","Beverages & Juices","Tea, Coffee, Milk & Coconut Water","Tea","Teas Tea Organic ","Teas Tea Organic Unsweetened Pure and Smooth Green Tea","835143000019","Teas Tea Organic Unsweetened Pure and Smooth Green Tea","2.49","0.0","Market Basket","16.9 fl oz","16.9 fl oz","X2945.jpg","","10"
"14375","Breakfast & Dairy","Tea & Coffee","Coffee","Folgers ","Folgers Coffee, Medium Roast, Lively Colombian, K Cup Pods, Value Pack","","Folgers Coffee, Medium Roast, Lively Colombian, K Cup Pods, Value Pack","18.29","0.0","Market Basket","36 count","36 count","3340.jpg","","8"
"30635","Pasta & Sauces","Pasta Sauce","Pasta Sauce","Botticelli","Botticelli Premium Pasta Sauce Roasted Garlic","855019000356","Botticelli Premium Pasta Sauce Roasted Garlic","6.24","0.0","Market Basket","24 oz","24 oz","X1496.jpg","","4"
"30045","Meat & Seafood","Packaged Meat & Seafood","Meatballs","Alfresco ","Alfresco Chiken Meat Balls ","","Alfresco Chiken Meat Balls ","6.24","0.0","Market Basket","12 oz","12 oz","X4625.jpg","","1"
"10037","Frozen Food","Ice Cream & Ice","Ice Cream & Ice","Friendly's","Friendly's Premium Ice Cream Chocolate 'n Vanilla","","Friendly's Premium Ice Cream Chocolate 'n Vanilla","3.69","0.0","Market Basket","1.5 quart","1.5 quart","3047.jpg","","21"
"4624","Meat & Seafood","Canned Meat & Seafood","Other Meat","Spam","Spam Classic Canned Meat","","Spam Classic Canned Meat","3.19","0.0","Market Basket","340 g","340 g","17147.jpg","","2"
"30051","Meat & Seafood","Packaged Meat & Seafood","Sausage","Alfresco ","Alfresco Sweet Italian Style With Red And Green Pappers Chicken Sausage ","","Alfresco Sweet Italian Style With Red And Green Pappers Chicken Sausage ","6.24","0.0","Market Basket","11 oz","11 oz","X4628.jpg","","1"
"13948","Breakfast & Dairy","Dairy & Eggs","Specialty Cheeses","Market Basket","Le Gruyere Emmi Gruyere Cheese","","Le Gruyere Emmi Gruyere Cheese","18.29","0.0","Market Basket","1 per lb","1 per lb","17300.jpg","","1"
"7161","Cooking Needs","Oils & Vinegars","Oils & Vinegars","Pure Wesson","Pure Wesson Best Blend Oil","","Pure Wesson Best Blend Oil","4.29","0.0","Market Basket","48 fl oz","48 fl oz","1826.jpg","","2"
"33517","Breakfast & Dairy","Cereal","Cereal","Nature's Path","Nature's Path Orignal Whole O's Gluten Free","058449779032","Nature's Path Orignal Whole O's Gluten Free","4.99","0.0","Market Basket","11.5 oz","11.5 oz","X3689.jpg","","5"
"8323","Condiments & Dressings","Fresh Dips & Tapenades","Fresh Dips & Tapenades","Luisa's","Luisa's Black Bean Taco Layered Fiesta Dip","","Luisa's Black Bean Taco Layered Fiesta Dip","3.69","0.0","Market Basket","18.5 oz","18.5 oz","No Image.jpg","","1"
"6373","Beverages & Juices","Water","Sparkling Water","Polar","Polar Lime Sparkling Water","","Polar Lime Sparkling Water","1.24","0.0","Market Basket","1 L","1 L","No Image.jpg","","11"
"497","Laundry & Paper Goods","Laundry","Laundry Detergent","Tide","Tide Fresh Coral Blast Detergent 64 Loads","","Tide Fresh Coral Blast Detergent 64 Loads","14.99","1.0","Market Basket","92 fl oz","92 fl oz","No Image.jpg","","15"
"14640","Breakfast & Dairy","Tea & Coffee","Tea","Twinings","Twinings of London Earl Grey Black","","Twinings of London Earl Grey Black","7.39","0.0","Market Basket","50 count","50 count","3451.jpg","","8"
"35139","Condiments & Dressings","Salad Dressings & Toppings","Salad Dressing & Toppings","Wish Bone","Wish Bone Creamy French Dressing","041321006555","Wish Bone Creamy French Dressing","2.5","0.0","Market Basket","15 fl oz","15 fl oz","X910.jpg","","2"
"4341","Meat & Seafood","Meat & Seafood Counter","Salmon","Norwegian","Norwegian Salmon","","Norwegian Salmon","10.99","0.0","Market Basket","1 lb","1 lb","No Image.jpg","","22"
"13374","Breakfast & Dairy","Dairy & Eggs","Cream","Market Basket","Market Basket Light Cream","","Market Basket Light Cream","2.49","0.0","Market Basket","32 fl oz","32 fl oz","Market Basket.jpg","","1"
"33198","Frozen Food","Frozen Breakfast","Frozen Waffles","Market Basket ","Market Basket Chocolate Chip Waffles ","049705711477","Market Basket Chocolate Chip Waffles ","1.99","0.0","Market Basket","10.93 oz","10.93 oz","X5049.jpg","","19"
"30087","Frozen Food","Frozen Dinners & Entrees","Frozen Meal","Amy's ","Amy's Black Bean Burrito","042272000739","Amy's Black Bean Burrito","2.99","0.0","Market Basket","6 oz","6 oz","X4166.jpg","","18"
"10110","Frozen Food","Ice Cream & Ice","Ice Cream & Ice","Hood","Hood Red Sox Frozen Dairy Dessert Green Monster Mint","","Hood Red Sox Frozen Dairy Dessert Green Monster Mint","3.69","0.0","Market Basket","1.5 quart","1.5 quart","3109.jpg","","21"
"15045","Personal Care","Personal Needs","Deodorants","Secret","Secret Antiperspirant and Deodorant Soft Solid, Powder Protection","","Secret Antiperspirant and Deodorant Soft Solid, Powder Protection","9.88","1.0","Market Basket","1.6 oz","1.6 oz","18117.jpg","","13"
"5648","Chips, Cookies & Snacks","Candy & Chocolates","Mint & Gum","Extra","Extra Sweet Watermelon Sugarfree Gum","","Extra Sweet Watermelon Sugarfree Gum","3.09","0.0","Market Basket","3 ct","3 ct","1496.jpg","","3"
"6151","Beverages & Juices","Soft Drinks & Seltzers","Soft Drinks","Mountain Dew","Mountain Dew Original","","Mountain Dew Original","5.0","0.0","Market Basket","6 x 16.9 fl oz","6 x 16.9 fl oz","3957.jpg","","17"
"32455","Cooking Needs","Oils & Vinegars","Oils & Vinegars","La Spagnola ","La Spagnola Brand Authentic Canola Oil ","072071962105","La Spagnola Brand Authentic Canola Oil ","7.49","0.0","Market Basket","96 fl oz","96 fl oz","X1929.jpg","","2"
"34062","Breakfast & Dairy","Bars & Pastries","Pastries","Pop Tarts","Pop Tarts Frosted Blueberry","038000223020","Pop Tarts Frosted Blueberry","4.99","0.0","Market Basket","27 oz","27 oz","X3494.jpg","","5"
"32202","Breakfast & Dairy","Cereal","Cereal","Kellogg's ","Kellogg's Apple Jacks","038000198496","Kellogg's Apple Jacks","3.75","0.0","Market Basket","10.1 oz","10.1 oz","X3374.jpg","","5"
"7036","Cooking Needs","Baking & Cooking","Doughs, Gelatins & Bake Mixes","Royal","Royal Instant Pudding & Pie Filling","","Royal Instant Pudding & Pie Filling","0.49","0.0","Market Basket","1.85 oz","1.85 oz","No Image.jpg","","8"
"13646","Breakfast & Dairy","Dairy & Eggs","Packaged Cheese","Cabot Creamery","Cabot Creamery Light Vermont Sharp Cheddar Cheese","","Cabot Creamery Light Vermont Sharp Cheddar Cheese","2.69","0.0","Market Basket","8 oz","8 oz","143.jpg","","1"
"32073","Richardson's Farm Ice Cream","Cups, Cones & Bowls","Cones","Keebler","Keebler Waffle Cones ","030100120056","Keebler Waffle Cones ","3.13","0.0","Market Basket","5 oz","5 oz","X5109.jpg","","20"
"34690","Condiments & Dressings","Marinades, Ketchup & Sauces","Marinades & Meat Preparation","Stubb's","Stubb's Hatch Green Chile Anytime Savce Dip,Baste And Marinane ","734756002123","Stubb's Hatch Green Chile Anytime Savce Dip,Baste And Marinane ","4.36","0.0","Market Basket","12 oz","12 oz","X2025.jpg","","2"
"374","Kitchen & Cleaning","Food Storage & Kitchen Supplies","Utensils & Kitchen Supplies","Good Cook","Good Cook Whisk, 10 Inch","","Good Cook Whisk, 10 Inch","2.79","1.0","Market Basket","1 ct","1 ct","4473.jpg","","12"
"14524","Breakfast & Dairy","Tea & Coffee","Tea","Bigelow ","Bigelow Decaffeinated Classic Green Tea","","Bigelow Decaffeinated Classic Green Tea","2.49","0.0","Market Basket","20 count","20 count","3433.jpg","","8"
"8295","Condiments & Dressings","Fresh Dips & Tapenades","Fresh Dips & Tapenades","Cedar","Cedar Tzatziki Cucumber Garlic Dill","","Cedar Tzatziki Cucumber Garlic Dill","5.59","0.0","Market Basket","12 oz","12 oz","5500.jpg","","1"
"33171","Cooking Needs","Oils & Vinegars","Oils & Vinegars","Market Basket ","Market Basket Distilled White Vinegar ","","Market Basket Distilled White Vinegar ","0.61","0.0","Market Basket","16 fl oz","16 fl oz","X1791.jpg","","2"
"32950","Condiments & Dressings","Pickled Goods & Olives","Jalapeno","Market Basket","Market Basket Hot Jalapeno Slices ","049705019085 ","Market Basket Hot Jalapeno Slices ","1.49","0.0","Market Basket","12 fl oz","12 fl oz","X3254.jpg","","2"
"31060","Condiments & Dressings","Preserved Dips & Spreads","Spreads","Crosse & BlackWell","Crosse & BlackWell Genuine Major Gray's Chutney","","Crosse & BlackWell Genuine Major Gray's Chutney","4.99","0.0","Market Basket","9 oz","9 oz","X170.jpg","","3"
"33329","Cooking Needs","Oils & Vinegars","Oils & Vinegars","Monari Federzoni","Monari Federzoni 1912 Glaze With Balsamic Vinegar Of Monari Traditional Taste ","672642000429","Monari Federzoni 1912 Glaze With Balsamic Vinegar Of Monari Traditional Taste ","6.24","0.0","Market Basket","9.1 oz","9.1 oz","X1763.jpg","","2"
"13769","Breakfast & Dairy","Dairy & Eggs","Packaged Cheese","Market Basket","Market Basket Shredded Wisconsin Monterey Jack Cheese","","Market Basket Shredded Wisconsin Monterey Jack Cheese","2.48","0.0","Market Basket","8 oz","8 oz","Market Basket.jpg","","1"
"5411","Chips, Cookies & Snacks","Cookies & Crackers","Cookies & Cakes","Pepperidge Farm","Pepperidge Farm Mini Chocolate Chunk Dark Chocolate Cookies","","Pepperidge Farm Mini Chocolate Chunk Dark Chocolate Cookies","6.23","0.0","Market Basket","15.75 oz","15.75 oz","No Image.jpg","","6"
"31162","Meat & Seafood","Packaged Meat & Seafood","Hot Dogs & Franks","Deutschamcher ","Deutschamcher Frankfurters ","","Deutschamcher Frankfurters ","18.74","0.0","Market Basket","40 oz","40 oz","X4594.jpg","","1"
"183","Kitchen & Cleaning","Cleaning Products","Other Cleaning Products","Swiffer","Swiffer Dusters Dusting Kit (1 Handle, 5 Dusters)","","Swiffer Dusters Dusting Kit (1 Handle, 5 Dusters)","4.89","1.0","Market Basket","5 count","5 count","18050.jpg","","15"
"34084","Frozen Food","Frozen Dinners & Entrees","Frozen Appetizers & Sides","Poppy's ","Poppy's Pierogies Potato Sour Cream & Chive","814416001933","Poppy's Pierogies Potato Sour Cream & Chive","1.25","0.0","Market Basket","13 oz","13 oz","X4306.jpg","","18"
"32868","Breakfast & Dairy","Breads & Rolls","English Muffins","Market Basket","Market Basket 6 Original English Muffins","049705821374","Market Basket 6 Original English Muffins","1.74","0.0","Market Basket","12 oz","12 oz","X2397.jpg","","18"
"4627","Meat & Seafood","Canned Meat & Seafood","Canned Chicken","Willow Tree Poultry Farm","Willow Tree Poultry Farm Chicken Salad Premium White Meat Classic","","Willow Tree Poultry Farm Chicken Salad Premium White Meat Classic","6.09","0.0","Market Basket","15 oz","15 oz","17153.jpg","","22"
"7462","Cooking Needs","Canned Food","Canned & Jarred Vegetables","Green Giant","Green Giant SteamCrisp Super Sweet Yellow & White Whole Kernel Corn","","Green Giant SteamCrisp Super Sweet Yellow & White Whole Kernel Corn","1.89","0.0","Market Basket","11 oz","11 oz","5083.jpg","","9"
"3708","Fresh Produce","Fresh Fruits","Pineapple","Market Basket","Cored Pineapple","","Cored Pineapple","5.62","0.0","Market Basket","20 oz container","20 oz container","FP14.jpg","","20"
"4320","Meat & Seafood","Meat & Seafood Counter","Pork","Market Basket","Market Basket Pork Liver","","Market Basket Pork Liver","1.34","0.0","Market Basket","Approx: 0.90 lb at $1.49/lb","Approx: 0.90 lb at $1.49/lb","Market Basket.jpg","","22"
"4532","Meat & Seafood","Lunch Meat","Other Meat","Carando","Carando Dry Sausage","","Carando Dry Sausage","3.09","0.0","Market Basket","7 oz","7 oz","5458.jpg","","22"
"6273","Beverages & Juices","Water","Water","Glaceau","Glaceau Smart Water","","Glaceau Smart Water","1.24","0.0","Market Basket","33.8 fl oz","33.8 fl oz","No Image.jpg","","11"
"10038","Frozen Food","Ice Cream & Ice","Ice Cream & Ice","Friendly's","Friendly's Premium Ice Cream Chocolate Almond Chip","","Friendly's Premium Ice Cream Chocolate Almond Chip","3.69","0.0","Market Basket","1.5 quart","1.5 quart","3042.jpg","","21"
"15009","Personal Care","Personal Needs","Deodorants","Arrid","Arrid Aerosol Antiperspirant Deodorant Ultra Fresh","","Arrid Aerosol Antiperspirant Deodorant Ultra Fresh","6.2","1.0","Market Basket","6 oz","6 oz","17697.jpg","","13"
"34630","Breakfast & Dairy","Dairy & Eggs","Yogurt","Stonyfield","Stonyfield Organic Probiotic Yogurt Strawberry Whole milk ","","Stonyfield Organic Probiotic Yogurt Strawberry Whole milk ","4.99","0.0","Market Basket","32 oz","32 oz","X803.jpg","","1"
"34129","Beverages & Juices","Energy & Sports Drinks","Energy & Sports Drinks","Powerade","Powerade Sports Drink Grape 6 pack","049000045321","Powerade Sports Drink Grape 6 pack","3.74","0.0","Market Basket","6 x 12 fl oz","6 x 12 fl oz","X2710.jpg","","10"
"31583","Frozen Food","Frozen Dinners & Entrees","Frozen Appetizers & Sides","Gorton's ","Gorton's Fish Sticks Value 44 Pack","044400102704","Gorton's Fish Sticks Value 44 Pack","6.24","0.0","Market Basket","24.5 oz","24.5 oz","X4402.jpg","","18"
"34617","Beverages & Juices","Juices & Refrigerated Drinks","Refrigerated Drinks","STOK","STOK COLD BREW COFFEE CHOCOLATE BLACK BOLT & SMOOTH","","STOK COLD BREW COFFEE CHOCOLATE BLACK BOLT & SMOOTH","5.74","0.0","Market Basket","48 fl oz","48 fl oz","X790.jpg","","1"
"7445","Cooking Needs","Canned Food","Canned & Jarred Vegetables","Goya","Goya Green Pigeon Peas","","Goya Green Pigeon Peas","1.29","0.0","Market Basket","15 oz","15 oz","5057.jpg","","9"
"34189","Beverages & Juices","Tea, Coffee, Milk & Coconut Water","Tea","Pure Leaf","Pure Leaf Organic Black Tea ","01272000","Pure Leaf Organic Black Tea ","2.86","0.0","Market Basket","14 fl oz","14 fl oz","X2957.jpg","","10"
"4315","Meat & Seafood","Meat & Seafood Counter","Pork","Market Basket","Market Basket Center Cut Thin Pork Chops","","Market Basket Center Cut Thin Pork Chops","5.35","0.0","Market Basket","Approx: 1.38 lb at $3.89/lb","Approx: 1.38 lb at $3.89/lb","4037.jpg","","22"
"8449","Condiments & Dressings","Marinades, Ketchup & Sauces","Marinades & Meat Preparation","McCormick","McCormick Mild Taco Seasoning Mix","","McCormick Mild Taco Seasoning Mix","0.99","0.0","Market Basket","1.5 oz","1.5 oz","15561.jpg","","9"
"30364","Meat & Seafood","Packaged Meat & Seafood","Chicken","Bell & Evans","Bell & Evans Air Chilled All Natural Chicken Burgers","738985272289","Bell & Evans Air Chilled All Natural Chicken Burgers","8.74","0.0","Market Basket","16 oz","16 oz","X42.jpg","","1"
"31601","Frozen Food","Frozen Produce","Frozen Produce","Goya","Goya 10 Discos Annatto/Achiote","041331090612","Goya 10 Discos Annatto/Achiote","2.11","0.0","Market Basket","14 oz","14 oz","X4426.jpg","","18"
"8769","Condiments & Dressings","Preserved Dips & Spreads","Preserved Dips & Salsa","Newman's Own","Newman's Own Peach Salsa Medium Chunky","","Newman's Own Peach Salsa Medium Chunky","2.49","0.0","Market Basket","16 oz","16 oz","1992.jpg","","1"
"34304","Pasta & Sauces","Pasta Sauce","Pasta Sauce","Ragu","Ragu Old World Sytle Sauce Flavoured with Meat","036200014110","Ragu Old World Sytle Sauce Flavoured with Meat","3.74","0.0","Market Basket","45 oz","45 oz","X1455.jpg","","4"
"3459","Fresh Produce","Fresh Fruits","Melon","Market Basket","Honeydew Melons","","Honeydew Melons","5.49","0.0","Market Basket","1 each","1 each","f38.jpg","","20"
"3554","Fresh Produce","Fresh Vegetables","Bok Choy","Market Basket","Nayo Bok Choy","","Nayo Bok Choy","2.17","0.0","Market Basket","1 lb","1 lb","FP116.jpg","","20"
"30531","Breakfast & Dairy","Granola & Oats","Granola","Bob's Red Mill","Bob's Red Mill Honey Oat Granola ","039978002853","Bob's Red Mill Honey Oat Granola ","4.36","0.0","Market Basket","12 oz","12 oz","X5239.jpg","","3"
"373","Kitchen & Cleaning","Food Storage & Kitchen Supplies","Utensils & Kitchen Supplies","Good Cook","Good Cook Skewers, 11-3/4 in","","Good Cook Skewers, 11-3/4 in","3.69","1.0","Market Basket","100 count","100 count","4474.jpg","","12"
"30592","Cooking Needs","Baking & Cooking","Flour","Bob's Red Mill","Bob's Red Mill All-Purpose Baking Flour ","039978034526","Bob's Red Mill All-Purpose Baking Flour ","8.74","0.0","Market Basket","44 oz","44 oz","X5300.jpg","","3"
"32582","Chips, Cookies & Snacks","Candy & Chocolates","Candy & Chocolate","Lindt","Lindt Milk Chocolate Truffle Bars","","Lindt Milk Chocolate Truffle Bars","3.13","0.0","Market Basket","3.5 oz","3.5 oz","X478.jpg","","3"
"35010","Breakfast & Dairy","Breads & Rolls","English Muffins","Vermont Bread","Vermont Bread English Muffins 100% Whole Wheat","025911040310","Vermont Bread English Muffins 100% Whole Wheat","3.74","0.0","Market Basket","12 oz","12 oz","X2643.jpg","","18"
"35215","Breakfast & Dairy","Dairy & Eggs","Yogurt","Yoplait","Yoplait light Now More Fruit Harest Peach ","","Yoplait light Now More Fruit Harest Peach ","0.81","0.0","Market Basket","6 oz","6 oz","X949.jpg","","1"
"34164","Pasta & Sauces","Raw Pasta","Raw Pasta","Prince","Prince Pasta Thin Spaghetti","041129010020","Prince Pasta Thin Spaghetti","1.56","0.0","Market Basket","16 oz","16 oz","X1654.jpg","","4"
"5251","Chips, Cookies & Snacks","Chips & Fruit Snacks","Chips & Pretzels","LATE JULY","LATE JULY Nacho Chipotle Tortilla Chips","","LATE JULY Nacho Chipotle Tortilla Chips","4.67","0.0","Market Basket","5.5 oz","5.5 oz","No Image.jpg","","0"
"12959","Breakfast & Dairy","Breads & Rolls","Tortillas & Flat Bread","Cinco De Mayo","Cinco De Mayo Corn Tortillas","","Cinco De Mayo Corn Tortillas","1.49","0.0","Market Basket","2 lb","2 lb","No Image.jpg","","18"
"33418","Cooking Needs","Canned Food","Canned Fruit & Applesauce","Musselman's ","Musselman's Apple Sauce Cinnamon ","","Musselman's Apple Sauce Cinnamon ","3.74","0.0","Market Basket","48 oz","48 oz","X634.jpg","","3"
"32517","Frozen Food","Frozen Dinners & Entrees","Frozen Meal","Lean Cuisine ","Lean Cuisine Spice Market Chicken & Cauliflower","013800353986","Lean Cuisine Spice Market Chicken & Cauliflower","3.61","0.0","Market Basket","11 1/4 oz","11 1/4 oz","X4236.jpg","","18"
"32742","Frozen Food","Frozen Dessert","Frozen Dessert","Marie Callender's","Marie Callender's Meatless Be'f Pot Pie","021131507015","Marie Callender's Meatless Be'f Pot Pie","3.13","0.0","Market Basket","15 oz","15 oz","X4047.jpg","","18"
"3680","Fresh Produce","Fresh Fruits","Minneola","Market Basket","Minneola Tangelo Bag","","Minneola Tangelo Bag","5.62","0.0","Market Basket","3 lb bag","3 lb bag","14219.jpg","","20"
"284","Kitchen & Cleaning","Food Storage & Kitchen Supplies","Aluminium Foil","Reynolds","Reynolds Wrap Aluminum Foil Aluminum Foil","","Reynolds Wrap Aluminum Foil Aluminum Foil","9.79","1.0","Market Basket","200 sq ft","200 sq ft","16859.jpg","","12"
"8122","Cooking Needs","Canned Food","Soup, Broth & Bouillon","Progresso","Progresso Traditional, Chicken Noodle Soup","","Progresso Traditional, Chicken Noodle Soup","2.79","0.0","Market Basket","19 oz","19 oz","5251.jpg","","9"
"34230","Breakfast & Dairy","Cereal","Cereal","Quaker","Quaker Simply Granola Oats, Honey , Raisins & Almonds","030000067208","Quaker Simply Granola Oats, Honey , Raisins & Almonds","6.24","0.0","Market Basket","28 oz","28 oz","X3412.jpg","","5"
"488","Laundry & Paper Goods","Laundry","Laundry Detergent","Purex","Purex 4 in 1 Pacs Mountain Breeze 45 pack Laundry Detergent","","Purex 4 in 1 Pacs Mountain Breeze 45 pack Laundry Detergent","9.99","1.0","Market Basket","45 pack","45 pack","No Image.jpg","","15"
"3703","Fresh Produce","Fresh Fruits","Pear","Market Basket","Bosc Pear","","Bosc Pear","1.21","0.0","Market Basket","1 count","1 count","14206.jpg","","20"
"14470","Breakfast & Dairy","Tea & Coffee","Coffee","Pilon","Pilon Coffee, Ground, Espresso","","Pilon Coffee, Ground, Espresso","4.89","0.0","Market Basket","10 oz","10 oz","16294.jpg","","8"
"10490","Cooking Needs","Rice & Grains","Instant Rice","Goya","Goya Yellow Rice & Red Beans Seasoned","","Goya Yellow Rice & Red Beans Seasoned","2.49","0.0","Market Basket","8 oz","8 oz","5741.jpg","","7"
"30901","Breakfast & Dairy","Dairy & Eggs","Yogurt","Chobani","Chobani Blueberry Greek Yogurt With Maple Oatmeal ","","Chobani Blueberry Greek Yogurt With Maple Oatmeal ","1.25","0.0","Market Basket","5.3 oz","5.3 oz","X108.jpg","","1"
"13764","Breakfast & Dairy","Dairy & Eggs","Packaged Cheese","Market Basket","Market Basket Shredded Orange Cheddar Cheese","","Market Basket Shredded Orange Cheddar Cheese","2.48","0.0","Market Basket","8 oz","8 oz","Market Basket.jpg","","1"
"6139","Beverages & Juices","Soft Drinks & Seltzers","Soft Drinks","Market Basket","Market Basket Cola","","Market Basket Cola","0.63","0.0","Market Basket","20 fl oz","20 fl oz","Market Basket.jpg","","17"
"30372","Frozen Food","Frozen Dinners & Entrees","Frozen Meal","Benihana ","Benihana Yakisoba Steak","021000070725","Benihana Yakisoba Steak","4.99","0.0","Market Basket","10 oz","10 oz","X4097.jpg","","18"
"10015","Frozen Food","Ice Cream & Ice","Ice Cream & Ice","Edy's/dreyer's","Edy's/Dreyer's Neapolitan Light Ice Cream","","Edy's/Dreyer's Neapolitan Light Ice Cream","3.69","0.0","Market Basket","1.5 quart","1.5 quart","3035.jpg","","21"
"33820","Breakfast & Dairy","Dairy & Eggs","Parmesan Cheese","Pastene","Pastene Romano Grated Cheese","066086040309","Pastene Romano Grated Cheese","4.86","0.0","Market Basket","6 oz","6 oz","X1270.jpg","","4"
"30217","Breakfast & Dairy","Pancake & Waffle Mix","Pancake & Waffle Mix","Aunt Jemima","Aunt Jemima Original Pancake & Waffle Mix Mezcla Para Pancakes ","030000050408","Aunt Jemima Original Pancake & Waffle Mix Mezcla Para Pancakes ","3.13","0.0","Market Basket","32 oz","32 oz","X5313.jpg","","3"
"31706","Condiments & Dressings","Marinades, Ketchup & Sauces","Mayonnaise","Hellmann's ","Hellmann's Est 1913 Real Mayonnaise","","Hellmann's Est 1913 Real Mayonnaise","3.99","0.0","Market Basket","15 fl oz","15 fl oz","X1727.jpg","","2"
"14225","Breakfast & Dairy","Dairy & Eggs","Yogurt","So Delicious","So Delicious Dairy Free Coconut Milk Raspberry","","So Delicious Dairy Free Coconut Milk Raspberry","1.59","0.0","Market Basket","5.3 oz","5.3 oz","14665.jpg","","1"
"33626","Breakfast & Dairy","Dairy & Eggs","Yogurt","Noosa ","Noosa Key lime ","","Noosa Key lime ","2.5","0.0","Market Basket","8 oz","8 oz","X674.jpg","","1"
"34246","Breakfast & Dairy","Granola & Oats","Oats","Quaker","Quaker Orignal Oatmeal Instant Oatmeal","030000012109","Quaker Orignal Oatmeal Instant Oatmeal","3.13","0.0","Market Basket","12 x 0.98 oz","12 x 0.98 oz","X3583.jpg","","5"
"32780","Beverages & Juices","Juices & Refrigerated Drinks","Juice & Nectars","Market Basket","Market Basket Grape Juice 100% Juice from Concentrate","049705061053","Market Basket Grape Juice 100% Juice from Concentrate","3.74","0.0","Market Basket","64 fl oz","64 fl oz","X2882.jpg","","10"
"5511","Chips, Cookies & Snacks","Candy & Chocolates","Candy & Chocolate","M&M's","M&M's M&M Peanut Chocolate Candies","","M&M's M&M Peanut Chocolate Candies","3.69","0.0","Market Basket","12.6 oz","12.6 oz","1017.jpg","","3"
"528","Laundry & Paper Goods","Laundry","Laundry Detergent","Arm & Hammer","Arm & Hammer plus OXI CLEAN 5 in 1 power packs Laundry Detergent","","Arm & Hammer plus OXI CLEAN 5 in 1 power packs Laundry Detergent","9.99","1.0","Market Basket","40 packs","40 packs","No Image.jpg","","15"
"7324","Cooking Needs","Spices & Seasonings","Spices & Seasonings","McCormick","McCormick Hot Taco Seasoning Mix","","McCormick Hot Taco Seasoning Mix","1.89","0.0","Market Basket","1 oz","1 oz","2142.jpg","","9"
"12985","Breakfast & Dairy","Breads & Rolls","Tortillas & Flat Bread","Stonefire","Stonefire Authentic Flatbreads Naan Whole Grain 2 PK","","Stonefire Authentic Flatbreads Naan Whole Grain 2 PK","3.29","0.0","Market Basket","8.8 oz","8.8 oz","17031.jpg","","7"
"7107","Cooking Needs","Oils & Vinegars","Oils & Vinegars","Kernel Season's","Kernel Season's Movie Theater Butter","","Kernel Season's Movie Theater Butter","4.29","0.0","Market Basket","13.75 fl oz","13.75 fl oz","15497.jpg","","2"
"31990","Beverages & Juices","Juices & Refrigerated Drinks","Juice & Nectars","Juicy Juice","Juicy Juice Grape 100% Juice No Sugar Added","889497008221","Juicy Juice Grape 100% Juice No Sugar Added","3.74","0.0","Market Basket","64 fl oz","64 fl oz","X2868.jpg","","10"
"3745","Fresh Produce","Fresh Herbs","Chives","Uncle Vinny's","Uncle Vinny's Chives","","Uncle Vinny's Chives","4.7","0.0","Market Basket","0.75 oz","0.75 oz","94.jpg","","20"
"30450","Breakfast & Dairy","Cereal","Cereal","Bob's Red Mill","Bob's Red Mill 5 Grain Hot Cereal","039978111050","Bob's Red Mill 5 Grain Hot Cereal","3.11","0.0","Market Basket","16 oz","16 oz","X3672.jpg","","5"
"15150","Personal Care","Personal Needs","Oral Hygiene","Arm & Hammer","Arm & Hammer Advance White Extreme Whitening Toothpaste","","Arm & Hammer Advance White Extreme Whitening Toothpaste","4.93","1.0","Market Basket","4.3 oz","4.3 oz","6441.jpg","","13"
"9058","Condiments & Dressings","Preserved Dips & Spreads","Spreads","Smucker's","Smucker's Sugar Free Preserves Blueberry","","Smucker's Sugar Free Preserves Blueberry","2.99","0.0","Market Basket","12.75 oz","12.75 oz","1629.jpg","","3"
"32646","Breakfast & Dairy","Dairy & Eggs","Yogurt","Yo Crunch","M&M's Yo Crunch Milk Chocolate Chocolate Candies ","","M&M's Yo Crunch Milk Chocolate Chocolate Candies ","0.94","0.0","Market Basket","6 oz","6 oz","X494.jpg","","1"
"14550","Breakfast & Dairy","Tea & Coffee","Tea","Celestial Seasonings","Celestial Seasonings Herbal Tea Chamomile Caffeine Free","","Celestial Seasonings Herbal Tea Chamomile Caffeine Free","2.49","0.0","Market Basket","20 count","20 count","3478.jpg","","8"
"8767","Condiments & Dressings","Preserved Dips & Spreads","Preserved Dips & Salsa","Newman's Own","Newman's Own Medium Salsa Medium Chunky","","Newman's Own Medium Salsa Medium Chunky","2.49","0.0","Market Basket","16 oz","16 oz","1986.jpg","","0"
"31198","Condiments & Dressings","Marinades, Ketchup & Sauces","Sauce","Dragonfly","Dragonfly Premium Flavored Pyster Sauce","721557215210","Dragonfly Premium Flavored Pyster Sauce","3.36","0.0","Market Basket","16.90 fl oz","16.90 fl oz","X3225.jpg","","2"
"33350","Chips, Cookies & Snacks","Chips & Fruit Snacks","Fruit & Vegetable Snacks","Mott's ","Mott's Assorted Fruit","016000442627","Mott's Assorted Fruit","2.5","0.0","Market Basket","8 oz","8 oz","X5179.jpg","","19"
"31771","Breakfast & Dairy","Dairy & Eggs","Cottage Cheese","Hood","Hood LOWFAT Cottage Cheese Peaches ","","Hood LOWFAT Cottage Cheese Peaches ","1.61","0.0","Market Basket","5.3 oz","5.3 oz","X334.jpg","","1"
"14751","Personal Care","Body Wash, Soap & Hair Care","Hair Care","Herbal Essences","Herbal Essences Set Me Up Beautiful Bold Hold Hair Spray with Lily of The Valley Essences","","Herbal Essences Set Me Up Beautiful Bold Hold Hair Spray with Lily of The Valley Essences","5.39","1.0","Market Basket","8 fl oz","8 fl oz","6594.jpg","","13"
"8923","Condiments & Dressings","Salad Dressings & Toppings","Salad Dressing & Toppings","Marzetti","Marzetti Dressing Classic Ranch","","Marzetti Dressing Classic Ranch","3.39","0.0","Market Basket","15 fl oz","15 fl oz","15440.jpg","","2"
"4823","Chips, Cookies & Snacks","Chips & Fruit Snacks","Chips & Pretzels","Cape Cod","Cape Cod Potato Chips, Original Kettle Cooked Chips","","Cape Cod Potato Chips, Original Kettle Cooked Chips","5.92","0.0","Market Basket","8 oz","8 oz","920.jpg","","0"
"15237","Personal Care","Personal Needs","Oral Hygiene","Orajel","Orajel Maximum Toothache Relief Double Medicated","","Orajel Maximum Toothache Relief Double Medicated","9.88","1.0","Market Basket","0.42 oz","0.42 oz","17774.jpg","","13"
"14523","Breakfast & Dairy","Tea & Coffee","Tea","Bigelow ","Bigelow Cozy Chamomile Herbal Tea","","Bigelow Cozy Chamomile Herbal Tea","3.09","0.0","Market Basket","20 x 0.04 oz","20 x 0.04 oz","3413.jpg","","8"
"13348","Breakfast & Dairy","Dairy & Eggs","Cream","Hood","Hood Half & Half","","Hood Half & Half","1.69","0.0","Market Basket","16 fl oz","16 fl oz","572.jpg","","1"
"14635","Breakfast & Dairy","Tea & Coffee","Tea","Twinings","Twinings of London Black Tea Lady Grey","","Twinings of London Black Tea Lady Grey","3.69","0.0","Market Basket","20 count","20 count","3434.jpg","","8"
"34677","Cooking Needs","Baking & Cooking","Stuffing Mix","Stove Top ","Stove Top Stuffing Mix Lower SODIUM CHICKEN","","Stove Top Stuffing Mix Lower SODIUM CHICKEN","5.0","0.0","Market Basket","6 oz","6 oz","X808.jpg","","1"
"3516","Fresh Produce","Fresh Organic Vegetables","Potato","Market Basket","Organic Bag Red Potatoes","","Organic Bag Red Potatoes","4.94","0.0","Market Basket","3 lb","3 lb","f136.jpg","","20"
"35130","Condiments & Dressings","Salad Dressings & Toppings","Salad Dressing & Toppings","Wish Bone","Wish Bone Light Italian Dressing ","041321006753","Wish Bone Light Italian Dressing ","2.5","0.0","Market Basket","15 fl oz","15 fl oz","X901.jpg","","2"
"33208","Meat & Seafood","Packaged Meat & Seafood","Ham","Market Basket ","Market Basket Cooked Ham ","","Market Basket Cooked Ham ","4.99","0.0","Market Basket","16 oz","16 oz","X4517.jpg","","1"
"3930","Fresh Produce","Fresh Vegetables","Pepper","Market Basket","Jalapeno Pepper","","Jalapeno Pepper","1.48","0.0","Market Basket","1 lb bag","1 lb bag","14328.jpg","","20"
"7919","Cooking Needs","Canned Food","Soup, Broth & Bouillon","Better Than Bouillon","Superior Touch Lobster Base","","Superior Touch Lobster Base","4.89","0.0","Market Basket","8 oz","8 oz","17176.jpg","","2"
"30379","Pasta & Sauces","Pasta Sauce","Pasta Sauce","Bertolli","Bertolli Pasta Sauce Tomato and Basil","036200219317","Bertolli Pasta Sauce Tomato and Basil","3.13","0.0","Market Basket","24 oz","24 oz","X1510.jpg","","4"
"34681","Cooking Needs","Baking & Cooking","Stuffing Mix","Stove Top ","Stove Top TWIN PACK Stuffing Mix For TURKEY With REAL TURKEY BROTH","","Stove Top TWIN PACK Stuffing Mix For TURKEY With REAL TURKEY BROTH","4.36","0.0","Market Basket","12 oz","12 oz","X812.jpg","","1"
"30604","Beverages & Juices","Energy & Sports Drinks","Energy & Sports Drinks","Body Armor","Body Armor Super Drink Orange Mango 8 pack","858176002812","Body Armor Super Drink Orange Mango 8 pack","7.49","0.0","Market Basket","8 x 12 fl oz","8 x 12 fl oz","X2689.jpg","","10"
"43","Kitchen & Cleaning","Air Fresheners & Candles","Air Freshener","Glade","Glade Spray Powder Fresh Air Freshener","","Glade Spray Powder Fresh Air Freshener","1.49","1.0","Market Basket","8 fl oz","8 fl oz","4228.jpg","","15"
"5583","Chips, Cookies & Snacks","Candy & Chocolates","Candy & Chocolate","Sour Patch Kids","Sour Patch Kids Soft & Chewy Candy","","Sour Patch Kids Soft & Chewy Candy","7.48","0.0","Market Basket","28 oz","28 oz","14975.jpg","","3"
"33967","Breakfast & Dairy","Breads & Rolls","Bread","Pepperidge Farm","Pepperidge Farm Farmhouse Whole Grain White Bread","014100088226","Pepperidge Farm Farmhouse Whole Grain White Bread","4.99","0.0","Market Basket","24 oz","24 oz","X2534.jpg","","18"
"6101","Beverages & Juices","Soft Drinks & Seltzers","Soft Drinks","Coca-Cola","Coca Cola Caffeine Free Box of Cans","","Coca Cola Caffeine Free Box of Cans","6.86","0.0","Market Basket","12 x 12 fl oz","12 x 12 fl oz","No Image.jpg","","17"
"32348","Condiments & Dressings","Marinades, Ketchup & Sauces","Sauces","Knorr","Knorr Falafel Mix Mediterranean Style serving Suggestion","084685400041","Knorr Falafel Mix Mediterranean Style serving Suggestion","4.36","0.0","Market Basket","64 oz","64 oz","X2141.jpg","","2"
"32586","Chips, Cookies & Snacks","Candy & Chocolates","Candy & Chocolate","Lindt","Lindt Excellence 95% Cocoa Dark Chocolate Exquisitely Intense Cocoa Flavor","","Lindt Excellence 95% Cocoa Dark Chocolate Exquisitely Intense Cocoa Flavor","2.5","0.0","Market Basket","2.8 oz","2.8 oz","X482.jpg","","3"
"534","Laundry & Paper Goods","Laundry","Laundry Detergent","all","all stainlifters free clear 4 in 1 mighty pacs Laundry Detergent","","all stainlifters free clear 4 in 1 mighty pacs Laundry Detergent","10.61","1.0","Market Basket","39 pacs","39 pacs","No Image.jpg","","15"
"30719","Condiments & Dressings","Marinades, Ketchup & Sauces","Marinades & Meat Preparation","Bull's-Eye","Bull's-Eye B.B.Q  Sauce Original Try It Once And You'll agree it's a True Original","019582411104","Bull's-Eye B.B.Q  Sauce Original Try It Once And You'll agree it's a True Original","4.36","0.0","Market Basket","18 oz","18 oz","X2057.jpg","","2"
"34557","Beverages & Juices","Juices & Refrigerated Drinks","Juice & Nectars","Snapple","Snapple All Natural Snapple Apple","076183323282","Snapple All Natural Snapple Apple","2.49","0.0","Market Basket","16 fl oz","16 fl oz","X2983.jpg","","10"
"5140","Chips, Cookies & Snacks","Cookies & Crackers","Cookies & Cakes","Stauffer's","Stauffer's Animal Crackers Chocolate","","Stauffer's Animal Crackers Chocolate","2.64","0.0","Market Basket","14.5 oz","14.5 oz","15000.jpg","","6"
"7677","Cooking Needs","Canned Food","Canned Fruit & Applesauce","Scotch","Scotch Bonnet Peppers","","Scotch Bonnet Peppers","2.15","0.0","Market Basket","0.38 lb","0.38 lb","No Image.jpg","","3"
"4750","Meat & Seafood","Frozen Meat & Seafood","Chicken Products","Tyson","Tyson Grilled & Ready Fully Cooked Fajita Chicken Strips, Frozen","","Tyson Grilled & Ready Fully Cooked Fajita Chicken Strips, Frozen","8.59","0.0","Market Basket","22 oz","22 oz","17980.jpg","","18"
"34422","Condiments & Dressings","Salad Dressings & Toppings","Croutons","Rothbury Farms ","Rothbury Farms Cheese Garlic Crounots ","","Rothbury Farms Cheese Garlic Crounots ","1.49","0.0","Market Basket","5 oz","5 oz","X1755.jpg","","2"
"5263","Chips, Cookies & Snacks","Chips & Fruit Snacks","Chips & Pretzels","Eatsmart Snacks","Eatsmart Snacks Veggie Crisps 8 Snack Packs","","Eatsmart Snacks Veggie Crisps 8 Snack Packs","7.8","0.0","Market Basket","8 x 0.75 oz","8 x 0.75 oz","No Image.jpg","","0"
"5758","Breakfast & Dairy","Bars & Pastries","Protien Bars","Luna","Luna Caramel Walnut Brownie Whole Nutrition Bar","","Luna Caramel Walnut Brownie Whole Nutrition Bar","1.25","0.0","Market Basket","1.6 oz","1.6 oz","1295.jpg","","3"
"34127","Beverages & Juices","Energy & Sports Drinks","Energy & Sports Drinks","Powerade","Powerade Sports Drink Mountain Berry Blast 6 pack","049000003185","Powerade Sports Drink Mountain Berry Blast 6 pack","3.74","0.0","Market Basket","6 x 12 fl oz","6 x 12 fl oz","X2708.jpg","","10"
"8340","Condiments & Dressings","Fresh Dips & Tapenades","Fresh Dips & Tapenades","Sabra","Sabra Supremely Spicy Hummus","","Sabra Supremely Spicy Hummus","3.09","0.0","Market Basket","10 oz","10 oz","5549.jpg","","1"
"34429","Chips, Cookies & Snacks","Candy & Chocolates","Candy & Chocolate","Russell Stover ","Russell Stover Sugar Free Made With Stevia Extract Not a Low Calorie Food See Nutrition Facts For Fat & Saturated Fat Content Pecan Delight Cruncy Pecans&Chewy Craramel In Chocolate Candy ","","Russell Stover Sugar Free Made With Stevia Extract Not a Low Calorie Food See Nutrition Facts For Fat & Saturated Fat Content Pecan Delight Cruncy Pecans&Chewy Craramel In Chocolate Candy ","2.86","0.0","Market Basket","3 oz","3 oz","X751.jpg","","3"
"3687","Fresh Produce","Fresh Fruits","Orange","Market Basket","Navel Orange","","Navel Orange","1.25","0.0","Market Basket","1 count","1 count","14208.jpg","","20"
"14626","Breakfast & Dairy","Tea & Coffee","Tea","Traditional Medicinals","Traditional Medicinals Organic Green Tea Bags Peppermint","","Traditional Medicinals Organic Green Tea Bags Peppermint","4.89","0.0","Market Basket","16 x 0.85 oz","16 x 0.85 oz","3499.jpg","","8"
"30161","Meat & Seafood","Hot Dogs, Bacon & Sausage","Sausage","Applegate","Applegate Naturals Chicken and Apple Breakfast Sausage, 10 Sausages","025317006958","Applegate Naturals Chicken and Apple Breakfast Sausage, 10 Sausages","5.36","0.0","Market Basket","7 oz","7 oz","X27.jpg","","1"
"7974","Cooking Needs","Canned Food","Soup, Broth & Bouillon","Campbell's","Campbell's Condensed Healthy Request Tomato Soup","","Campbell's Condensed Healthy Request Tomato Soup","2.09","0.0","Market Basket","10.75 oz","10.75 oz","5298.jpg","","9"
"33780","Frozen Food","Frozen Dinners & Entrees","Frozen Meal","P.F.Chang's","P.F.Chang's Sichuan Style Orange Chicken","031000670740","P.F.Chang's Sichuan Style Orange Chicken","4.99","0.0","Market Basket","10.25 oz","10.25 oz","X4103.jpg","","18"
"32393","Beverages & Juices","Juices & Refrigerated Drinks","Juice & Nectars","Kool-Aid","Kool Aid Jammers Strawberry Orange Punch","043000065716","Kool Aid Jammers Strawberry Orange Punch","2.5","0.0","Market Basket","10 x 6 fl oz","10 x 6 fl oz","X3076.jpg","","10"
"34774","Condiments & Dressings","Marinades, Ketchup & Sauces","Marinades & Meat Preparation","Sweet Baby Ray's","Sweet Baby Rays Gourmet Sauces Hickory & Brown Sugar Barbecue Sauce ","013409351505","Sweet Baby Rays Gourmet Sauces Hickory & Brown Sugar Barbecue Sauce ","2.86","0.0","Market Basket","18 oz","18 oz","X2083.jpg","","2"
"6153","Beverages & Juices","Soft Drinks & Seltzers","Soft Drinks","Mountain Dew","Mountain Dew Code Red Cherry","","Mountain Dew Code Red Cherry","2.5","0.0","Market Basket","2 L","2 L","No Image.jpg","","17"
"9401","Frozen Food","Frozen Dinners & Entrees","Frozen Meal","Atkins","Atkins Meatloaf with Portobello Mushroom Gravy","637480090360","Atkins Meatloaf with Portobello Mushroom Gravy","4.36","0.0","Market Basket","9 oz","9 oz","X4183.jpg","","18"
"5189","Chips, Cookies & Snacks","Chips & Fruit Snacks","Chips & Pretzels","LATE JULY","LATE JULY Organic Sea Salt Potato Chips","","LATE JULY Organic Sea Salt Potato Chips","4.69","0.0","Market Basket","5 oz","5 oz","No Image.jpg","","0"
"7455","Cooking Needs","Canned Food","Canned & Jarred Vegetables","Goya","Goya Sliced Jalapeno Peppers, Green Pickled","","Goya Sliced Jalapeno Peppers, Green Pickled","1.69","0.0","Market Basket","11 oz","11 oz","5055.jpg","","9"
"34032","Cooking Needs","Canned Food","Canned Tomatoes","Pine Cone","Pine Cone Diced Tomatoes","860002954912","Pine Cone Diced Tomatoes","0.83","0.0","Market Basket","14.5 oz","14.5 oz","X1364.jpg","","4"
"34921","Breakfast & Dairy","Dairy & Eggs","Yogurt","Two Good","Two Good 2G Sugar Peach Flavored Greek Yogurt ","","Two Good 2G Sugar Peach Flavored Greek Yogurt ","1.25","0.0","Market Basket","5.3 oz","5.3 oz","X874.jpg","","1"
"35282","Richardson's Farm Ice Cream","Ice Cream","Rum based","Richarson's Farm","Richarson's Farm Frozen Pudding Ice Cream 16% Butterfat","","Rum based ice cream with raisins, pineapples, maraschino cherries, apples, and peaches (an old-fashioned favorite)","32.99","0.0","Richardson's Farm","3 Gal. Tub","3 Gal. Tub","RichardsonsFarm.jpg","",""
"5833","Breakfast & Dairy","Bars & Pastries","Protien Bars","thinkThin","Think Thin High Protein Bar, Gluten Free, Chocolate Fudge","","Think Thin High Protein Bar, Gluten Free, Chocolate Fudge","1.56","0.0","Market Basket","2.1 oz","2.1 oz","15232.jpg","","3"
"14769","Personal Care","Body Wash, Soap & Hair Care","Hair Care","Pantene","Pantene 2In1 Shampoo & Conditioner","","Pantene 2In1 Shampoo & Conditioner","6.66","1.0","Market Basket","12.6 fl oz","12.6 fl oz","6576.jpg","","13"
"33548","Breakfast & Dairy","Granola & Oats","Granola","Nature's Path ","Nature's Path Orignal Vanila Almond + Flax Granola","058449890256","Nature's Path Orignal Vanila Almond + Flax Granola","4.99","0.0","Market Basket","11.5 oz","11.5 oz","X3730.jpg","","5"
"4584","Meat & Seafood","Lunch Meat","Turkey","Deli","Deli Honey Turkey","","Deli Honey Turkey","5.49","0.0","Market Basket","0.59 lb","0.59 lb","No Image.jpg","","22"
"34293","Beverages & Juices","Juices & Refrigerated Drinks","Juice & Nectars","R.W. Knudsen","R.W. Knudsen Simply Nutritious Mega Antioxidant 100% Juice No Added Sugar","074682107555","R.W. Knudsen Simply Nutritious Mega Antioxidant 100% Juice No Added Sugar","4.99","0.0","Market Basket","32 fl oz","32 fl oz","X2906.jpg","","10"
"30172","Meat & Seafood","Hot Dogs, Bacon & Sausage","Salami","Applegate ","Applegate Organics Uncured Pappered Genoa Salami ","","Applegate Organics Uncured Pappered Genoa Salami ","4.99","0.0","Market Basket","4 oz","4 oz","X4481.jpg","","1"
"13750","Breakfast & Dairy","Dairy & Eggs","Packaged Cheese","Market Basket","Market Basket Muenster Cheese Slices","","Market Basket Muenster Cheese Slices","3.69","0.0","Market Basket","8 oz","8 oz","Market Basket.jpg","","1"
"5289","Chips, Cookies & Snacks","Chips & Fruit Snacks","Chips & Pretzels","Pringles","Pringles Variety Pack 6 Original 6 Sour Cream 6 Cheddar Cheese 18 Pack","","Pringles Variety Pack 6 Original 6 Sour Cream 6 Cheddar Cheese 18 Pack","10.92","0.0","Market Basket","12.9 oz","12.9 oz","No Image.jpg","","0"
"30181","Beverages & Juices","Tea, Coffee, Milk & Coconut Water","Tea","AriZona","AriZona Green Tea with GinSeng & Honey","613008725716","AriZona Green Tea with GinSeng & Honey","1.25","0.0","Market Basket","20 fl oz","20 fl oz","X3047.jpg","","10"
"30082","Frozen Food","Frozen Dinners & Entrees","Frozen Meal","Amy's ","Amy's Vegetable Lasagna","042272000326","Amy's Vegetable Lasagna","5.49","0.0","Market Basket","9.5 oz","9.5 oz","X4161.jpg","","18"
"34349","Cooking Needs","Oils & Vinegars","Cooking Wine","Reese","Reese Vintage Cooking Wine Sherry","","Reese Vintage Cooking Wine Sherry","3.0","0.0","Market Basket","12.7 oz","12.7 oz","X1777.jpg","","2"
"6361","Beverages & Juices","Soft Drinks & Seltzers","Seltzer","Polar","Polar Seltzer Lime","","Polar Seltzer Lime","3.74","0.0","Market Basket","6 x 16.9 fl oz","6 x 16.9 fl oz","3211.jpg","","11"
"6348","Beverages & Juices","Soft Drinks & Seltzers","Soft Drinks","Polar","Polar Cream Soda","","Polar Cream Soda","1.74","0.0","Market Basket","2 L","2 L","No Image.jpg","","17"
"5968","Beverages & Juices","Cocoa & Drink Mixes","Cocoa & Drink Mixes","Master of Mixes","Master of Mixes Handcrafted Margarita Mixer","","Master of Mixes Handcrafted Margarita Mixer","4.99","0.0","Market Basket","33.8 fl oz","33.8 fl oz","No Image.jpg","","17"
"535","Laundry & Paper Goods","Laundry","Laundry Detergent","all","all stainlifters fresh tropical mist detergent 26 Loads Laundry Detergent","","all stainlifters fresh tropical mist detergent 26 Loads Laundry Detergent","3.74","1.0","Market Basket","40 fl oz","40 fl oz","No Image.jpg","","15"
"4016","Fresh Produce","Fresh Vegetables","Sweet Potato","Market Basket","Sweet Potato Bag","","Sweet Potato Bag","2.17","0.0","Market Basket","1.5 lb bag","1.5 lb bag","14308.jpg","","20"
"30121","Condiments & Dressings","Salad Dressings & Toppings","Salad Dressing & Toppings","Annie's ","Annie's Lite Raspberry Vinaigrette","","Annie's Lite Raspberry Vinaigrette","4.36","0.0","Market Basket","8 fl oz","8 fl oz","X24.jpg","","2"
"33470","Breakfast & Dairy","Bars & Pastries","Granola Bars","Nature Valley ","Nature Valley Crunchy Granola Bars Oats N' Honey ","016000264601","Nature Valley Crunchy Granola Bars Oats N' Honey ","3.75","0.0","Market Basket","6 x 1.49 oz","6 x 1.49 oz","X3820.jpg","","5"
"9418","Frozen Food","Frozen Dinners & Entrees","Frozen Meal","Birds Eye","Birds Eye Garlic Chicken","","Birds Eye Garlic Chicken","4.89","0.0","Market Basket","21 oz","21 oz","2790.jpg","","18"
"35151","Condiments & Dressings","Marinades, Ketchup & Sauces","Sauces","Woeber's","Woeber's Sandwich Pal Since 1905 Hot & Spicy Mustard Whole Grain Stone Ground ","074680000803","Woeber's Sandwich Pal Since 1905 Hot & Spicy Mustard Whole Grain Stone Ground ","9.36","0.0","Market Basket","38 oz","38 oz","X2143.jpg","","2"
"5213","Chips, Cookies & Snacks","Cookies & Crackers","Crackers","Nonni's","Nonni's THINaddictives Pistachio Almond Thins","","Nonni's THINaddictives Pistachio Almond Thins","4.36","0.0","Market Basket","6 x 4.4 oz","6 x 4.4 oz","15107.jpg","","6"
"4196","Meat & Seafood","Packaged Meat & Seafood","Chicken Breast","Bell & Evans","Bell & Evans Boneless Skinless Chicken Breasts","","Bell & Evans Boneless Skinless Chicken Breasts","7.39","0.0","Market Basket","Approx: 2 lb","Approx: 2 lb","4122.jpg","","22"
"7259","Cooking Needs","Spices & Seasonings","Spices & Seasonings","McCormick","McCormick California Style Garlic Powder With Parsley Coarse Grind Blend","","McCormick California Style Garlic Powder With Parsley Coarse Grind Blend","3.69","0.0","Market Basket","3 oz","3 oz","15638.jpg","","9"
"8055","Cooking Needs","Canned Food","Soup, Broth & Bouillon","Market Basket","Market Basket Organic Chicken Bone Cooking Broth","","Market Basket Organic Chicken Bone Cooking Broth","4.89","0.0","Market Basket","1 ct","1 ct","Market Basket.jpg","","2"
"6299","Beverages & Juices","Water","Water","Poland Spring","Poland Spring Natural Spring Water","","Poland Spring Natural Spring Water","3.74","0.0","Market Basket","2.5 gal","2.5 gal","3228.jpg","","11"
"9933","Frozen Food","Frozen Dinners & Entrees","Frozen Vegan & Vegetarian","Tofurky","Tofurky Holiday Vegetarian Roast & Gravy","","Tofurky Holiday Vegetarian Roast & Gravy","11.59","0.0","Market Basket","37 oz","37 oz","2944.jpg","","N/A"
"35044","Beverages & Juices","Energy & Sports Drinks","Energy & Sports Drinks","Vitamin Water","Vitamin Water Zero Sugar XXX Acai Blueberry Pomegranate","786162003515","Vitamin Water Zero Sugar XXX Acai Blueberry Pomegranate","6.24","0.0","Market Basket","6 x 16.9 fl oz","6 x 16.9 fl oz","X2773.jpg","","10"
"489","Laundry & Paper Goods","Laundry","Laundry Detergent","Purex","Purex 4 in 1 Pacs Mountain Breeze 58 pack Laundry Detergent","","Purex 4 in 1 Pacs Mountain Breeze 58 pack Laundry Detergent","9.99","1.0","Market Basket","58 pack","58 pack","No Image.jpg","","15"
"32804","Chips, Cookies & Snacks","Candy & Chocolates","Candy & Chocolate","Market Basket","Market Basket JorDan Almonds ","","Market Basket JorDan Almonds ","3.75","0.0","Market Basket","10 oz","10 oz","X520.jpg","","3"
"32946","Cooking Needs","Canned Food","Tomato Sauce","Market Basket","Market Basket Select Tomato Sauce","049705036952","Market Basket Select Tomato Sauce","1.49","0.0","Market Basket","28 oz","28 oz","X1283.jpg","","4"
"9882","Frozen Food","Frozen Produce","Frozen Produce","Market Basket","Market Basket Quick And Steamy Sweet Corn","","Market Basket Quick And Steamy Sweet Corn","1.29","0.0","Market Basket","12 oz","12 oz","Market Basket.jpg","","19"
"3526","Fresh Produce","Fresh Vegetables","Asparagus","Market Basket","Asparagus","","Asparagus","6.31","0.0","Market Basket","1 bunch","1 bunch","14348.jpg","","20"
"32773","Beverages & Juices","Juices & Refrigerated Drinks","Juice & Nectars","Market Basket","Market Basket Light Grape Cranberry Juice Cocktail from Concentrate","049705057896","Market Basket Light Grape Cranberry Juice Cocktail from Concentrate","2.5","0.0","Market Basket","64 fl oz","64 fl oz","X2811.jpg","","10"
"15040","Personal Care","Personal Needs","Deodorants","Old Spice","Old Spice High Endurance Pure Sport Scent Deodorant for Men","","Old Spice High Endurance Pure Sport Scent Deodorant for Men","2.86","1.0","Market Basket","2.25 oz","2.25 oz","18118.jpg","","13"
"34564","Beverages & Juices","Tea, Coffee, Milk & Coconut Water","Tea","Snapple","Snapple All Natural Lemon Tea","076183323748","Snapple All Natural Lemon Tea","2.49","0.0","Market Basket","32 fl oz","32 fl oz","X2969.jpg","","10"
"32933","Breakfast & Dairy","Dairy & Eggs","Yogurt","Market Basket","Market Basket Plain Lowfat Yogurt ","","Market Basket Plain Lowfat Yogurt ","2.36","0.0","Market Basket","32 oz","32 oz","X571.jpg","","1"
"14768","Personal Care","Body Wash, Soap & Hair Care","Hair Care","Neutrogena","NeutrogenaÂ® T/Gel Therapeutic Shampoo Original Formula","","NeutrogenaÂ® T/Gel Therapeutic Shampoo Original Formula","8.84","1.0","Market Basket","4.4 fl oz","4.4 fl oz","17842.jpg","","13"
"4648","Meat & Seafood","Canned Meat & Seafood","Canned Tuna","Chicken of the Sea","Chicken of the Sea Chunk Light Tuna in Water To-Go Cups","","Chicken of the Sea Chunk Light Tuna in Water To-Go Cups","2.49","0.0","Market Basket","2 x 2.8 oz","2 x 2.8 oz","5218.jpg","","2"
"4886","Chips, Cookies & Snacks","Chips & Fruit Snacks","Chips & Pretzels","Market Basket","Market Basket Baked Ripple Potato Crisps","","Market Basket Baked Ripple Potato Crisps","3.91","0.0","Market Basket","9 oz","9 oz","Market Basket.jpg","","0"
"9795","Frozen Food","Frozen Produce","Frozen Produce","Cascadian Farm","Cascadian Farm Premium Organic Strawberries","","Cascadian Farm Premium Organic Strawberries","4.89","0.0","Market Basket","10 oz","10 oz","2482.jpg","","19"
"10118","Frozen Food","Ice Cream & Ice","Ice Cream & Ice","Kemps","Kemps Vanilla Frozen Yogurt","","Kemps Vanilla Frozen Yogurt","3.69","0.0","Market Basket","1.5 quart","1.5 quart","16197.jpg","","21"
"32469","Beverages & Juices","Juices & Refrigerated Drinks","Juice & Nectars","Langers","Langers Cranberry Raspberry Plus 100% Juice","041755008019","Langers Cranberry Raspberry Plus 100% Juice","3.13","0.0","Market Basket","64 fl oz","64 fl oz","X2800.jpg","","10"
"4677","Meat & Seafood","Canned Meat & Seafood","Canned Tuna","Pastene","Pastene Fancy Solid Light Tuna in Olive Oil","","Pastene Fancy Solid Light Tuna in Olive Oil","1.89","0.0","Market Basket","3 oz","3 oz","17160.jpg","","2"
"33532","Breakfast & Dairy","Granola & Oats","Granola","Nature's Path","Nature's Path Orignal Keto & Paleo Friendly Grain Free Granola Vanilla Poppy Seed","058449192060","Nature's Path Orignal Keto & Paleo Friendly Grain Free Granola Vanilla Poppy Seed","7.49","0.0","Market Basket","8 oz","8 oz","X3740.jpg","","5"
"30436","Frozen Food","Frozen Dessert","Frozen Dessert","Blake's","Blake's Chicken Pot Pie","017873705123","Blake's Chicken Pot Pie","3.74","0.0","Market Basket","8 oz","8 oz","X4110.jpg","","18"
"34714","Condiments & Dressings","Preserved Dips & Spreads","Spreads","Sun Butter ","Sun Butter Natural Sunflower Butter ","","Sun Butter Natural Sunflower Butter ","7.49","0.0","Market Basket","16 oz","16 oz","X818.jpg","","3"
"33209","Meat & Seafood","Packaged Meat & Seafood","Ham","Market Basket ","Market Basket Cooked Ham","","Market Basket Cooked Ham","3.74","0.0","Market Basket","10 oz","10 oz","X4529.jpg","","1"
"6711","Breakfast & Dairy","Bars & Pastries","Breakfast Bars","Glutino","Glutino Apple Cinnamon Gluten Free Oven Baked Bars","","Glutino Apple Cinnamon Gluten Free Oven Baked Bars","6.09","0.0","Market Basket","5 x 1.41 oz","5 x 1.41 oz","18108.jpg","","5"
"31723","Condiments & Dressings","Salad Dressings & Toppings","Dressing Mix","Hidden Valley","Hidden Valley The Original Ranch Dips Mix Thick & Creamy Dip Recipe ","","Hidden Valley The Original Ranch Dips Mix Thick & Creamy Dip Recipe ","1.99","0.0","Market Basket","1 oz","1 oz","X1745.jpg","","2"
"32457","Cooking Needs","Oils & Vinegars","Oils & Vinegars","La Spagnola ","La Spagnola Brand Authentic Vegetable And Olive Oils ","072071961207","La Spagnola Brand Authentic Vegetable And Olive Oils ","12.49","0.0","Market Basket","96 fl oz","96 fl oz","X1931.jpg","","2"
"33881","Condiments & Dressings","Pickled Goods & Olives","Pickled Goods & Olives","Pastene","Pastene Non-Preil Capers ","066086140801","Pastene Non-Preil Capers ","3.74","0.0","Market Basket","3.5 fl oz","3.5 fl oz","X2318.jpg","","2"
"34109","Breakfast & Dairy","Cereal","Cereal","Post ","Post Oats of Honey Bunches Cereal Vanilla","884912017864","Post Oats of Honey Bunches Cereal Vanilla","4.36","0.0","Market Basket","18 oz","18 oz","X3319.jpg","","5"
"34877","Breakfast & Dairy","Dairy & Eggs","Sour Cream","Tofutti","Tofutti MILK FREE NO BUTTERFAT Better Than SOUR CREAM","","Tofutti MILK FREE NO BUTTERFAT Better Than SOUR CREAM","2.49","0.0","Market Basket","12 oz","12 oz","X829.jpg","","1"
"32934","Breakfast & Dairy","Dairy & Eggs","Yogurt","Market Basket","Market Basket Vanilla Nonfat Yogurt ","","Market Basket Vanilla Nonfat Yogurt ","2.36","0.0","Market Basket","32 oz","32 oz","X572.jpg","","1"
"14487","Breakfast & Dairy","Tea & Coffee","Coffee","StarBucks","Starbucks Iced Coffee Medium Roast Coffee with Milk Sweetened","","Starbucks Iced Coffee Medium Roast Coffee with Milk Sweetened","7.39","0.0","Market Basket","4 x 11 oz","4 x 11 oz","3305.jpg","","8"
"14908","Personal Care","Feminine Care","Tampon","Tampax","Tampax Cardboard Applicator Tampons Super Plus Absorbency, Unscented","","Tampax Cardboard Applicator Tampons Super Plus Absorbency, Unscented","8.5","1.0","Market Basket","40 count","40 count","18158.jpg","","13"
"34445","Frozen Food","Frozen Dinners & Entrees","Frozen Meal","Saffron Road","Saffron Road Chicken Biryani with Basmati Rice","857063002041","Saffron Road Chicken Biryani with Basmati Rice","4.99","0.0","Market Basket","10 oz","10 oz","X4175.jpg","","18"
"4945","Chips, Cookies & Snacks","Chips & Fruit Snacks","Chips & Pretzels","Snyder's of Hanover","Snyder's of Hanover Pretzels, Olde Tyme Pretzels","","Snyder's of Hanover Pretzels, Olde Tyme Pretzels","3.91","0.0","Market Basket","16 oz","16 oz","896.jpg","","0"
"33115","Condiments & Dressings","Marinades, Ketchup & Sauces","Ketchup","Market Basket ","Maarket Basket Tomato Ketchup Gluten Free","049705039830","Maarket Basket Tomato Ketchup Gluten Free","2.99","0.0","Market Basket","12 oz","12 oz","X2132.jpg","","2"
"6026","Beverages & Juices","Energy & Sports Drinks","Energy & Sports Drinks","Red Bull","Red Bull The Blue Edition - Blueberry","","Red Bull The Blue Edition - Blueberry","9.36","0.0","Market Basket","4 x 8.4 fl oz","4 x 8.4 fl oz","3729.jpg","","17"
"35176","Condiments & Dressings","Marinades, Ketchup & Sauces","Marinades & Meat Preparation","World Harbors ","World Harbors Aulthentic Flavors Maui Mountain Teriyaki Sauce & Marinade Serving Suggestion","715364100081","World Harbors Aulthentic Flavors Maui Mountain Teriyaki Sauce & Marinade Serving Suggestion","3.13","0.0","Market Basket","16 fl oz","16 fl oz","X2049.jpg","","2"
"33045","Breakfast & Dairy","Bars & Pastries","Pastries","Market Basket ","Market Basket Toaster Pasteries Wild Berry ","049705010976","Market Basket Toaster Pasteries Wild Berry ","1.24","0.0","Market Basket","11 oz","11 oz","X3521.jpg","","5"
"13310","Breakfast & Dairy","Dairy & Eggs","Butter","Mini Babybel","Mini Babybel Light Semisoft Cheeses","","Mini Babybel Light Semisoft Cheeses","5.39","0.0","Market Basket","10 count","10 count","14766.jpg","","1"
"33588","Chips, Cookies & Snacks","Chips & Fruit Snacks","Popcorn","Newman's Own ","Newman's Own Tender White Microwave Popcorn","020662001306","Newman's Own Tender White Microwave Popcorn","2.5","0.0","Market Basket","9.60 oz","9.60 oz","X4943.jpg","","19"
"4942","Chips, Cookies & Snacks","Chips & Fruit Snacks","Chips & Pretzels","Snyder's of Hanover","Snyder's of Hanover Dipping Pretzel Sticks","","Snyder's of Hanover Dipping Pretzel Sticks","5.45","0.0","Market Basket","12 oz","12 oz","893.jpg","","0"
"31975","Richardson's Farm Ice Cream","Cups, Cones & Bowls","Cups","Joy ","Joy Ice cream Cups ","072092124124","Joy Ice cream Cups ","3.13","0.0","Market Basket","1.75 oz","1.75 oz","X5119.jpg","","20"
"5223","Chips, Cookies & Snacks","Cookies & Crackers","Crackers","Nabisco","Nabisco Wheat Thins Crackers, Multigrain","","Nabisco Wheat Thins Crackers, Multigrain","3.91","0.0","Market Basket","8.5 oz","8.5 oz","No Image.jpg","","6"
"32375","Cooking Needs","Rice & Grains","Rice/Pasta Sides","Knorr","Knorr Asian Sides Teriyaki Rice","041000022319","Knorr Asian Sides Teriyaki Rice","1.25","0.0","Market Basket","5.4 oz","5.4 oz","X1183.jpg","","4"
"12849","Breakfast & Dairy","Breads & Rolls","Quiche","Market Basket","Market Basket Quiche","","Market Basket Quiche","8.59","0.0","Market Basket","24 oz","24 oz","Market Basket.jpg","","0"
"6678","Beverages & Juices","Juices & Refrigerated Drinks","Refrigerated Drinks","Tropicana ","Tropicana Twister Peach Orchard Punch Flavored Drink","","Tropicana Twister Peach Orchard Punch Flavored Drink","2.69","0.0","Market Basket","59 fl oz","59 fl oz","3816.jpg","","1"
"34168","Pasta & Sauces","Raw Pasta","Raw Pasta","Prince","Prince Pasta Rotini","041129020487","Prince Pasta Rotini","1.56","0.0","Market Basket","16 oz","16 oz","X1658.jpg","","4"
"5475","Chips, Cookies & Snacks","Candy & Chocolates","Candy & Chocolate","Joy","Kinder Joy Candy, Carton","","Kinder Joy Candy, Carton","1.49","0.0","Market Basket","7 oz","7 oz","14918.jpg","","3"
"13870","Breakfast & Dairy","Dairy & Eggs","Soy & Lactose-Free","Blue Diamond Almond Breeze Almondmilk","Blue Diamond Almond Breeze Almondmilk Blue Diamond Almond Breeze Almond Coconut Blend Unsweetened Original","","Blue Diamond Almond Breeze Almondmilk Blue Diamond Almond Breeze Almond Coconut Blend Unsweetened Original","3.69","0.0","Market Basket","64 fl oz","64 fl oz","752.jpg","","1"
"8989","Condiments & Dressings","Preserved Dips & Spreads","Spreads","Jif","Jif Natural Low Sodium Creamy Peanut Butter Spread","","Jif Natural Low Sodium Creamy Peanut Butter Spread","7.39","0.0","Market Basket","40 Oz","40 Oz","1653.jpg","","3"
"4051","Meat & Seafood","Meat & Seafood Counter","Beef","Certified Angus Beef","Certified Angus Beef Sirloin Tip Steaks USDA Choice","","Certified Angus Beef Sirloin Tip Steaks USDA Choice","14.98","0.0","Market Basket","1 lb","1 lb","No Image.jpg","","22"
"8798","Condiments & Dressings","Salad Dressings & Toppings","Salad Dressing & Toppings","Cape Cod","Olde Cape Cod Light Marinade Dressing Raspberry Vinaigrette","","Olde Cape Cod Light Marinade Dressing Raspberry Vinaigrette","3.09","0.0","Market Basket","8 fl oz","8 fl oz","15428.jpg","","2"
"6484","Chips, Cookies & Snacks","Nuts, Seeds & Dried Fruit","Nuts, Seeds & Dried Fruit","Teddie Premium Selection","Teddie Premium Selection Honey Roasted Extra Large Virginia Peanuts","","Teddie Premium Selection Honey Roasted Extra Large Virginia Peanuts","3.13","0.0","Market Basket","9 oz","9 oz","No Image.jpg","","6"
"34806","Frozen Food","Frozen Dinners & Entrees","Frozen Appetizers & Sides","TGI Fridays","TGI Fridays Poppers Cheddar Cheese Stuffed Jalapenos","046704063323","TGI Fridays Poppers Cheddar Cheese Stuffed Jalapenos","8.74","0.0","Market Basket","32 oz","32 oz","X4836.jpg","","19"
"10218","Frozen Food","Ice Cream & Ice","Ice Cream & Ice","Skinny Cow","Skinny Cow Full on Fudge Low Fat Ice Cream Bars","","Skinny Cow Full on Fudge Low Fat Ice Cream Bars","4.29","0.0","Market Basket","6 count","6 count","16202.jpg","","21"
"508","Laundry & Paper Goods","Laundry","Laundry Detergent","Tide","Tide Pods Sport Odor Defense Laundry Detergent","","Tide Pods Sport Odor Defense Laundry Detergent","8.11","1.0","Market Basket","411 g","411 g","No Image.jpg","","15"
"31872","Pasta & Sauces","Pasta Sauce","Pasta Sauce","Hunts","Hunts Pasta Sauce Traditional","027000500064","Hunts Pasta Sauce Traditional","1.25","0.0","Market Basket","24 oz","24 oz","X1401.jpg","","4"
"32222","Personal Care","Vitamins & Proteins","Protien Drinks","Kellogg's ","Kellog's Special K Shake Rich Chocolate Cereal ","038000528910","Kellog's Special K Shake Rich Chocolate Cereal ","7.49","0.0","Market Basket","4 x 10  fl oz ","4 x 10  fl oz ","X3482.jpg","","5"
"31956","Chips, Cookies & Snacks","Chips & Fruit Snacks","Popcorn","Jolly Time ","Jolly Time Healthy Pop 100s Kettle Corn ","028190001416","Jolly Time Healthy Pop 100s Kettle Corn ","2.24","0.0","Market Basket","4.8 oz","4.8 oz","X4945.jpg","","19"
"6498","Chips, Cookies & Snacks","Nuts, Seeds & Dried Fruit","Nuts, Seeds & Dried Fruit","Kars","Kars Peanut Butter 'N Dark Chocolate","","Kars Peanut Butter 'N Dark Chocolate","3.75","0.0","Market Basket","12 oz","12 oz","No Image.jpg","","6"
"32618","Pasta & Sauces","Pasta Sauce","Pasta Sauce","Lucini","Lucini Organic Pasta Sauce Roasted Garlic Marinara","648505507237","Lucini Organic Pasta Sauce Roasted Garlic Marinara","8.74","0.0","Market Basket","25.5 oz","25.5 oz","X1516.jpg","","4"
"31295","Frozen Food","Frozen Dinners & Entrees","Frozen Appetizers & Sides","Fast Bites","Fast Bites Spicy Chicken Sandwich","071421106862","Fast Bites Spicy Chicken Sandwich","1.25","0.0","Market Basket","5 oz","5 oz","X3992.jpg","","18"
"33082","Breakfast & Dairy","Cereal","Cereal","Market Basket ","Market Basket Corn Biscuits ","049705105405","Market Basket Corn Biscuits ","3.13","0.0","Market Basket","12 oz","12 oz","X3393.jpg","","5"
"33433","Beverages & Juices","Juices & Refrigerated Drinks","Juice & Nectars","Nantucket Nectars","Nantucket Nectars Grapeade","726284000047","Nantucket Nectars Grapeade","1.86","0.0","Market Basket","16 fl oz","16 fl oz","X3019.jpg","","10"
"13520","Breakfast & Dairy","Dairy & Eggs","Milk","Ninho","Ninho Instant Dry Whole Milk","","Ninho Instant Dry Whole Milk","7.39","0.0","Market Basket","12.6 oz","12.6 oz","14740.jpg","","1"
"6967","Cooking Needs","Baking & Cooking","Doughs, Gelatins & Bake Mixes","Jell-O","Jell O Berry Blue Gelatin Mix","","Jell O Berry Blue Gelatin Mix","1.09","0.0","Market Basket","3 oz","3 oz","2055.jpg","","8"
"4226","Meat & Seafood","Packaged Meat & Seafood","Codfish","Cristobal","Cristobal Brand Salted Cod Chunks","","Cristobal Brand Salted Cod Chunks","6.89","0.0","Market Basket","16 oz","16 oz","4134.jpg","","22"
"30073","Cooking Needs","Baking & Cooking","Pizza Sauce","Amore","Amore Sun Dried Tomato Paste Vegan ","072248213047","Amore Sun Dried Tomato Paste Vegan ","5.61","0.0","Market Basket","2.8 oz","2.8 oz","X1305.jpg","","4"
"31413","Beverages & Juices","Energy & Sports Drinks","Energy & Sports Drinks","Gatorade","Gatorade Thirst Quencher Passion Fruit Maracuya","052000044539","Gatorade Thirst Quencher Passion Fruit Maracuya","1.25","0.0","Market Basket","32 fl oz","32 fl oz","X2660.jpg","","10"
"34154","Personal Care","Vitamins & Proteins","Protien Powders","Premier Protien ","Premier Protien Vanilla ","643843714514","Premier Protien Vanilla ","9.99","0.0","Market Basket","44 fl oz","44 fl oz","X5183.jpg","","3"
"4297","Meat & Seafood","Meat & Seafood Counter","Meatball & Meatloaf","Market Basket","Market Basket Smart Cuisine Meatloaf & Meatball Mix","","Market Basket Smart Cuisine Meatloaf & Meatball Mix","5.65","0.0","Market Basket","Approx: 1.03 lb at $5.49/lb","Approx: 1.03 lb at $5.49/lb","Market Basket.jpg","","22"
"31445","Breakfast & Dairy","Cereal","Cereal","General Mills","General Mills Basic 4 ","016000157644","General Mills Basic 4 ","4.99","0.0","Market Basket","19.8 oz","19.8 oz","X3422.jpg","","5"
"5505","Chips, Cookies & Snacks","Candy & Chocolates","Candy & Chocolate","M&M","M&m's Milk Chocolate Candy Sharing Size","","M&m's Milk Chocolate Candy Sharing Size","1.69","0.0","Market Basket","3.14 oz","3.14 oz","1004.jpg","","3"
"102","Kitchen & Cleaning","Cleaning Products","Bathroom Cleaner","Scrubbing Bubbles","Scrubbing Bubbles Bathroom Cleaner Foaming Bleach","","Scrubbing Bubbles Bathroom Cleaner Foaming Bleach","3.69","1.0","Market Basket","32 fl oz","32 fl oz","4291.jpg","","15"
"486","Laundry & Paper Goods","Laundry","Laundry Detergent","Purex","Purex 4 in 1 Pacs Mountain Breeze 22 pack Laundry Detergent","","Purex 4 in 1 Pacs Mountain Breeze 22 pack Laundry Detergent","5.61","1.0","Market Basket","22 pack","22 pack","No Image.jpg","","15"
"14920","Personal Care","Feminine Care","Tampon","U by Kotex","U by Kotex Security Tampons","","U by Kotex Security Tampons","4.47","1.0","Market Basket","18 count","18 count","17804.jpg","","13"
"7245","Cooking Needs","Spices & Seasonings","Spices & Seasonings","Market Basket","Market Basket Salt","","Market Basket Salt","0.59","0.0","Market Basket","28 oz","28 oz","Market Basket.jpg","","9"
"4119","Meat & Seafood","Meat & Seafood Counter","Chicken Breast","Market Basket","Chicken breast in Teriyaki Sauce","","Chicken breast in Teriyaki Sauce","4.89","0.0","Market Basket","1 lb","1 lb","Market Basket.jpg","","22"
"301","Kitchen & Cleaning","Food Storage & Kitchen Supplies","Multi Purpose Pans","Hefty","Hefty Ez Foil 13 1/4 in x 9 5/8 in x 2 3/4 in All Purpose Pan","","Hefty Ez Foil 13 1/4 in x 9 5/8 in x 2 3/4 in All Purpose Pan","4.89","1.0","Market Basket","1 count","1 count","4465.jpg","","12"
"5643","Chips, Cookies & Snacks","Candy & Chocolates","Mint & Gum","Extra","Extra Classic Bubble Sugarfree Gum","","Extra Classic Bubble Sugarfree Gum","3.09","0.0","Market Basket","3 x 15 ct","3 x 15 ct","1499.jpg","","3"
"30266","Frozen Food","Frozen Dinners & Entrees","Frozen Meal","Banquet","Banquet Mega Bowls, Chicken Fajita","031000126131","Banquet Mega Bowls, Chicken Fajita","3.13","0.0","Market Basket","14 oz","14 oz","X4030.jpg","","18"
"32132","Breakfast & Dairy","Cereal","Mini Cereal","Kellogg's ","Kellogg's Froosted Mini Wheats Orignal","038000219931","Kellogg's Froosted Mini Wheats Orignal","0.41","0.0","Market Basket","1.31 oz","1.31 oz","X3630.jpg","","5"
"4284","Meat & Seafood","Packaged Meat & Seafood","Turkey","Farm To Family","Farm To Family All Natural Ground Turkey Turkey","","Farm To Family All Natural Ground Turkey Turkey","4.09","0.0","Market Basket","16 oz","16 oz","16707.jpg","","22"
"35116","Frozen Food","Frozen Breakfast","Frozen Breakfast","Wicked Toisted ","Wicked Toisted 4 Fully Baked Pretzels ","654469519285","Wicked Toisted 4 Fully Baked Pretzels ","4.36","0.0","Market Basket","16 Oz","16 Oz","X5088.jpg","","19"
"30211","Condiments & Dressings","Marinades, Ketchup & Sauces","Sauce","Asian Fusion ","Asian Fusion Spicy Genral TSO","076050100021","Asian Fusion Spicy Genral TSO","4.99","0.0","Market Basket","15 oz","15 oz","X5321.jpg","","3"
"33896","Condiments & Dressings","Pickled Goods & Olives","Peppers","Pastene","Pastene Imported Since 1874 Fire Roasted Piquilo Peppers ","066086100577","Pastene Imported Since 1874 Fire Roasted Piquilo Peppers ","3.49","0.0","Market Basket","10.2 oz","10.2 oz","X2324.jpg","","2"
"35085","Beverages & Juices","Juices & Refrigerated Drinks","Juice & Nectars","Welch's","Welch's Fruit Punch","041800432004","Welch's Fruit Punch","1.74","0.0","Market Basket","16 fl oz","16 fl oz","X3148.jpg","","10"
"32068","Meat & Seafood","Packaged Meat & Seafood","Sausage","Kayem ","Kayem Sweet Sausage ","","Kayem Sweet Sausage ","4.99","0.0","Market Basket","12 oz","12 oz","X4642.jpg","","1"
"15060","Personal Care","Personal Needs","Deodorants","Suave","Suave Antiperspirant Deodorant Shower Fresh","","Suave Antiperspirant Deodorant Shower Fresh","2.86","1.0","Market Basket","2.6 oz","2.6 oz","18115.jpg","","13"
"7391","Cooking Needs","Spices & Seasonings","Spices & Seasonings","Spice Classics","Spice Classics Seasoning","","Spice Classics Seasoning","1.29","0.0","Market Basket","0.87 oz","0.87 oz","2258.jpg","","9"
"33048","Breakfast & Dairy","Bars & Pastries","Pastries","Market Basket ","Market Basket Toaster Pasteries Blueberry","049705010457","Market Basket Toaster Pasteries Blueberry","1.24","0.0","Market Basket","11 oz","11 oz","X3524.jpg","","5"
"4277","Meat & Seafood","Packaged Meat & Seafood","Tenderloin","Smithfield","Smithfield Slow Roasted Golden Rotisserrie Marinated Tenderloin","","Smithfield Slow Roasted Golden Rotisserrie Marinated Tenderloin","8.59","0.0","Market Basket","18.4 oz","18.4 oz","4077.jpg","","22"
"9881","Frozen Food","Frozen Produce","Frozen Produce","Market Basket","Market Basket Quick And Steamy Rice And Vegetables","","Market Basket Quick And Steamy Rice And Vegetables","1.29","0.0","Market Basket","12 oz","12 oz","Market Basket.jpg","","19"
"33397","Condiments & Dressings","Pickled Goods & Olives","Peppers","Mt. Olive","Mt.Olive Delicatessen Style Mild Banana Pepper Rings Since 1926","009300004053","Mt.Olive Delicatessen Style Mild Banana Pepper Rings Since 1926","3.74","0.0","Market Basket","32 fl oz","32 fl oz","X3264.jpg","","2"
"3727","Fresh Produce","Fresh Fruits","Strawberries","Market Basket","Bobalu Boxed Strawberries","","Bobalu Boxed Strawberries","6.23","0.0","Market Basket","1 lb container","1 lb container","14242.jpg","","20"
"31685","Meat & Seafood","Packaged Meat & Seafood","Hot Dogs & Franks","Hebrew National","Hebrew National Beef Knocwurst","","Hebrew National Beef Knocwurst","4.99","0.0","Market Basket","12 oz","12 oz","X4591.jpg","","1"
"6241","Beverages & Juices","Water","Tonic Water","Fever-Tree","Fever-Tree Premium Indian Tonic Water Low Calories","","Fever-Tree Premium Indian Tonic Water Low Calories","7.49","0.0","Market Basket","6.8 fl oz","6.8 fl oz","No Image.jpg","","11"
"14650","Breakfast & Dairy","Tea & Coffee","Tea","Yogi","Yogi DeTox Caffeine Free Herbal Tea","","Yogi DeTox Caffeine Free Herbal Tea","4.89","0.0","Market Basket","16 count","16 count","3506.jpg","","8"
"13866","Breakfast & Dairy","Dairy & Eggs","Soy & Lactose-Free","Blue Diamond Almond Breeze","Blue Diamond Almond Breeze Original Almondmilk","","Blue Diamond Almond Breeze Original Almondmilk","5.79","0.0","Market Basket","0.5 gal","0.5 gal","758.jpg","","1"
"4787","Meat & Seafood","Frozen Meat & Seafood","Frozen Fish (All)","Market Basket","Market Basket Bay Scallops","","Market Basket Bay Scallops","8.59","0.0","Market Basket","12 oz","12 oz","Market Basket.jpg","","18"
"5608","Chips, Cookies & Snacks","Candy & Chocolates","Candy & Chocolate","York","York Peppermint Patties","","York Peppermint Patties","4.59","0.0","Market Basket","1 lb","1 lb","1054.jpg","","3"
"13888","Breakfast & Dairy","Dairy & Eggs","Soy & Lactose-Free","Market Basket","Market Basket Almond Break All Natural Almondmilk","","Market Basket Almond Break All Natural Almondmilk","3.09","0.0","Market Basket","1 gal","1 gal","Market Basket.jpg","","1"
"9764","Frozen Food","Frozen Produce","Frozen Produce","Birds Eye","Birds Eye Chopped Spinach","","Birds Eye Chopped Spinach","1.49","0.0","Market Basket","10 oz","10 oz","2425.jpg","","19"
"8615","Condiments & Dressings","Pickled Goods & Olives","Pickled Goods & Olives","Goya","Goya Manzanilla Spanish Olives with Pimientos","","Goya Manzanilla Spanish Olives with Pimientos","2.49","0.0","Market Basket","6.75 oz","6.75 oz","1874.jpg","","7"
"31315","Breakfast & Dairy","Bars & Pastries","Protien Bars","Fiber One","Fiber One Protein Bars Peanut Butter & Chocolate","016000140912","Fiber One Protein Bars Peanut Butter & Chocolate","4.36","0.0","Market Basket","5 x 0.96 oz","5 x 0.96 oz","X3847.jpg","","5"
"7235","Cooking Needs","Spices & Seasonings","Spices & Seasonings","Litehouse","Litehouse Freeze Dried Cilantro","","Litehouse Freeze Dried Cilantro","4.09","0.0","Market Basket","0.35 oz","0.35 oz","2279.jpg","","9"
"13724","Breakfast & Dairy","Dairy & Eggs","Packaged Cheese","Market Basket","Market Basket American Singles Orange","","Market Basket American Singles Orange","2.39","0.0","Market Basket","12 oz","12 oz","Market Basket.jpg","","1"
"30633","Pasta & Sauces","Pasta Sauce","Pasta Sauce","Botticelli","Botticelli Premium Pasta Sauce Traditional","855019000172","Botticelli Premium Pasta Sauce Traditional","6.24","0.0","Market Basket","24 oz","24 oz","X1494.jpg","","4"
"31873","Pasta & Sauces","Pasta Sauce","Pasta Sauce","Hunts","Hunts Pasta Sauce Meat Flavoured","027000500088","Hunts Pasta Sauce Meat Flavoured","1.25","0.0","Market Basket","24 oz","24 oz","X1402.jpg","","4"
"4722","Meat & Seafood","Frozen Meat & Seafood","Ham","Kentucky Legend","Kentucky Legend Ham Steak, 45% Lower Sodium","","Kentucky Legend Ham Steak, 45% Lower Sodium","2.69","0.0","Market Basket","8 oz","8 oz","17981.jpg","","18"
"31992","Beverages & Juices","Juices & Refrigerated Drinks","Juice & Nectars","Juicy Juice","Juicy Juice Fruit Punch","889497521454","Juicy Juice Fruit Punch","3.13","0.0","Market Basket","8 x 6.75 fl oz","8 x 6.75 fl oz","X3078.jpg","","10"
"34993","Pasta & Sauces","Instant Pasta","Instant Pasta","Kraft","Kraft Liquid Gold Velveeta Shells & Cheese Original Shell Pasta & Creamy Cheese Sauce Made with Real Cheese & Milk","021000653201","Kraft Liquid Gold Velveeta Shells & Cheese Original Shell Pasta & Creamy Cheese Sauce Made with Real Cheese & Milk","6.86","0.0","Market Basket","24 oz","24 oz","X1186.jpg","","4"
"10308","Pasta & Sauces","Raw Pasta","Raw Pasta","Goya","Goya Angel Hair, Enriched","","Goya Angel Hair, Enriched","1.49","0.0","Market Basket","16 oz","16 oz","5610.jpg","","4"
"30774","Cooking Needs","Canned Food","Baked Beans","Campbell's","Campbell's Real Value of Over 100Years Pork & Beans ","","Campbell's Real Value of Over 100Years Pork & Beans ","0.86","0.0","Market Basket","11 oz","11 oz","X1806.jpg","","2"
"13886","Breakfast & Dairy","Dairy & Eggs","Soy & Lactose-Free","Market Basket","Market Basket 58% Vegetable Oil Butter Like Spread","","Market Basket 58% Vegetable Oil Butter Like Spread","1.69","0.0","Market Basket","15 oz","15 oz","Market Basket.jpg","","1"
"5347","Chips, Cookies & Snacks","Cookies & Crackers","Cookies & Cakes","belVita","belVita Golden Oat Breakfast Biscuits","","belVita Golden Oat Breakfast Biscuits","4.69","0.0","Market Basket","8.8 oz","8.8 oz","No Image.jpg","","6"
"14748","Personal Care","Body Wash, Soap & Hair Care","Hair Care","Herbal Essences","Herbal Essences Hello Hydration Conditioner Coconut Essences","","Herbal Essences Hello Hydration Conditioner Coconut Essences","4.82","1.0","Market Basket","10.1 fl oz","10.1 fl oz","6588.jpg","","13"
"31187","Meat & Seafood","Packaged Meat & Seafood","Burger","Don Lee Farms ","Don Lee Farms Organic Plant-Based Burger ","","Don Lee Farms Organic Plant-Based Burger ","5.86","0.0","Market Basket","8 oz","8 oz","X4713.jpg","","1"
"3714","Fresh Produce","Fresh Fruits","Raspberries","Market Basket","Raspberries","","Raspberries","4.93","0.0","Market Basket","6 oz container","6 oz container","14271.jpg","","20"
"33398","Condiments & Dressings","Pickled Goods & Olives","Pickles","Mt. Olive","Mt.Olive Munchies The Portable Pickle Kosher Petite Dills Made With Sea Salt ","009300005500","Mt.Olive Munchies The Portable Pickle Kosher Petite Dills Made With Sea Salt ","1.86","0.0","Market Basket","4.8 fl oz","4.8 fl oz","X3260.jpg","","2"
"7702","Cooking Needs","Canned Food","Canned Meals & Beans","Bush's Best","Bush's Best Great Northern Beans","","Bush's Best Great Northern Beans","1.09","0.0","Market Basket","15.8 oz","15.8 oz","5148.jpg","","2"
"15083","Personal Care","Personal Needs","Eye & Ear Care","Systane","Systane Long Lasting Lubricant Eye Drops","","Systane Long Lasting Lubricant Eye Drops","16.89","1.0","Market Basket","0.5 fl oz","0.5 fl oz","6483.jpg","","13"
"7712","Cooking Needs","Canned Food","Canned Meals & Beans","Bush's Best","Bush's Best Reduced Sodium Dark Red Kidney Beans","","Bush's Best Reduced Sodium Dark Red Kidney Beans","1.59","0.0","Market Basket","16 oz","16 oz","5149.jpg","","2"
"34853","Breakfast & Dairy","Breads & Rolls","Swirl Bread","Thomas","Thomas Swirl Cinnamon Raisin Bread","048121229030","Thomas Swirl Cinnamon Raisin Bread","3.74","0.0","Market Basket","1 lb","1 lb","X2595.jpg","","18"
"31415","Beverages & Juices","Energy & Sports Drinks","Energy & Sports Drinks","Gatorade","Gatorade Fierce Thirst Quencher Green Apple","052000104073","Gatorade Fierce Thirst Quencher Green Apple","1.25","0.0","Market Basket","32 fl oz","32 fl oz","X2662.jpg","","10"
"13033","Breakfast & Dairy","Cereal","Cereal","Honey Bunches","Honey Bunches Of Oats Crunchy Honey Roasted Cereal","","Honey Bunches Of Oats Crunchy Honey Roasted Cereal","4.89","0.0","Market Basket","27 oz","27 oz","17549.jpg","","5"
"8586","Condiments & Dressings","Pickled Goods & Olives","Pickled Goods & Olives","Ba-Tampte","Ba Tampte Half Sour Pickles","","Ba Tampte Half Sour Pickles","3.69","0.0","Market Basket","32 fl oz","32 fl oz","15532.jpg","","2"
"35302","Richardson's Farm Ice Cream","Ice Cream","Mint","Richarson's Farm","Richarson's Farm Mint Chocolate Chip Ice Cream 16% Butterfat","","Cool mint ice cream with chocolate chips and mint patties","7.99","0.0","Richardson's Farm","1-2 Gal. Container","1-2 Gal. Container","RichardsonsFarm.jpg","",""
"30077","Frozen Food","Frozen Dinners & Entrees","Frozen Meal","Amy's ","Amy's Tofu Scramble","042272000548","Amy's Tofu Scramble","5.49","0.0","Market Basket","9 oz","9 oz","X4156.jpg","","18"
"458","Laundry & Paper Goods","Laundry","Laundry Detergent","Sun","Sun Triple Clean clean&fresh 32 medium loads laundry detergent","","Sun Triple Clean clean&fresh 32 medium loads laundry detergent","2.49","1.0","Market Basket","45.4 fl oz","45.4 fl oz","No Image.jpg","","15"
"34331","Condiments & Dressings","Honey, Syrup & Nectars","Honey","Really Raw","Really Raw Honey","720054111124","Really Raw Honey","16.24","0.0","Market Basket","1 lb","1 lb","X3176.jpg","","2"
"7905","Cooking Needs","Canned Food","Soup, Broth & Bouillon","Amy's","Amy's Organic Low Fat Soups Split Pea","","Amy's Organic Low Fat Soups Split Pea","3.49","0.0","Market Basket","14.1 oz","14.1 oz","17234.jpg","","2"
"32231","Condiments & Dressings","Salad Dressings & Toppings","Salad Dressing & Toppings","Ken's Steak House","Ken's Seak House Italian Dressing & Marinade ","041335000839","Ken's Seak House Italian Dressing & Marinade ","4.36","0.0","Market Basket","24 fl oz","24 fl oz","X399.jpg","","2"
"3863","Fresh Produce","Fresh Vegetables","Hot Pepper","Market Basket","Serrano Peppers (Hot)","","Serrano Peppers (Hot)","3.29","0.0","Market Basket","1 lb","1 lb","f203.jpg","","20"
"32379","Breakfast & Dairy","Breads & Rolls","Buns","Koffee Kup Bakery","Koffee Kup Bakery New England Style Hot Dog Buns","074016016805","Koffee Kup Bakery New England Style Hot Dog Buns","3.74","0.0","Market Basket","12 oz","12 oz","X2580.jpg","","18"
"33204","Meat & Seafood","Packaged Meat & Seafood","Bacon","Market Basket ","Market Basket Thick Sliced Bacon","","Market Basket Thick Sliced Bacon","8.74","0.0","Market Basket","20 oz","20 oz","X4466.jpg","","1"
"32896","Breakfast & Dairy","Granola & Oats","Oats","Market Basket","Market Basket Quick Oats","049705113134","Market Basket Quick Oats","3.13","0.0","Market Basket","42 oz","42 oz","X3572.jpg","","5"
"31180","Chips, Cookies & Snacks","Candy & Chocolates","Candy & Chocolate","Divine ","Divine Chocolate Dark Chocolate With Raspberries","","Divine Chocolate Dark Chocolate With Raspberries","3.74","0.0","Market Basket","3 oz","3 oz","X227.jpg","","3"
"5843","Breakfast & Dairy","Bars & Pastries","Protien Bars","Zone Perfect","Zone Perfect Nutrition Bar Fudge Graham","","Zone Perfect Nutrition Bar Fudge Graham","1.56","0.0","Market Basket","1.76 oz","1.76 oz","1325.jpg","","3"
"10249","Frozen Food","Ice Cream & Ice","Ice Cream & Ice","Turkey Hill","Turkey Hill Light Recipe Moose Tracks Ice Cream","","Turkey Hill Light Recipe Moose Tracks Ice Cream","4.11","0.0","Market Basket","48 fl oz","48 fl oz","3124.jpg","","21"
"31199","Condiments & Dressings","Marinades, Ketchup & Sauces","Sauce","Dragonfly","Dragonfly Black Pepper Sauce Tuong Bo Luc Lac","721557216200","Dragonfly Black Pepper Sauce Tuong Bo Luc Lac","2.74","0.0","Market Basket","7 oz","7 oz","X3238.jpg","","2"
"5249","Chips, Cookies & Snacks","Chips & Fruit Snacks","Ready Popcorn","LATE JULY","LATE JULY Kettle Organic Popcorn","","LATE JULY Kettle Organic Popcorn","4.69","0.0","Market Basket","4.4 oz","4.4 oz","No Image.jpg","","0"
"494","Laundry & Paper Goods","Laundry","Laundry Detergent","Tide","Tide Simply Clean& Fresh Daybreak Fresh 22 Loads Laundry Detergent","","Tide Simply Clean& Fresh Daybreak Fresh 22 Loads Laundry Detergent","4.36","1.0","Market Basket","31 fl oz","31 fl oz","No Image.jpg","","15"
"31902","Breakfast & Dairy","Dairy & Eggs","Coffee Creamer","International Delight","DELICIOUS & Almond Joy  INTERNATIONAL Delight","","DELICIOUS & Almond Joy  INTERNATIONAL Delight","3.99","0.0","Market Basket","32 fl oz","32 fl oz","X370.jpg","","1"
"12847","Breakfast & Dairy","Breads & Rolls","Rolls","Market Basket","Market Basket Raspberry Cheese Sweet Rolls (4 Raspberry 4 Cheese )","","Market Basket Raspberry Cheese Sweet Rolls (4 Raspberry 4 Cheese )","3.69","0.0","Market Basket","22 oz","22 oz","Market Basket.jpg","","0"
"13810","Breakfast & Dairy","Dairy & Eggs","Packaged Cheese","The Laughing Cow","The Laughing Cow Creamy Swiss Original","","The Laughing Cow Creamy Swiss Original","3.09","0.0","Market Basket","8 x 0.75 oz","8 x 0.75 oz","14574.jpg","","1"
"10223","Frozen Food","Ice Cream & Ice","Ice Cream & Ice","So Delicious","So Delicious Dairy Free Cookie Dough Coconutmilk Non Dairy Frozen Dessert 1 pt. Tub","","So Delicious Dairy Free Cookie Dough Coconutmilk Non Dairy Frozen Dessert 1 pt. Tub","7.39","0.0","Market Basket","473 ml","473 ml","16170.jpg","","21"
"34356","Condiments & Dressings","Pickled Goods & Olives","Pickled Goods & Olives","Reese","Reese Maraschino Cherries With Stems The Finishing Touch on Desserts","070670008880","Reese Maraschino Cherries With Stems The Finishing Touch on Desserts","4.36","0.0","Market Basket","1 lb","1 lb","X2233.jpg","","2"
"14358","Breakfast & Dairy","Tea & Coffee","Coffee","Dunkin' Donuts","Dunkin' Donuts Medium Roast Dunkin' Decaf Ground Coffee","","Dunkin' Donuts Medium Roast Dunkin' Decaf Ground Coffee","8.59","0.0","Market Basket","12 oz","12 oz","3379.jpg","","8"
"32583","Chips, Cookies & Snacks","Candy & Chocolates","Candy & Chocolate","Lindt","Lindor 60% Cocoa Dark Chocolate Shell","","Lindor 60% Cocoa Dark Chocolate Shell","3.75","0.0","Market Basket","5.1 oz","5.1 oz","X479.jpg","","3"
"13420","Breakfast & Dairy","Dairy & Eggs","Eggs","Market Basket","Grade A Large Cage Free Eggs","","Grade A Large Cage Free Eggs","3.09","0.0","Market Basket","12 count","12 count","Market Basket.jpg","","1"
"33670","Beverages & Juices","Juices & Refrigerated Drinks","Juice & Nectars","Ocean Spray","Ocean Spray Cranberry Mango 100% Juice No sugar Added","031200034649","Ocean Spray Cranberry Mango 100% Juice No sugar Added","3.99","0.0","Market Basket","64 fl oz","64 fl oz","X2836.jpg","","10"
"30071","Cooking Needs","Baking & Cooking","Pizza Sauce","Amore","Amore Chilli Pepper Paste Vegan ","072248271542","Amore Chilli Pepper Paste Vegan ","4.38","0.0","Market Basket","3.2 oz","3.2 oz","X1303.jpg","","4"
"33161","Condiments & Dressings","Salad Dressings & Toppings","Salad Dressing & Toppings","Market Basket ","Market Basket Great on Sandwiches Thousand Island Dressing","049705015674","Market Basket Great on Sandwiches Thousand Island Dressing","2.24","0.0","Market Basket","16 fl oz","16 fl oz","X603.jpg","","2"
"33067","Breakfast & Dairy","Cereal","Cereal","Market Basket ","Market Basket Red Berries Healthy Mornings ","049705006863","Market Basket Red Berries Healthy Mornings ","3.13","0.0","Market Basket","11.2 oz","11.2 oz","X3334.jpg","","5"
"34917","Breakfast & Dairy","Dairy & Eggs","Yogurt","Two Good","Two Good 2G Sugar Plain  Flavored Greek Yogurt ","","Two Good 2G Sugar Plain  Flavored Greek Yogurt ","1.25","0.0","Market Basket","5.3 oz","5.3 oz","X870.jpg","","1"
"31250","Breakfast & Dairy","Bars & Pastries","Chewy Bars","Enjoy Life","Enjoy Life Soft Baked Chewy Bars Caramel Blondie","819597011258","Enjoy Life Soft Baked Chewy Bars Caramel Blondie","4.99","0.0","Market Basket","5 x 1.15 oz","5 x 1.15 oz","X3918.jpg","","5"
"31384","Beverages & Juices","Juices & Refrigerated Drinks","Juice & Nectars","Fruits of the Nile","Fruits of the Nile Mango Gourment Nectar","832770002003","Fruits of the Nile Mango Gourment Nectar","3.74","0.0","Market Basket","33.8 fl oz","33.8 fl oz","X2909.jpg","","10"
"10193","Frozen Food","Ice Cream & Ice","Ice Cream & Ice","Outshine","Outshine Pomegranate Fruit Bars","","Outshine Pomegranate Fruit Bars","4.29","0.0","Market Basket","6 count","6 count","3166.jpg","","21"
"34338","Frozen Food","Frozen Breakfast","Frozen Burrito","Red's","Red's Organic Bean, Rice and Cheddar Burrito","850416002255","Red's Organic Bean, Rice and Cheddar Burrito","2.08","0.0","Market Basket","5 oz","5 oz","X4816.jpg","","19"
"4533","Meat & Seafood","Lunch Meat","Other Meat","Columbus","Columbus Coppa, Dry","","Columbus Coppa, Dry","4.39","0.0","Market Basket","3 oz","3 oz","5424.jpg","","22"
"33037","Meat & Seafood","Packaged Meat & Seafood","Bacon","Market Basket","Market Basket Lower Sodium Genuin Hickory Smoked Sliced Bacon","","Market Basket Lower Sodium Genuin Hickory Smoked Sliced Bacon","6.24","0.0","Market Basket","16 oz","16 oz","X4447.jpg","","1"
"35018","Pasta & Sauces","Gluten Free Pasta","Pasta Sauce","Victoria","Victoria Premium Sauce Marinara Gluten Free","070234004150","Victoria Premium Sauce Marinara Gluten Free","5.61","0.0","Market Basket","24 oz","24 oz","X1523.jpg","","4"
"30834","Cooking Needs","Rice & Grains","Rice","Carolina ","Carolina Yellow Rice Seasoned Rice","017400106072","Carolina Yellow Rice Seasoned Rice","0.86","0.0","Market Basket","5 oz","5 oz","X1038.jpg","","4"
"9383","Frozen Food","Frozen Fruit & Juice","Frozen Juice","Mr & Mrs T","Mr & Mrs T Original Margarita Mix","","Mr & Mrs T Original Margarita Mix","3.99","0.0","Market Basket","1 L","1 L","17982.jpg","","17"
"33805","Chips, Cookies & Snacks","Candy & Chocolates","Candy & Chocolate","Panda ","Panda The Real Taste Of Licorice Since 1927 Made With Natural Ingredients Raspberry Licorice Naturally Flavored","","Panda The Real Taste Of Licorice Since 1927 Made With Natural Ingredients Raspberry Licorice Naturally Flavored","3.13","0.0","Market Basket","7 oz","7 oz","X719.jpg","","3"
"8080","Cooking Needs","Canned Food","Soup, Broth & Bouillon","Nongshim","Nongshim Bowl Noodle Soup Spicy Chicken","","Nongshim Bowl Noodle Soup Spicy Chicken","1.29","0.0","Market Basket","3.03 oz","3.03 oz","17190.jpg","","2"
"13800","Breakfast & Dairy","Dairy & Eggs","Packaged Cheese","Sargento","Sargento Sharp Natural Cheddar Cheese Ultra Thin Slices","","Sargento Sharp Natural Cheddar Cheese Ultra Thin Slices","4.29","0.0","Market Basket","18 x 0.38 oz","18 x 0.38 oz","162.jpg","","1"
"6452","Chips, Cookies & Snacks","Jerkies","Jerky","Bridgford","Bridgford Sweet 'N Spicy Beef Jerky","","Bridgford Sweet 'N Spicy Beef Jerky","6.24","0.0","Market Basket","3.25 oz","3.25 oz","No Image.jpg","","6"
"4832","Chips, Cookies & Snacks","Cookies & Crackers","Crackers","Cheez-It","Cheez It Baked Snack Cheese Crackers Reduced Fat Original","","Cheez It Baked Snack Cheese Crackers Reduced Fat Original","6.23","0.0","Market Basket","19 oz","19 oz","14900.jpg","","6"
"34176","Meat & Seafood","Packaged Meat & Seafood","Dumplings","Pulmuone","Pulmuone Korean-Inspired Chicken Dumpling ","","Pulmuone Korean-Inspired Chicken Dumpling ","4.99","0.0","Market Basket","8 oz","8 oz","X4662.jpg","","1"
"10216","Frozen Food","Ice Cream & Ice","Ice Cream & Ice","Richie's","Richie's Super Premium Italian Ice Blue Vanilla","","Richie's Super Premium Italian Ice Blue Vanilla","1.29","0.0","Market Basket","10 fl oz","10 fl oz","16139.jpg","","21"
"6335","Beverages & Juices","Soft Drinks & Seltzers","Seltzer","Polar","Polar Raspberry Lime Seltzer","","Polar Raspberry Lime Seltzer","1.24","0.0","Market Basket","2 L","2 L","No Image.jpg","","11"
"13020","Breakfast & Dairy","Cereal","Cereal","Cocoa Pebbles","Cocoa Pebbles Cereal","","Cocoa Pebbles Cereal","3.09","0.0","Market Basket","11 oz","11 oz","17581.jpg","","5"
"32919","Breakfast & Dairy","Dairy & Eggs","Yogurt","Market Basket","Market Basket Greek Nonfat Yogurt Mixed Berry","","Market Basket Greek Nonfat Yogurt Mixed Berry","3.75","0.0","Market Basket","5.3 oz","5.3 oz","X557.jpg","","1"
"5315","Chips, Cookies & Snacks","Cookies & Crackers","Cookies & Cakes","Oreo","Oreo Chocolate Marshmallow Cookies Family Size","","Oreo Chocolate Marshmallow Cookies Family Size","5.47","0.0","Market Basket","17 oz","17 oz","No Image.jpg","","6"
"32270","Condiments & Dressings","Salad Dressings & Toppings","Salad Dressing & Toppings","Ken's Steak House","Ken's Seak House Lite Caesar Dressing ","041335000617","Ken's Seak House Lite Caesar Dressing ","3.49","0.0","Market Basket","16 fl oz","16 fl oz","X438.jpg","","2"
"15221","Personal Care","Personal Needs","Oral Hygiene","Market Basket","Market Basket Antiseptic Fresh Mint Mouth Rinse","","Market Basket Antiseptic Fresh Mint Mouth Rinse","2.29","1.0","Market Basket","16.9 fl oz","16.9 fl oz","Market Basket.jpg","","13"
"33119","Condiments & Dressings","Marinades, Ketchup & Sauces","Marinades & Meat Preparation","Market Basket ","Market Basket Worcestershire Sauce ","049705020975","Market Basket Worcestershire Sauce ","1.88","0.0","Market Basket","18 oz","18 oz","X2095.jpg","","2"
"33076","Breakfast & Dairy","Cereal","Cereal","Market Basket ","Market Basket Rice Biscuit ","049705105351","Market Basket Rice Biscuit ","3.13","0.0","Market Basket","12 oz","12 oz","X3387.jpg","","5"
"34560","Beverages & Juices","Juices & Refrigerated Drinks","Juice & Nectars","Snapple","Snapple All Natural Snapple Apple","","Snapple All Natural Snapple Apple","7.49","0.0","Market Basket","12 x 16 fl oz","12 x 16 fl oz","X2991.jpg","","10"
"33545","Breakfast & Dairy","Cereal","Cereal","Nature's Path ","Nature's Path Orignal Qia Superfood Honey Chia Superflakes ","058449161080","Nature's Path Orignal Qia Superfood Honey Chia Superflakes ","4.99","0.0","Market Basket","10 oz","10 oz","X3703.jpg","","5"
"13694","Breakfast & Dairy","Dairy & Eggs","Packaged Cheese","High Valley Farm","High Valley Farm Medium Cheddar Cheese Block","","High Valley Farm Medium Cheddar Cheese Block","3.09","0.0","Market Basket","10 oz","10 oz","Market Basket.jpg","","1"
"13911","Breakfast & Dairy","Dairy & Eggs","Soy & Lactose-Free","So Delicious","So Delicious Dairy Free Coconutmilk Coffee Creamer Original","","So Delicious Dairy Free Coconutmilk Coffee Creamer Original","2.39","0.0","Market Basket","16 oz","16 oz","740.jpg","","1"
"3615","Fresh Produce","Fresh Vegetables","Eggplant","Market Basket","Indian Eggplant Pack","","Indian Eggplant Pack","4.93","0.0","Market Basket","1 pack","1 pack","FP75.jpg","","20"
"9160","Frozen Food","Frozen Dinners & Entrees","Frozen Appetizers & Sides","McCain","McCain Seasoned Crinkle Potato Fries","","McCain Seasoned Crinkle Potato Fries","2.49","0.0","Market Basket","26 oz","26 oz","2582.jpg","","19"
"32079","Breakfast & Dairy","Bars & Pastries","Breakfast Bars","Kellogg's ","Kellogg's NutriGrain Soft Baked Breakfast Bars Strawberry","038000359002","Kellogg's NutriGrain Soft Baked Breakfast Bars Strawberry","3.75","0.0","Market Basket","8 x 1.3 oz","8 x 1.3 oz","X3934.jpg","","5"
"15325","Personal Care","Vitamins & Proteins","Vitamins & Supplements","Nature Made","Nature Made Biotin 2500 mcg Softgels","","Nature Made Biotin 2500 mcg Softgels","9.3","1.0","Market Basket","90 count","90 count","18189.jpg","","13"
"14960","Personal Care","First Aid & Healthcare","First Aid","Gold Bond","Gold Bond Anti-Itch Cream Rapid Relief Maximum Strength","","Gold Bond Anti-Itch Cream Rapid Relief Maximum Strength","5.62","1.0","Market Basket","1 oz","1 oz","6542.jpg","","13"
"9419","Frozen Food","Frozen Dinners & Entrees","Frozen Meal","Birds Eye","Birds Eye Steamfresh Chef's Favorites Lightly Seasoned Asian Medley","","Birds Eye Steamfresh Chef's Favorites Lightly Seasoned Asian Medley","2.09","0.0","Market Basket","12 oz","12 oz","15926.jpg","","19"
"30821","Condiments & Dressings","Salad Dressings & Toppings","Salad Dressing & Toppings","Cardini's","Cardini's Caesar Dressing Three Cheese Caesar ","","Cardini's Caesar Dressing Three Cheese Caesar ","3.25","0.0","Market Basket","12 fl oz","12 fl oz","X97.jpg","","2"
"10124","Frozen Food","Ice Cream & Ice","Ice Cream & Ice","Klondike","Klondike Ice Cream Bars Mint Chocolate Chip","","Klondike Ice Cream Bars Mint Chocolate Chip","4.09","0.0","Market Basket","6 count","6 count","18016.jpg","","21"
"30678","Condiments & Dressings","Salad Dressings & Toppings","Salad Dressing & Toppings","Briannas ","Briannas Organic Red Wine Vinaigette Dressing ","","Briannas Organic Red Wine Vinaigette Dressing ","6.24","0.0","Market Basket","12 fl oz","12 fl oz","X78.jpg","","2"
"33684","Beverages & Juices","Juices & Refrigerated Drinks","Juice & Nectars","Ocean Spray","Ocean Spray Original Cranberry Juice Cocktail 6 pack","031200027887","Ocean Spray Original Cranberry Juice Cocktail 6 pack","4.61","0.0","Market Basket","6 x 5.5 fl oz","6 x 5.5 fl oz","X2850.jpg","","10"
"6645","Beverages & Juices","Juices & Refrigerated Drinks","Refrigerated Drinks","Odwalla","Odwalla Superfood Fruit Smoothie Original Superfood","","Odwalla Superfood Fruit Smoothie Original Superfood","3.69","0.0","Market Basket","12 fl oz","12 fl oz","3802.jpg","","20"
"9164","Frozen Food","Frozen Dinners & Entrees","Frozen Appetizers & Sides","McCain","McCain Steak Fries Steak Cut Potatoes","","McCain Steak Fries Steak Cut Potatoes","2.49","0.0","Market Basket","28 oz","28 oz","2583.jpg","","18"
"5155","Chips, Cookies & Snacks","Cookies & Crackers","Crackers","Blue Diamond","Blue Diamond Nut Thins Artisan Nut Thins Multi Seeds","","Blue Diamond Nut Thins Artisan Nut Thins Multi Seeds","4.69","0.0","Market Basket","4.25 oz","4.25 oz","1236.jpg","","6"
"13854","Breakfast & Dairy","Dairy & Eggs","Refrigerated Pudding & Desserts","Snack Pack","Snack Pack Pudding Vanilla","","Snack Pack Pudding Vanilla","1.49","0.0","Market Basket","4 x 3.25 oz","4 x 3.25 oz","805.jpg","","19"
"7823","Cooking Needs","Canned Food","Canned Meat & Seafood","Bumble Bee","Bumble Bee Premium Light Tuna In Water","","Bumble Bee Premium Light Tuna In Water","2.49","0.0","Market Basket","5 oz","5 oz","5192.jpg","","2"
"30406","Breakfast & Dairy","Pancake & Waffle Mix","Pancake & Waffle Mix","Betty Crocker","Bisquick Shanke 'n Pour Buttermilk Pancake Mix","016000194267","Bisquick Shanke 'n Pour Buttermilk Pancake Mix","1.88","0.0","Market Basket","5.1 oz","5.1 oz","X3157.jpg","","2"
"31247","Breakfast & Dairy","Bars & Pastries","Chewy Bars","Enjoy Life","Enjoy Life Soft Baked Chewy Bars Lemon Blueberry Poppy Seed","819597011241","Enjoy Life Soft Baked Chewy Bars Lemon Blueberry Poppy Seed","4.99","0.0","Market Basket","5 x 1.15 oz","5 x 1.15 oz","X3915.jpg","","5"
"34079","Breakfast & Dairy","Bars & Pastries","Pastries","Pop Tarts","Poptarts Frosted strawberry ","038000222719","Poptarts Frosted strawberry ","2.5","0.0","Market Basket","13.5 oz","13.5 oz","X3511.jpg","","5"
"7041","Cooking Needs","Baking & Cooking","Doughs, Gelatins & Bake Mixes","Toll House","Toll House Pumpkin Spice Cookie Dough","","Toll House Pumpkin Spice Cookie Dough","3.59","0.0","Market Basket","16 oz","16 oz","2110.jpg","","1"
"5942","Beverages & Juices","Cocoa & Drink Mixes","Cocoa & Drink Mixes","Cocktail Artist","Cocktail Artist Pina Colada Premium Mix","","Cocktail Artist Pina Colada Premium Mix","6.24","0.0","Market Basket","1 L","1 L","No Image.jpg","","17"
"7850","Cooking Needs","Canned Food","Canned Meat & Seafood","Goya","Goya Sausage Vienna","","Goya Sausage Vienna","1.09","0.0","Market Basket","4.6 oz","4.6 oz","5227.jpg","","2"
"15041","Personal Care","Personal Needs","Deodorants","Old Spice","Old Spice O.S.SFT SOLID DEOD RED ZN FRSH","","Old Spice O.S.SFT SOLID DEOD RED ZN FRSH","7.0","1.0","Market Basket","2.6 oz","2.6 oz","6308.jpg","","13"
"31350","Breakfast & Dairy","Dairy & Eggs","Yogurt","Forager ","Forager Project Organic Dairy-Free Cashewmilk Yogurt Vanilla Bean ","","Forager Project Organic Dairy-Free Cashewmilk Yogurt Vanilla Bean ","6.24","0.0","Market Basket","24 oz","24 oz","X278.jpg","","1"
"32825","Breakfast & Dairy","Breads & Rolls","Bagels","Market Basket","Market Basket Bagels Whole Wheat","049705109953","Market Basket Bagels Whole Wheat","2.5","0.0","Market Basket","22 oz","22 oz","X2406.jpg","","18"
"30961","Pasta & Sauces","Pasta Sauce","Pasta Sauce","Classico","Classico Pasta Sauce Four Cheese","041129077627","Classico Pasta Sauce Four Cheese","2.5","0.0","Market Basket","24 oz","24 oz","X1490.jpg","","4"
"34611","Condiments & Dressings","Preserved Dips & Spreads","Spreads","St. Dalfour ","St. Dalfour France Strawberry Fruit Spread 100% from Fruit","","St. Dalfour France Strawberry Fruit Spread 100% from Fruit","4.99","0.0","Market Basket","10 oz","10 oz","X787.jpg","","3"
"5210","Chips, Cookies & Snacks","Cookies & Crackers","Crackers","Nabisco","Nabisco Ritz Bits Cheese Cracker Sandwiches","","Nabisco Ritz Bits Cheese Cracker Sandwiches","6.23","0.0","Market Basket","12 x 1 oz","12 x 1 oz","15156.jpg","","6"
"32609","Cooking Needs","Oils & Vinegars","Oils & Vinegars","LouAna","LouAna 100% Pure Organic Coconut Oil Non-Hydrogenated Usda Organic ","026700156724","LouAna 100% Pure Organic Coconut Oil Non-Hydrogenated Usda Organic ","7.49","0.0","Market Basket","29 fl oz","29 fl oz","X1969.jpg","","2"
"34672","Frozen Food","Frozen Dinners & Entrees","Frozen Meal","Stouffer's ","Stouffer's Spinach Souffle ","013800105851","Stouffer's Spinach Souffle ","2.99","0.0","Market Basket","12 oz","12 oz","X4286.jpg","","18"
"15171","Personal Care","Personal Needs","Oral Hygiene","Colgate","Colgate Toothpaste, Anticavity Fluoride, Baking Soda & Peroxide Whitening, Brisk Mint","","Colgate Toothpaste, Anticavity Fluoride, Baking Soda & Peroxide Whitening, Brisk Mint","2.86","1.0","Market Basket","8 oz","8 oz","6396.jpg","","13"
"33432","Beverages & Juices","Juices & Refrigerated Drinks","Juice & Nectars","Nantucket Nectars","Nantucket Nectars Orange Mango","726284000023","Nantucket Nectars Orange Mango","1.86","0.0","Market Basket","16 fl oz","16 fl oz","X3018.jpg","","10"
"6527","Chips, Cookies & Snacks","Nuts, Seeds & Dried Fruit","Nuts, Seeds & Dried Fruit","Sunmaid","Sunmaid Vanilla Yogurt Flavored Raisins","","Sunmaid Vanilla Yogurt Flavored Raisins","3.74","0.0","Market Basket","5 oz","5 oz","No Image.jpg","","6"
"15262","Personal Care","Personal Needs","Oral Hygiene","Tom's Of Maine","Tom's Of Maine Toothpaste, Whole Care, with Fluoride, Spearmint Gel, Natural, Box","","Tom's Of Maine Toothpaste, Whole Care, with Fluoride, Spearmint Gel, Natural, Box","6.31","1.0","Market Basket","4.7 oz","4.7 oz","6459.jpg","","13"
"7609","Cooking Needs","Canned Food","Canned & Jarred Vegetables","Yergat","Yergat California Grape Leaves","","Yergat California Grape Leaves","7.39","0.0","Market Basket","16 oz","16 oz","17097.jpg","","9"
"3440","Fresh Produce","Fresh Fruits","Banana","Market Basket","Green Plain Banana","","Green Plain Banana","1.09","0.0","Market Basket","2 count","2 count","f17.jpg","","20"
"34598","Cooking Needs","Oils & Vinegars","Oils & Vinegars","Sparta ","Sparta Gourmet Organic Extra Virgin Olive Oil Cold Extraction Cholesterol Free","5213007640017","Sparta Gourmet Organic Extra Virgin Olive Oil Cold Extraction Cholesterol Free","19.99","0.0","Market Basket","25.4 fl oz","25.4 fl oz","X2008.jpg","","2"
"15081","Personal Care","Personal Needs","Eye & Ear Care","Similasa","Similasan Dry Eye Relief Sterile Eye Drops","","Similasan Dry Eye Relief Sterile Eye Drops","12.64","1.0","Market Basket","0.33 fl oz","0.33 fl oz","17797.jpg","","13"
"14872","Personal Care","Personal Needs","Family Planning","Topcare","TopCare Pregnancy Test Early","","TopCare Pregnancy Test Early","12.98","1.0","Market Basket","2 count","2 count","6754.jpg","","13"
"35088","Condiments & Dressings","Preserved Dips & Spreads","Spreads","Welch's","Welch's Savor Summer FAMILY FARMER OWNED Strawberry Breeze Beverage","","Welch's Savor Summer FAMILY FARMER OWNED Strawberry Breeze Beverage","2.5","0.0","Market Basket","59 fl oz","59 fl oz","X890.jpg","","3"
"31104","Breakfast & Dairy","Dairy & Eggs","Yogurt","Dannon","Dannon Light+Fit Greek Blueberry Naturally & Artifically Flavored ","","Dannon Light+Fit Greek Blueberry Naturally & Artifically Flavored ","3.75","0.0","Market Basket","5.3 oz","5.3 oz","X206.jpg","","1"
"9162","Frozen Food","Frozen Dinners & Entrees","Frozen Appetizers & Sides","McCain","McCain Seasoned Shredded Potatoes","","McCain Seasoned Shredded Potatoes","2.49","0.0","Market Basket","32 oz","32 oz","2586.jpg","","18"
"32142","Frozen Food","Frozen Breakfast","Frozen Pancakes","Kellogg's ","Kellogg's Eggo Pancake Buttermilk","038000673009","Kellogg's Eggo Pancake Buttermilk","3.11","0.0","Market Basket","16.4 oz","16.4 oz","X5056.jpg","","19"
"13999","Breakfast & Dairy","Dairy & Eggs","Yogurt","Byrne","Byrne Hallow Farm Half Vanilla Greek Yogurt","","Byrne Hallow Farm Half Vanilla Greek Yogurt","3.69","0.0","Market Basket","32 oz","32 oz","Market Basket.jpg","","1"
"3896","Fresh Produce","Fresh Vegetables","Mushroom","Prima","Prima Shiitake Mushrooms","","Prima Shiitake Mushrooms","4.24","0.0","Market Basket","3.5 oz container","3.5 oz container","17932.jpg","","20"
"30382","Cooking Needs","Oils & Vinegars","Oils & Vinegars","Bertolli ","Bertolli Dal 1865 Organic Extra Virgin Olive Oil Rich Taste ","041790600209","Bertolli Dal 1865 Organic Extra Virgin Olive Oil Rich Taste ","14.99","0.0","Market Basket","16.9 fl oz","16.9 fl oz","X1985.jpg","","2"
"4018","Fresh Produce","Fresh Vegetables","Sweet Potato","Market Basket","Sweet Potatoes Microwavable","","Sweet Potatoes Microwavable","3.44","0.0","Market Basket","1 count","1 count","FP141.jpg","","20"
"14404","Breakfast & Dairy","Tea & Coffee","Coffee","Market Basket","Market Basket #2 Coffee Filters","","Market Basket #2 Coffee Filters","2.49","0.0","Market Basket","100 count","100 count","Market Basket.jpg","","8"
"6302","Beverages & Juices","Water","Water","Poland Spring","Poland Spring Natural Spring Water","","Poland Spring Natural Spring Water","2.49","0.0","Market Basket","6 x 700 ml","6 x 700 ml","3234.jpg","","11"
"4761","Meat & Seafood","Frozen Meat & Seafood","Frozen Salmon","Ducktrap","Ducktrap Wild Salmon, Smoked","","Ducktrap Wild Salmon, Smoked","9.79","0.0","Market Basket","4 oz","4 oz","16041.jpg","","18"
"30227","Cooking Needs","Canned Food","Baked Beans","B&M","B&M Brick Oven Baked  Bacon & Onion Baked Beans With Molasses & Spice","","B&M Brick Oven Baked  Bacon & Onion Baked Beans With Molasses & Spice","2.11","0.0","Market Basket","28 oz","28 oz","X1842.jpg","","2"
"33710","Cooking Needs","Oils & Vinegars","Oils & Vinegars","Olivari ","Olivari Extra Virgin Olive Oil Seasoning & finishing Passing in Every Drop","041618500339","Olivari Extra Virgin Olive Oil Seasoning & finishing Passing in Every Drop","3.36","0.0","Market Basket","17 fl oz","17 fl oz","X1996.jpg","","2"
"33734","Chips, Cookies & Snacks","Chips & Fruit Snacks","Popcorn","Orville Redenbacher's ","Orville Redenbacher's Simply Salted ","027000372340","Orville Redenbacher's Simply Salted ","2.5","0.0","Market Basket","8.07 oz","8.07 oz","X4937.jpg","","19"
"33264","Cooking Needs","Baking & Cooking","Pizza Sauce","Mezzetta ","Mezetta Sun Ripened Dried Tomatoes Sulfite Free","073214006076","Mezetta Sun Ripened Dried Tomatoes Sulfite Free","5.24","0.0","Market Basket","8 oz","8 oz","X1322.jpg","","4"
"13682","Breakfast & Dairy","Dairy & Eggs","Packaged Cheese","Galbani","Galbani Cheese, Perfectly Sliced, Mozzarella Fresca","","Galbani Cheese, Perfectly Sliced, Mozzarella Fresca","3.29","0.0","Market Basket","8 oz","8 oz","152.jpg","","1"
"72","Kitchen & Cleaning","Air Fresheners & Candles","Other Air Fresheners & Candles","Pure Citrus","Pure Citrus Odor Remover Citrus Blend Scent","","Pure Citrus Odor Remover Citrus Blend Scent","4.69","1.0","Market Basket","8 oz","8 oz","No Image.jpg","","15"
"6821","Cooking Needs","Baking & Cooking","Baking Ingredients","Domino","Domino Confectioners Sugar Pure Cane","","Domino Confectioners Sugar Pure Cane","1.29","0.0","Market Basket","16 oz","16 oz","2331.jpg","","8"
"4163","Meat & Seafood","Meat & Seafood Counter","Lamb","Market Basket","Market Basket Fresh American Choice Ground Lamb","","Market Basket Fresh American Choice Ground Lamb","9.06","0.0","Market Basket","Approx: 1.05 lb at $8.59/lb","Approx: 1.05 lb at $8.59/lb","Market Basket.jpg","","22"
"490","Laundry & Paper Goods","Laundry","Laundry Detergent","Tide","Tide Plus Bleach Original 53 Loads Laundry Detergent","","Tide Plus Bleach Original 53 Loads Laundry Detergent","12.49","1.0","Market Basket","95 oz","95 oz","No Image.jpg","","15"
"7331","Cooking Needs","Spices & Seasonings","Spices & Seasonings","McCormick","McCormick Oregano Leaves","","McCormick Oregano Leaves","4.89","0.0","Market Basket","3.12 oz","3.12 oz","2147.jpg","","9"
"7747","Cooking Needs","Canned Food","Canned Meals & Beans","Goya","Goya Dark Kidney Beans","","Goya Dark Kidney Beans","1.29","0.0","Market Basket","15.5 oz","15.5 oz","5113.jpg","","7"
"270","Kitchen & Cleaning","Dish Detergents","Dishwasher Detergent","Cascade","Cascade Complete ActionPacs Dishwasher Detergent, Fresh Scent","","Cascade Complete ActionPacs Dishwasher Detergent, Fresh Scent","4.89","1.0","Market Basket","14 count","14 count","4331.jpg","","15"
"8057","Cooking Needs","Canned Food","Soup, Broth & Bouillon","Maruchan","Maruchan Beef Flavor Ramen Noodle Soup","","Maruchan Beef Flavor Ramen Noodle Soup","3.09","0.0","Market Basket","12 x 3 oz","12 x 3 oz","5328.jpg","","9"
"32506","Frozen Food","Frozen Dinners & Entrees","Frozen Meal","Lean Cuisine ","Lean Cuisine Asian-Style Pot Stickers ","013800171139","Lean Cuisine Asian-Style Pot Stickers ","2.5","0.0","Market Basket","9 oz","9 oz","X4224.jpg","","18"
"15053","Personal Care","Personal Needs","Deodorants","Speed Stick","Speed Stick by Mennen Ocean Surf Deodorant","","Speed Stick by Mennen Ocean Surf Deodorant","3.55","1.0","Market Basket","3 oz","3 oz","17699.jpg","","13"
"529","Laundry & Paper Goods","Laundry","Scent Booster","Arm & Hammer","Arm & Hammer Clean Scentsations Scent booster Fresh Burst","","Arm & Hammer Clean Scentsations Scent booster Fresh Burst","4.99","1.0","Market Basket","24 oz","24 oz","No Image.jpg","","15"
"5363","Chips, Cookies & Snacks","Cookies & Crackers","Cookies & Cakes","Tate's Bake Shop","Tate's Bake Shop Butter Crunch Cookies","","Tate's Bake Shop Butter Crunch Cookies","6.23","0.0","Market Basket","7 oz","7 oz","No Image.jpg","","6"
"8766","Condiments & Dressings","Preserved Dips & Spreads","Preserved Dips & Salsa","Newman's Own","Newman's Own Mango Salsa Medium Chunky","","Newman's Own Mango Salsa Medium Chunky","2.49","0.0","Market Basket","16 oz","16 oz","1989.jpg","","1"
"4941","Chips, Cookies & Snacks","Chips & Fruit Snacks","Chips & Pretzels","Snyder's of Hanover","Snyder's of Hanover Pretzel Sandwiches, Cheddar Cheese","","Snyder's of Hanover Pretzel Sandwiches, Cheddar Cheese","4.69","0.0","Market Basket","8 oz","8 oz","903.jpg","","0"
"6636","Beverages & Juices","Juices & Refrigerated Drinks","Refrigerated Drinks","Odwalla","Odwalla Fruit Smoothie Citrus C Monster","","Odwalla Fruit Smoothie Citrus C Monster","2.99","0.0","Market Basket","12 fl oz","12 fl oz","3801.jpg","","20"
"3641","Fresh Produce","Fresh Fruits","Blueberries","Market Basket","Global Growers Marketing Blueberries","","Global Growers Marketing Blueberries","4.24","0.0","Market Basket","1 pint container","1 pint container","14222.jpg","","20"
"15291","Personal Care","Vitamins & Proteins","Protien Drinks","Ensure","Ensure Original Nutrition Shake Vanilla Ready-to-Drink Bottles","","Ensure Original Nutrition Shake Vanilla Ready-to-Drink Bottles","12.64","1.0","Market Basket","6 x 8 fl oz","6 x 8 fl oz","6718.jpg","","13"
"31566","Frozen Food","Frozen Dinners & Entrees","Frozen Appetizers & Sides","Gorton's","Gorton's Haddock  Fish Sticks Classic Crunchy Breadcrumbs","044400138604","Gorton's Haddock  Fish Sticks Classic Crunchy Breadcrumbs","7.49","0.0","Market Basket","14.6 oz","14.6 oz","X4375.jpg","","18"
"7644","Cooking Needs","Canned Food","Canned Fruit & Applesauce","Infinite Herbs","Infinite Herbs Bay Leaf","","Infinite Herbs Bay Leaf","2.49","0.0","Market Basket","1 oz","1 oz","No Image.jpg","","20"
"590","Laundry & Paper Goods","Laundry","Fabric Softener","Snuggle","Ultra Snuggle Fabric Conditioner with Fresh Release Blue Sparkle 120 loads","","Ultra Snuggle Fabric Conditioner with Fresh Release Blue Sparkle 120 loads","8.74","1.0","Market Basket","96 fl oz","96 fl oz","No Image.jpg","","15"
"14930","Personal Care","First Aid & Healthcare","Cold, Flu & Allergy","Halls","Halls Relief Menthol Drops, Honey Lemon","","Halls Relief Menthol Drops, Honey Lemon","2.29","1.0","Market Basket","40 count","40 count","6658.jpg","","13"
"32644","Cooking Needs","Rice & Grains","Grains, Rice & Dried Goods","Lundberg Family Farms","LundBerg California White Jasmine Rice Gluten Free Sustainable","073416040229","LundBerg California White Jasmine Rice Gluten Free Sustainable","6.86","0.0","Market Basket","32 oz","32 oz","X1115.jpg","","4"
"34620","Breakfast & Dairy","Dairy & Eggs","Yogurt","Stonyfield","Stonyfield Organic Chocolate Underground USDA ORGANIC Nonfat Yogurt","","Stonyfield Organic Chocolate Underground USDA ORGANIC Nonfat Yogurt","0.86","0.0","Market Basket","5.3 oz","5.3 oz","X792.jpg","","1"
"4282","Meat & Seafood","Packaged Meat & Seafood","Turkey","DiLuigi","Di Luigi Turkey Patties","","Di Luigi Turkey Patties","6.79","0.0","Market Basket","1.29 lb","1.29 lb","No Image.jpg","","22"
"30809","Beverages & Juices","Juices & Refrigerated Drinks","Juice & Nectars","Caprisun ","Caprisun Tropical Punch","087684001028","Caprisun Tropical Punch","3.13","0.0","Market Basket","10 x 6 fl oz","10 x 6 fl oz","X3095.jpg","","10"
"4984","Chips, Cookies & Snacks","Chips & Fruit Snacks","Chips & Pretzels","Utz","Utz Kettle Classic Original Potato Chips","","Utz Kettle Classic Original Potato Chips","4.69","0.0","Market Basket","8 oz","8 oz","No Image.jpg","","0"
"32692","Cooking Needs","Oils & Vinegars","Oils & Vinegars","Manzola","Manzola Heart Healthy Cholesterol Free Mazola Vegetable Plus ","761720987513","Manzola Heart Healthy Cholesterol Free Mazola Vegetable Plus ","2.49","0.0","Market Basket","40 fl oz","40 fl oz","X1912.jpg","","2"
"5760","Breakfast & Dairy","Bars & Pastries","Protien Bars","Luna","Luna Chocolate Dipped Coconut Whole Nutrition Bar","","Luna Chocolate Dipped Coconut Whole Nutrition Bar","1.25","0.0","Market Basket","1.7 oz","1.7 oz","1293.jpg","","3"
"6211","Beverages & Juices","Soft Drinks & Seltzers","Soft Drinks","Sprite","Sprite Lemon Lime Soda No Caffeine","","Sprite Lemon Lime Soda No Caffeine","5.0","0.0","Market Basket","6 x 16.9 fl oz","6 x 16.9 fl oz","16561.jpg","","17"
"4564","Meat & Seafood","Lunch Meat","Pepperoni","Margherita","Margherita Pepperoni Unsliced","","Margherita Pepperoni Unsliced","4.05","0.0","Market Basket","Approx: 0.50 lb at $8.09/lb","Approx: 0.50 lb at $8.09/lb","No Image.jpg","","22"
"6090","Beverages & Juices","Soft Drinks & Seltzers","Soft Drinks","Coca-Cola","Coca Cola Original Taste","","Coca Cola Original Taste","5.0","0.0","Market Basket","6 x 16.9 fl oz","6 x 16.9 fl oz","3946.jpg","","17"
"15007","Personal Care","Personal Needs","Deodorants","Arm & Hammer","Arm & Hammer Ultra Max Active Sport Advanced Sweat Control Antiperspirant","","Arm & Hammer Ultra Max Active Sport Advanced Sweat Control Antiperspirant","4.82","1.0","Market Basket","2.6 oz","2.6 oz","6318.jpg","","13"
"14393","Breakfast & Dairy","Tea & Coffee","Coffee","Green Mountain","Green Mountain Coffee K Cup Pods Carmel Vanilla Cream","","Green Mountain Coffee K Cup Pods Carmel Vanilla Cream","8.59","0.0","Market Basket","12 count","12 count","3354.jpg","","8"
"4868","Chips, Cookies & Snacks","Chips & Fruit Snacks","Chips & Pretzels","Lay's","Lay's Kettle Cooked Sea Salt & Vinegar Potato Chips","","Lay's Kettle Cooked Sea Salt & Vinegar Potato Chips","5.45","0.0","Market Basket","8 oz","8 oz","883.jpg","","0"
"13575","Breakfast & Dairy","Dairy & Eggs","Other Creams & Cheeses","Kraft","Kraft Philadelphia Original Cream Cheese Spread","","Kraft Philadelphia Original Cream Cheese Spread","4.29","0.0","Market Basket","12 oz","12 oz","684.jpg","","1"
"10426","Cooking Needs","Rice & Grains","Rice","Goya","Goya Thai Jasmine Rice","","Goya Thai Jasmine Rice","9.79","0.0","Market Basket","5 lb","5 lb","5803.jpg","","7"
"30308","Pasta & Sauces","Pasta Sauce","Pasta Sauce","Barilla","Barilla Pesto Creamy Genovese","076808008906","Barilla Pesto Creamy Genovese","3.13","0.0","Market Basket","5.6 oz","5.6 oz","X1434.jpg","","4"
"9793","Frozen Food","Frozen Produce","Frozen Produce","Cascadian Farm","Cascadian Farm Organic Broccoli Florets","","Cascadian Farm Organic Broccoli Florets","3.09","0.0","Market Basket","10 oz","10 oz","2483.jpg","","19"
"32999","Pasta & Sauces","Pasta Sauce","Pasta Sauce","Market Basket","Market Basket Pasta Sauce Chunky Tomato, Garlic and Onion","049705034927","Market Basket Pasta Sauce Chunky Tomato, Garlic and Onion","1.88","0.0","Market Basket","24 oz","24 oz","X1464.jpg","","4"
"33602","Condiments & Dressings","Salad Dressings & Toppings","Salad Dressing & Toppings","Newmen's Own","Newmen's Own Ranch Dressing","020662000330","Newmen's Own Ranch Dressing","4.11","0.0","Market Basket","16 fl oz","16 fl oz","X651.jpg","","2"
"35209","Breakfast & Dairy","Dairy & Eggs","Yogurt","Yoplait","Yoplait original smooth style strawberry Banana","","Yoplait original smooth style strawberry Banana","3.11","0.0","Market Basket","2 lb","2 lb","X943.jpg","","1"
"3901","Fresh Produce","Fresh Vegetables","Onion","Market Basket","Red Onions","","Red Onions","1.64","0.0","Market Basket","1 lb","1 lb","f237.jpg","","20"
"31829","Condiments & Dressings","Pickled Goods & Olives","Relish","Howard's ","Howad's Green Tomato Piccalilli ","070305005017","Howad's Green Tomato Piccalilli ","2.5","0.0","Market Basket","10.5 oz","10.5 oz","X2199.jpg","","2"
"3649","Fresh Produce","Fresh Fruits","Cantaloupe","Market Basket","Cantaloupe Melon","","Cantaloupe Melon","2.86","0.0","Market Basket","1 count","1 count","14197.jpg","","20"
"47","Kitchen & Cleaning","Air Fresheners & Candles","Air Freshener","Glade","Glade Solid Solid Air Freshener Clean Linen","","Glade Solid Solid Air Freshener Clean Linen","1.29","1.0","Market Basket","6 oz","6 oz","4217.jpg","","15"
"13403","Breakfast & Dairy","Dairy & Eggs","Eggs","Eggland's Best","Eggland's Best Egg Whites, 100% Liquid","","Eggland's Best Egg Whites, 100% Liquid","3.69","0.0","Market Basket","16 oz","16 oz","599.jpg","","1"
"6556","Chips, Cookies & Snacks","Nuts, Seeds & Dried Fruit","Nuts, Seeds & Dried Fruit","Sunsweet","Sunsweet Ones Amazing Prunes Plum","","Sunsweet Ones Amazing Prunes Plum","5.74","0.0","Market Basket","12 oz","12 oz","No Image.jpg","","6"
"4576","Meat & Seafood","Lunch Meat","Salami","Tropical","Tropical Smoked Cooked Salami Original","","Tropical Smoked Cooked Salami Original","4.39","0.0","Market Basket","16 oz","16 oz","No Image.jpg","","22"
"30048","Meat & Seafood","Packaged Meat & Seafood","Sausage","Alfresco ","Alfresco Chicken Milditalian Style Chicken Sausage ","","Alfresco Chicken Milditalian Style Chicken Sausage ","5.86","0.0","Market Basket","12 oz","12 oz","X4624.jpg","","1"
"3473","Fresh Produce","Fresh Fruits","Watermelon","Market Basket","Personal Watermelon","","Personal Watermelon","4.94","0.0","Market Basket","1 count","1 count","f59.jpg","","20"
"10112","Frozen Food","Ice Cream & Ice","Ice Cream & Ice","Kemps","Kemps Chocolate Chip Cookie Dough Frozen Yogurt","","Kemps Chocolate Chip Cookie Dough Frozen Yogurt","3.69","0.0","Market Basket","1.5 quart","1.5 quart","16111.jpg","","21"
"30926","Breakfast & Dairy","Dairy & Eggs","Yogurt","Chobani","Chobani Greek Yogurt Strawberry On The Bottom 4 Value Pack","","Chobani Greek Yogurt Strawberry On The Bottom 4 Value Pack","4.36","0.0","Market Basket","4 x 5.3 oz","4 x 5.3 oz","X133.jpg","","1"
"6160","Beverages & Juices","Soft Drinks & Seltzers","Soft Drinks","Pepsi","Pepsi Original Box of Cans","","Pepsi Original Box of Cans","9.99","0.0","Market Basket","24 x 12 fl oz","24 x 12 fl oz","No Image.jpg","","17"
"5350","Chips, Cookies & Snacks","Cookies & Crackers","Cookies & Cakes","belVita","belVita Soft Baked Mixed Berry Breakfast Biscuits","","belVita Soft Baked Mixed Berry Breakfast Biscuits","4.69","0.0","Market Basket","8.8 oz","8.8 oz","No Image.jpg","","6"
"34539","Richardson's Farm Ice Cream","Ice Cream Toppings","Ice Cream Toppings","Smucker's","Smucker's Chocolate Fudge Topping ","051500000229","Smucker's Chocolate Fudge Topping ","2.5","0.0","Market Basket","12 oz","12 oz","X5130.jpg","","20"
"327","Kitchen & Cleaning","Food Storage & Kitchen Supplies","Storage Bags","Market Basket","Market Basket Freezer Resealable Bags","","Market Basket Freezer Resealable Bags","3.09","1.0","Market Basket","40 count","40 count","Market Basket.jpg","","12"
"32228","Condiments & Dressings","Salad Dressings & Toppings","Salad Dressing & Toppings","Ken's Steak House","Ken's Seak House Great For Dipping Honey Mustard Dressing,Topping & Spread","041335332923","Ken's Seak House Great For Dipping Honey Mustard Dressing,Topping & Spread","4.36","0.0","Market Basket","24 fl oz","24 fl oz","X396.jpg","","2"
"7756","Cooking Needs","Canned Food","Canned Meals & Beans","Goya","Goya Premium Black Beans","","Goya Premium Black Beans","1.59","0.0","Market Basket","15.5 oz","15.5 oz","5099.jpg","","7"
"4840","Chips, Cookies & Snacks","Chips & Fruit Snacks","Chips & Pretzels","Doritos","Doritos Spicy Sweet Chilli Tortilla Chips","","Doritos Spicy Sweet Chilli Tortilla Chips","5.47","0.0","Market Basket","9.75","9.75","No Image.jpg","","0"
"5097","Chips, Cookies & Snacks","Cookies & Crackers","Cookies & Cakes","Nonni's","Nonni's Toffee Almond Biscotti","","Nonni's Toffee Almond Biscotti","4.36","0.0","Market Basket","6.88 oz","6.88 oz","15029.jpg","","6"
"6337","Beverages & Juices","Soft Drinks & Seltzers","Seltzer","Polar","Polar Original Seltzer","","Polar Original Seltzer","1.24","0.0","Market Basket","2 L","2 L","No Image.jpg","","11"
"33524","Breakfast & Dairy","Cereal","Cereal","Nature's Path","Nature's Path Orignal Smart Bran","058449771036","Nature's Path Orignal Smart Bran","4.99","0.0","Market Basket","10.6 oz","10.6 oz","X3696.jpg","","5"
"33769","Breakfast & Dairy","Dairy & Eggs","Yogurt","Yoplait","Oui By Yoplait Apple Pie French Style Yogurt ","","Oui By Yoplait Apple Pie French Style Yogurt ","1.74","0.0","Market Basket","5 oz","5 oz","X718.jpg","","1"
"32329","Cooking Needs","Rice & Grains","Grains, Rice & Dried Goods","kitchen of love Cucina & Amore","kitchen of love Cucina & A More Polenta 100% corn All Natural Easy to Prepare Non GMO","728119430043","kitchen of love Cucina & A More Polenta 100% corn All Natural Easy to Prepare Non GMO","3.75","0.0","Market Basket","17.6 oz","17.6 oz","X1100.jpg","","4"
"14956","Personal Care","First Aid & Healthcare","First Aid","Clear Care","Clear Care Cleaning & Disinfecting Solution Triple Action Cleaning","","Clear Care Cleaning & Disinfecting Solution Triple Action Cleaning","15.17","1.0","Market Basket","12 fl oz","12 fl oz","6540.jpg","","13"
"8300","Condiments & Dressings","Fresh Dips & Tapenades","Fresh Dips & Tapenades","Heluva Good!","Heluva Good! ! Bacon Horseradish Sour Cream Dip","","Heluva Good! ! Bacon Horseradish Sour Cream Dip","2.09","0.0","Market Basket","12 oz","12 oz","5534.jpg","","1"
"15319","Personal Care","Vitamins & Proteins","Vitamins & Supplements","Dramamine","Dramamine Motion Sickness Relief, Chewable Tablets, Orange Flavor","","Dramamine Motion Sickness Relief, Chewable Tablets, Orange Flavor","2.86","1.0","Market Basket","4 count","4 count","17854.jpg","","13"
"5587","Chips, Cookies & Snacks","Candy & Chocolates","Candy & Chocolate","Starburst","Starburst Original Fruit Chews Candy Single","","Starburst Original Fruit Chews Candy Single","0.99","0.0","Market Basket","2.07 oz","2.07 oz","14963.jpg","","3"
"7527","Cooking Needs","Canned Food","Canned & Jarred Vegetables","Market Basket","Market Basket Sliced Carrots","","Market Basket Sliced Carrots","0.69","0.0","Market Basket","8.25 oz","8.25 oz","Market Basket.jpg","","9"
"33721","Breakfast & Dairy","Dairy & Eggs","Yogurt","Organic Baby Food ","Organic Baby Food Once Up on a Farm Cold-Pressed Sun-Shiny Strawberry Patch","","Organic Baby Food Once Up on a Farm Cold-Pressed Sun-Shiny Strawberry Patch","2.86","0.0","Market Basket","3.2 oz","3.2 oz","X703.jpg","","1"
"34244","Breakfast & Dairy","Granola & Oats","Oats","Quaker","Quaker Lower Sugar Maple & Brown Sugar Instant Oatmeal","030000268728","Quaker Lower Sugar Maple & Brown Sugar Instant Oatmeal","3.13","0.0","Market Basket","10 x 1.19 oz","10 x 1.19 oz","X3580.jpg","","5"
"30752","Meat & Seafood","Packaged Meat & Seafood","Sausage","Butterball","Butterball Turkey Sausage ","","Butterball Turkey Sausage ","3.61","0.0","Market Basket","13 oz","13 oz","X4605.jpg","","1"
"7841","Cooking Needs","Canned Food","Canned Meat & Seafood","Genova","Genova Albacore in Olive Oil No Salt Added Tuna","","Genova Albacore in Olive Oil No Salt Added Tuna","2.49","0.0","Market Basket","5 oz","5 oz","5241.jpg","","2"
"34197","Beverages & Juices","Juices & Refrigerated Drinks","Refrigerated Drinks","Pure Leaf ","Pure Leaf SWEET TEA Real BREWED TEA NEVER FROM POWDER","","Pure Leaf SWEET TEA Real BREWED TEA NEVER FROM POWDER","2.5","0.0","Market Basket","59 fl oz","59 fl oz","X732.jpg","","1"
"465","Laundry & Paper Goods","Laundry","Laundry Detergent","Sun","Sun Triple Clean tropical breeze 32 medium loads laundry detergent","","Sun Triple Clean tropical breeze 32 medium loads laundry detergent","2.49","1.0","Market Basket","45.4 fl oz","45.4 fl oz","No Image.jpg","","15"
"3597","Fresh Produce","Fresh Vegetables","Cucumber","Market Basket","Super Select cucumbers","","Super Select cucumbers","1.09","0.0","Market Basket","1 count","1 count","Market Basket.jpg","","20"
"34531","Meat & Seafood","Packaged Meat & Seafood","Sausage","Smithfield","Smithfield Fully Cooked Pork Sausage ","","Smithfield Fully Cooked Pork Sausage ","6.24","0.0","Market Basket","20 oz","20 oz","X4753.jpg","","1"
"32569","Frozen Food","Frozen Dinners & Entrees","Frozen Meal","Life Cuisine ","Life Cuisine Gluten Free Cauliflower Crust Three Cheese Pizza","013800527776","Life Cuisine Gluten Free Cauliflower Crust Three Cheese Pizza","4.99","0.0","Market Basket","6 oz","6 oz","X4253.jpg","","18"
"31038","Breakfast & Dairy","Granola & Oats","Oats","Cream of Rice","Cream of Rice Gluten Free Hot Cereal","013130006989","Cream of Rice Gluten Free Hot Cereal","4.24","0.0","Market Basket","14 oz","14 oz","X3552.jpg","","5"
"382","Kitchen & Cleaning","Food Storage & Kitchen Supplies","Utensils & Kitchen Supplies","Store Brand","Drinking Straws","","Drinking Straws","1.29","1.0","Market Basket","100 count","100 count","Market Basket.jpg","","12"
"6655","Beverages & Juices","Juices & Refrigerated Drinks","Refrigerated Drinks","Sambazon","Sambazon Acai Superfood Juice The Original","","Sambazon Acai Superfood Juice The Original","7.39","0.0","Market Basket","33.8 fl oz","33.8 fl oz","16531.jpg","","1"
"31169","Frozen Food","Frozen Dinners & Entrees","Frozen Meal","Devour","Devour Angus Beef & Bacon","025155000361","Devour Angus Beef & Bacon","3.74","0.0","Market Basket","9 oz","9 oz","X4129.jpg","","18"
"7504","Cooking Needs","Canned Food","Canned & Jarred Vegetables","Market Basket","Market Basket Diced Tomatoes And Tomato Sauce","","Market Basket Diced Tomatoes And Tomato Sauce","0.99","0.0","Market Basket","14.5 oz","14.5 oz","Market Basket.jpg","","4"
"7389","Cooking Needs","Spices & Seasonings","Spices & Seasonings","Spice Classics","Spice Classics Parsley Flakes","","Spice Classics Parsley Flakes","1.29","0.0","Market Basket","0.4 oz","0.4 oz","2260.jpg","","9"
"33489","Breakfast & Dairy","Breads & Rolls","Bread","Nature's Own","Nature's Own 100% Whole Grain Bread","072250025232","Nature's Own 100% Whole Grain Bread","4.36","0.0","Market Basket","20 oz","20 oz","X2474.jpg","","18"
"31337","Pasta & Sauces","Pasta Sauce","Pasta Sauce","Filippo Berio","Filippo Berio Tomato and Ricotta Pesto Italian Recipe","041736080034","Filippo Berio Tomato and Ricotta Pesto Italian Recipe","2.49","0.0","Market Basket","6.7 oz","6.7 oz","X1413.jpg","","4"
"14877","Personal Care","Feminine Care","Menstrual Pads","Always","Always Maxi Regular Pads Without Wings, Unscented","","Always Maxi Regular Pads Without Wings, Unscented","4.93","1.0","Market Basket","24 count","24 count","6490.jpg","","13"
"31848","Cooking Needs","Canned Food","Tomato Sauce","Hunts","Hunts No Salt added Tomato Sauce","027000852507","Hunts No Salt added Tomato Sauce","1.49","0.0","Market Basket","15 oz","15 oz","X1273.jpg","","4"
"32182","Breakfast & Dairy","Bars & Pastries","Breakfast Bars","Kellogg's ","Kellogg's Rice Krispies Treats Orignal ","038000265006","Kellogg's Rice Krispies Treats Orignal ","2.5","0.0","Market Basket","8 x 0.78 oz","8 x 0.78 oz","X3537.jpg","","5"
"10005","Frozen Food","Ice Cream & Ice","Ice Cream & Ice","Edy's/dreyer's","Edy's/Dreyer's Chocolate Peanut Butter Cup Ice Cream","","Edy's/Dreyer's Chocolate Peanut Butter Cup Ice Cream","3.69","0.0","Market Basket","1.5 quart","1.5 quart","3029.jpg","","21"
"3454","Fresh Produce","Fresh Fruits","Kiwi","Market Basket","Value Basket Fresh Kiwi","","Value Basket Fresh Kiwi","5.49","0.0","Market Basket","1 basket","1 basket","f32.jpg","","20"
"8763","Condiments & Dressings","Preserved Dips & Spreads","Preserved Dips & Salsa","Mrs. Renfro's","Mrs. Renfro's Smoky Roasted Salsa Medium","","Mrs. Renfro's Smoky Roasted Salsa Medium","3.69","0.0","Market Basket","16 oz","16 oz","15606.jpg","","1"
"34767","Condiments & Dressings","Marinades, Ketchup & Sauces","Marinades & Meat Preparation","Sweet Baby Ray's","Sweet Baby Ray's Gourmet Sauces Honey Barbecue Wing Sauce The Sauce Is The Boss ","013409516874","Sweet Baby Ray's Gourmet Sauces Honey Barbecue Wing Sauce The Sauce Is The Boss ","2.86","0.0","Market Basket","12 oz","12 oz","X2076.jpg","","2"
"3506","Fresh Produce","Fresh Organic Vegetables","Mushroom","Market Basket","Organic Sliced Baby Bellas","","Organic Sliced Baby Bellas","2.74","0.0","Market Basket","8 oz","8 oz","f123.jpg","","20"
"33640","Beverages & Juices","Juices & Refrigerated Drinks","Juice & Nectars","Northland","Northland Blueberry Blackberry Acai 100% Juice No Sugar Added","753792002645","Northland Blueberry Blackberry Acai 100% Juice No Sugar Added","3.74","0.0","Market Basket","64 fl oz","64 fl oz","X2789.jpg","","10"
"32877","Breakfast & Dairy","Breads & Rolls","Rolls","Market Basket","Market Basket 12 Sliced Hot Dog Rolls","049705102299","Market Basket 12 Sliced Hot Dog Rolls","2.24","0.0","Market Basket","18 oz","18 oz","X2362.jpg","","18"
"8290","Condiments & Dressings","Fresh Dips & Tapenades","Hommus","Cedar","Cedar Organic Red Pepper Hommus","","Cedar Organic Red Pepper Hommus","5.09","0.0","Market Basket","8 oz","8 oz","5516.jpg","","1"
"34626","Breakfast & Dairy","Dairy & Eggs","Yogurt","Stonyfield","Stonyfield Organic Yo Baby With Probiotics 6 Vanilla Whole Milk Yogurt Vitamin D Added ","","Stonyfield Organic Yo Baby With Probiotics 6 Vanilla Whole Milk Yogurt Vitamin D Added ","4.38","0.0","Market Basket","4 oz","4 oz","X799.jpg","","1"
"33512","Breakfast & Dairy","Cereal","Cereal","Nature's Path","Nature's Path Envirokidz Chocolate Koala Crisp Organic Cereal","058449860037","Nature's Path Envirokidz Chocolate Koala Crisp Organic Cereal","4.99","0.0","Market Basket","11.5 oz","11.5 oz","X3683.jpg","","5"
"4356","Meat & Seafood","Meat & Seafood Counter","Steak","Chef's Requested","Chef's Requested Boneless Underblade Chuck Steak","","Chef's Requested Boneless Underblade Chuck Steak","6.2","0.0","Market Basket","Approx: 1.02 lb at $6.09/lb","Approx: 1.02 lb at $6.09/lb","No Image.jpg","","22"
"9853","Frozen Food","Frozen Produce","Frozen Produce","Market Basket","Market Basket Cut Leaf Spinach","","Market Basket Cut Leaf Spinach","1.29","0.0","Market Basket","16 oz","16 oz","Market Basket.jpg","","19"
"4171","Meat & Seafood","Packaged Meat & Seafood","Beef","Lauras Beef","Lauras Beef Beef, Ground, 92/8","","Lauras Beef Beef, Ground, 92/8","8.29","0.0","Market Basket","16 oz","16 oz","4089.jpg","","22"
"34272","Breakfast & Dairy","Granola & Oats","Oats","Quaker ","Quaker Oats","030000012000","Quaker Oats","6.24","0.0","Market Basket","42 oz","42 oz","X3601.jpg","","5"
"4753","Meat & Seafood","Frozen Meat & Seafood","Chicken Products","Weight Watchers","Weight Watchers Boneless Skinless Uncooked Chicken Tenders","","Weight Watchers Boneless Skinless Uncooked Chicken Tenders","8.59","0.0","Market Basket","30 oz","30 oz","No Image.jpg","","18"
"3904","Fresh Produce","Fresh Vegetables","Onion","Market Basket","Yellow Onion Bag","","Yellow Onion Bag","1.86","0.0","Market Basket","2 lb","2 lb","f240.jpg","","20"
"7744","Cooking Needs","Canned Food","Canned Meals & Beans","Goya","Goya Cannellini","","Goya Cannellini","2.19","0.0","Market Basket","29 oz","29 oz","5120.jpg","","7"
"5272","Chips, Cookies & Snacks","Chips & Fruit Snacks","Chips & Pretzels","Good Health","Good Health Potato Chips Lime Ranch","","Good Health Potato Chips Lime Ranch","4.69","0.0","Market Basket","5 oz","5 oz","No Image.jpg","","0"
"14742","Personal Care","Body Wash, Soap & Hair Care","Hair Care","Head & Shoulders","Head & Shoulders Dry Scalp Care Head and Shoulders Dry Scalp Care with Almond Oil Anti-Dandruff Shampoo 13.5 Oz","","Head & Shoulders Dry Scalp Care Head and Shoulders Dry Scalp Care with Almond Oil Anti-Dandruff Shampoo 13.5 Oz","6.31","1.0","Market Basket","13.5 fl oz","13.5 fl oz","18170.jpg","","13"
"33781","Frozen Food","Frozen Dinners & Entrees","Frozen Meal","P.F.Chang's","P.F.Chang's Thai Style Chicken","031000671181","P.F.Chang's Thai Style Chicken","4.99","0.0","Market Basket","10.25 oz","10.25 oz","X4104.jpg","","18"
"33766","Breakfast & Dairy","Dairy & Eggs","Yogurt","Yoplait","Oui By Yoplait Black Berry French Style Yogurt ","","Oui By Yoplait Black Berry French Style Yogurt ","1.74","0.0","Market Basket","5 oz","5 oz","X715.jpg","","1"
"7493","Cooking Needs","Canned Food","Canned & Jarred Vegetables","Le Sueur","Very Young Small Sweet Peas","","Very Young Small Sweet Peas","1.89","0.0","Market Basket","15 oz","15 oz","17085.jpg","","9"
"30394","Breakfast & Dairy","Breads & Rolls","Pizza Crust","Betty Crocker","Betty Crocker Pizza Crust ","016000302006","Betty Crocker Pizza Crust ","1.24","0.0","Market Basket","6.5 oz","6.5 oz","X1297.jpg","","4"
"33272","Condiments & Dressings","Pickled Goods & Olives","Olives","Mezzetta ","Mezzetta Since 1935 family Co Pitted Greek Kalamata Olives Hand Selected","073214006175","Mezzetta Since 1935 family Co Pitted Greek Kalamata Olives Hand Selected","5.36","0.0","Market Basket","18 oz","18 oz","X2241.jpg","","2"
"14205","Breakfast & Dairy","Dairy & Eggs","Yogurt","Oreo","YoCrunch Cookies n Cream Lowfat Yogurt with Oreo Cookie Pieces","","YoCrunch Cookies n Cream Lowfat Yogurt with Oreo Cookie Pieces","0.89","0.0","Market Basket","6 oz","6 oz","464.jpg","","1"
"3581","Fresh Produce","Fresh Vegetables","Celery","Market Basket","Snacked Packed Celery Sticks","","Snacked Packed Celery Sticks","3.49","0.0","Market Basket","1 pack","1 pack","f174.jpg","","20"
"7372","Cooking Needs","Spices & Seasonings","Spices & Seasonings","Olde Thompson","Olde Thompson Adjustable Grinder Black Peppercorn","","Olde Thompson Adjustable Grinder Black Peppercorn","7.39","0.0","Market Basket","5.4 oz","5.4 oz","No Image.jpg","","9"
"7907","Cooking Needs","Canned Food","Soup, Broth & Bouillon","Amy's","Amy's Organic Soups Vegetable Barley Low Fat","","Amy's Organic Soups Vegetable Barley Low Fat","3.69","0.0","Market Basket","14.1 oz","14.1 oz","17257.jpg","","2"
"6961","Cooking Needs","Baking & Cooking","Doughs, Gelatins & Bake Mixes","Ghirardelli Chocolate","Ghirardelli Chocolate Chocolate Dark Chocolate Premium Brownie Mix","","Ghirardelli Chocolate Chocolate Dark Chocolate Premium Brownie Mix","2.79","0.0","Market Basket","20 oz","20 oz","15614.jpg","","8"
"554","Laundry & Paper Goods","Laundry","Laundry Detergent","Xtra","Xtra Detergent 128 Loads Lavender & Sweet Vanilla","","Xtra Detergent 128 Loads Lavender & Sweet Vanilla","7.49","1.0","Market Basket","192 fl oz","192 fl oz","No Image.jpg","","15"
"32472","Beverages & Juices","Juices & Refrigerated Drinks","Juice & Nectars","Langers","Langers Cranberry Pomegranate Blueberry Plus 100% Juice","041755008279","Langers Cranberry Pomegranate Blueberry Plus 100% Juice","3.13","0.0","Market Basket","64 fl oz","64 fl oz","X2803.jpg","","10"
"14811","Personal Care","Body Wash, Soap & Hair Care","Hair Care","VO5","VO5 Extra Body with Collagen Volumizing Shampoo","","VO5 Extra Body with Collagen Volumizing Shampoo","1.48","1.0","Market Basket","12.5 fl oz","12.5 fl oz","6596.jpg","","13"
"14686","Personal Care","Body Wash, Soap & Hair Care","Body Wash","Dial","Dial Body Wash Sea Minerals","","Dial Body Wash Sea Minerals","5.62","1.0","Market Basket","16 fl oz","16 fl oz","6340.jpg","","13"
"14975","Personal Care","First Aid & Healthcare","Muscles, Joints & Pain Relief","Advil","Advil Ibuprofen","","Advil Ibuprofen","8.5","1.0","Market Basket","50 count","50 count","6624.jpg","","13"
"6159","Beverages & Juices","Soft Drinks & Seltzers","Soft Drinks","Pepsi","Pepsi Wild Cherry Box of Cans","","Pepsi Wild Cherry Box of Cans","5.63","0.0","Market Basket","12 x 12 fl oz","12 x 12 fl oz","3932.jpg","","17"
"32554","Condiments & Dressings","Pickled Goods & Olives","Pickled Goods & Olives","Levant ","Levant  Mediterranean Delicacies Fig Jam ","859215004019","Levant  Mediterranean Delicacies Fig Jam ","3.74","0.0","Market Basket","16 oz","16 oz","X2295.jpg","","2"
"30696","Personal Care","Vitamins & Proteins","Protien Powders","Bubs Naturals","Bubs Naturals Collagen Protein Unflavored, box of 20 packets","796752137841","Bubs Naturals Collagen Protein Unflavored, box of 20 packets","18.74","0.0","Market Basket","20 x 0.35 oz","20 x 0.35 oz","X5204.jpg","","3"
"34812","Condiments & Dressings","Marinades, Ketchup & Sauces","Paste","Thai Kitchen ","Thai Kitchen Red Curry Paste ","737628003006","Thai Kitchen Red Curry Paste ","3.74","0.0","Market Basket","4 Oz","4 Oz","X5360.jpg","","3"
"13963","Breakfast & Dairy","Dairy & Eggs","Specialty Cheeses","Market Basket","Market Basket Shaved Parmesan Cheese","","Market Basket Shaved Parmesan Cheese","6.09","0.0","Market Basket","12 oz","12 oz","Market Basket.jpg","","1"
"34237","Breakfast & Dairy","Granola & Oats","Cup Oatmeal","Quaker","Quaker Real Medley Summer Berry","030000315521","Quaker Real Medley Summer Berry","1.88","0.0","Market Basket","2.64 oz","2.64 oz","X3609.jpg","","5"
"6324","Beverages & Juices","Soft Drinks & Seltzers","Seltzer","Polar","Polar Seltzer Mermaid Songs","","Polar Seltzer Mermaid Songs","3.74","0.0","Market Basket","6 x 8 fl oz","6 x 8 fl oz","No Image.jpg","","11"
"10028","Frozen Food","Ice Cream & Ice","Ice Cream & Ice","Elan","Elan Low Fat Frozen Yogurt Coffee","","Elan Low Fat Frozen Yogurt Coffee","4.79","0.0","Market Basket","1 quart","1 quart","16079.jpg","","21"
"34125","Beverages & Juices","Energy & Sports Drinks","Energy & Sports Drinks","Powerade","Powerade Ultra Mixed Berry","049000531015","Powerade Ultra Mixed Berry","1.56","0.0","Market Basket","20 fl oz","20 fl oz","X2706.jpg","","10"
"5391","Chips, Cookies & Snacks","Cookies & Crackers","Crackers","Kame","Kame Rice Crackers Seaweed","","Kame Rice Crackers Seaweed","4.67","0.0","Market Basket","3.5 oz","3.5 oz","No Image.jpg","","6"
"35000","Breakfast & Dairy","Breads & Rolls","Bread","Vermont Bread","Vermont Bread Organic Soft Honey Cracked Wheat Bread","025911010535","Vermont Bread Organic Soft Honey Cracked Wheat Bread","4.99","0.0","Market Basket","24 oz","24 oz","X2446.jpg","","18"
"4788","Meat & Seafood","Frozen Meat & Seafood","Frozen Fish (All)","Market Basket","Market Basket Cheese Tortellini","","Market Basket Cheese Tortellini","1.59","0.0","Market Basket","13 oz","13 oz","Market Basket.jpg","","18"
"33895","Condiments & Dressings","Pickled Goods & Olives","Peppers","Pastene","Pastene Since 1874 Roasted Peppers ","066086100607","Pastene Since 1874 Roasted Peppers ","2.24","0.0","Market Basket","7 oz","7 oz","X2315.jpg","","2"
"6974","Cooking Needs","Baking & Cooking","Doughs, Gelatins & Bake Mixes","Jell-O","Jell O Lemon Instant Gelatin Mix","","Jell O Lemon Instant Gelatin Mix","1.59","0.0","Market Basket","3 oz","3 oz","2049.jpg","","8"
"5055","Chips, Cookies & Snacks","Cookies & Crackers","Cookies & Cakes","Keebler","Keebler 12 Pack Paw Patrol Graham Snacks Cinnamon","","Keebler 12 Pack Paw Patrol Graham Snacks Cinnamon","6.23","0.0","Market Basket","12.7 oz","12.7 oz","No Image.jpg","","6"
"34918","Breakfast & Dairy","Dairy & Eggs","Yogurt","Two Good","Two Good 2G Sugar Mango hibisucs Flavored Greek Yogurt ","","Two Good 2G Sugar Mango hibisucs Flavored Greek Yogurt ","1.25","0.0","Market Basket","5.3 oz","5.3 oz","X871.jpg","","1"
"6572","Beverages & Juices","Juices & Refrigerated Drinks","Refrigerated Drinks","Bolthouse Farms","Bolthouse Farms Green Goodness","","Bolthouse Farms Green Goodness","4.59","0.0","Market Basket","32 fl oz","32 fl oz","3828.jpg","","20"
"9888","Frozen Food","Frozen Produce","Frozen Produce","Market Basket","Market Basket Whole Blackberries","","Market Basket Whole Blackberries","2.49","0.0","Market Basket","12 oz","12 oz","Market Basket.jpg","","19"
"6312","Beverages & Juices","Water","Sparkling Water","Poland Spring","Poland Spring Sparkling Water, Simply Bubbles","","Poland Spring Sparkling Water, Simply Bubbles","3.74","0.0","Market Basket","8 x 16.9 fl oz","8 x 16.9 fl oz","No Image.jpg","","11"
"32953","Condiments & Dressings","Preserved Dips & Spreads","Spreads","Market Basket","Market Basket Almond Butter Creamy No Stir","","Market Basket Almond Butter Creamy No Stir","7.49","0.0","Market Basket","16 oz","16 oz","X531.jpg","","3"
"167","Kitchen & Cleaning","Cleaning Products","Other Cleaning Products","Mr. Clean","Mr. Clean Magic Eraser Original, Cleaning Pads with Durafoam","","Mr. Clean Magic Eraser Original, Cleaning Pads with Durafoam","5.99","1.0","Market Basket","4 count","4 count","4281.jpg","","15"
"30366","Cooking Needs","Baking & Cooking","Stuffing Mix","Bell's","BELL'S SINCE 1867 TRADITIONAL STUFFING FAST EASY DELICIOUS","","BELL'S SINCE 1867 TRADITIONAL STUFFING FAST EASY DELICIOUS","2.11","0.0","Market Basket","6 oz","6 oz","X44.jpg","","1"
"30309","Pasta & Sauces","Pasta Sauce","Pasta Sauce","Barilla","Barilla Pasta Sauce Marinara with Garlic and Simmered Onion","706010112923","Barilla Pasta Sauce Marinara with Garlic and Simmered Onion","2.5","0.0","Market Basket","24 oz","24 oz","X1483.jpg","","4"
"32382","Breakfast & Dairy","Breads & Rolls","Buns","Koffee Kup Bakery","Koffee Kup Bakery Hamburger Buns","074016016461","Koffee Kup Bakery Hamburger Buns","3.74","0.0","Market Basket","16 oz","16 oz","X2583.jpg","","18"
"9483","Frozen Food","Frozen Dinners & Entrees","Frozen Meal","InnovAsian","InnovAsian Cuisine General Tso's Chicken, Medium Spicy","","InnovAsian Cuisine General Tso's Chicken, Medium Spicy","6.09","0.0","Market Basket","18 oz","18 oz","15994.jpg","","18"
"33386","Frozen Food","Frozen Dinners & Entrees","Frozen Appetizers & Sides","Mrs.T's ","Mrs.T's Pierogies Classic Cheddar","041164000222","Mrs.T's Pierogies Classic Cheddar","3.13","0.0","Market Basket","16 oz","16 oz","X4329.jpg","","18"
"6921","Cooking Needs","Baking & Cooking","Baking Ingredients","Sweet 'N Low","Sweet'N Low Zero Calorie Sweetener","","Sweet'N Low Zero Calorie Sweetener","4.29","0.0","Market Basket","250 count","250 count","15706.jpg","","8"
"7604","Cooking Needs","Canned Food","Canned & Jarred Vegetables","Sun","Sun Luck Water Chestnuts Sliced Peeled","","Sun Luck Water Chestnuts Sliced Peeled","1.29","0.0","Market Basket","8 oz","8 oz","17106.jpg","","3"
"609","Laundry & Paper Goods","Paper Goods","Paper Napkins","Medline","ReadyFlush Select Dispensable CleansingClothes","","ReadyFlush Select Dispensable CleansingClothes","3.74","1.0","Market Basket","48 count","48 count","No Image.jpg","","14"
"35158","Breakfast & Dairy","Breads & Rolls","Buns","Wonder Bread","Wonder Bread Classic Hanburger Buns","072250021098","Wonder Bread Classic Hanburger Buns","3.74","0.0","Market Basket","15 oz","15 oz","X2453.jpg","","18"
"7849","Cooking Needs","Canned Food","Canned Meat & Seafood","Goya","Goya Sardines with Lemon in Oil","","Goya Sardines with Lemon in Oil","2.49","0.0","Market Basket","4.25 oz","4.25 oz","5228.jpg","","2"
"34116","Beverages & Juices","Energy & Sports Drinks","Energy & Sports Drinks","Powerade","Powerade Sports Drink Lemon Lime","049000079371","Powerade Sports Drink Lemon Lime","1.1","0.0","Market Basket","28 fl oz","28 fl oz","X2697.jpg","","10"
"9836","Frozen Food","Frozen Produce","Frozen Produce","Market Basket","Market Basket Broccoli Florets","","Market Basket Broccoli Florets","1.88","0.0","Market Basket","16 oz bag","16 oz bag","Market Basket.jpg","","19"
"30949","Condiments & Dressings","Marinades, Ketchup & Sauces","Marinades & Meat Preparation","Cholula ","Cholula Hot Sauce Imported From Mexico Original","715364400372","Cholula Hot Sauce Imported From Mexico Original","1.88","0.0","Market Basket","32 fl oz","32 fl oz","X2041.jpg","","2"
"4752","Meat & Seafood","Frozen Meat & Seafood","Chicken Products","Weaver Fully Cooked","Weaver Fully Cooked Chicken Breast Patties, 1.62 lb. (Frozen)","","Weaver Fully Cooked Chicken Breast Patties, 1.62 lb. (Frozen)","4.89","0.0","Market Basket","26 oz","26 oz","16042.jpg","","22"
"33659","Beverages & Juices","Juices & Refrigerated Drinks","Juice & Nectars","Ocean Spray","Ocean Spray Cranberry Juice Cocktail","031200200433","Ocean Spray Cranberry Juice Cocktail","3.74","0.0","Market Basket","64 fl oz","64 fl oz","X2825.jpg","","10"
"14823","Personal Care","Body Wash, Soap & Hair Care","Scrub","St. Ives","St. Ives Blemish Control Apricot Scrub","","St. Ives Blemish Control Apricot Scrub","6.66","1.0","Market Basket","6 fl oz","6 fl oz","18137.jpg","","13"
"8816","Condiments & Dressings","Salad Dressings & Toppings","Salad Dressing & Toppings","Fresh Gourmet Classic","Fresh Gourmet Tortilla Strips Tri Color","","Fresh Gourmet Tortilla Strips Tri Color","1.89","0.0","Market Basket","3.5 oz","3.5 oz","15437.jpg","","2"
"9144","Frozen Food","Frozen Dinners & Entrees","Frozen Appetizers & Sides","Market Basket","Market Basket French Fries","","Market Basket French Fries","1.89","0.0","Market Basket","33 oz","33 oz","Market Basket.jpg","","18"
"4989","Chips, Cookies & Snacks","Chips & Fruit Snacks","Chips & Pretzels","Utz","Utz Kettle Classic Dark Russet Potato Chips","","Utz Kettle Classic Dark Russet Potato Chips","4.69","0.0","Market Basket","8 oz","8 oz","865.jpg","","0"
"31809","Meat & Seafood","Packaged Meat & Seafood","Bacon","Hormel ","Hormel Black Lable Original Bacon","","Hormel Black Lable Original Bacon","6.23","0.0","Market Basket","16 oz","16 oz","X4452.jpg","","1"
"33889","Condiments & Dressings","Pickled Goods & Olives","Pickled Goods & Olives","Pastene","Pastene Imported Quartered & Marinated Artichoke Hearts ","066086100249","Pastene Imported Quartered & Marinated Artichoke Hearts ","6.24","0.0","Market Basket","24 oz","24 oz","X2329.jpg","","2"
"14871","Personal Care","Personal Needs","Family Planning","KY","KY Jelly Personal Lubricant","","KY Jelly Personal Lubricant","3.78","1.0","Market Basket","2 fl oz","2 fl oz","6753.jpg","","13"
"3612","Fresh Produce","Fresh Vegetables","Eggplant","Market Basket","Thai Egg Plant","","Thai Egg Plant","2.19","0.0","Market Basket","1 lb","1 lb","f195.jpg","","20"
"7769","Cooking Needs","Canned Food","Canned Meals & Beans","Hanover","Hanover Garbanzo Beans","","Hanover Garbanzo Beans","0.89","0.0","Market Basket","7.75 oz","7.75 oz","17131.jpg","","2"
"3667","Fresh Produce","Fresh Fruits","Kiwi","Market Basket","Zespri Bag of Kiwis","","Zespri Bag of Kiwis","3.99","0.0","Market Basket","1 lb","1 lb","14254.jpg","","20"
"6269","Beverages & Juices","Water","Water","Glaceau","Glaceau Vapor Distilled Premium Water Bottle","","Glaceau Vapor Distilled Premium Water Bottle","9.99","0.0","Market Basket","6 x 1 L","6 x 1 L","No Image.jpg","","11"
"31579","Frozen Food","Frozen Dinners & Entrees","Frozen Appetizers & Sides","Gorton's","Gorton's Beer Battered Whole Fillets (Not Minced)","044400153508","Gorton's Beer Battered Whole Fillets (Not Minced)","6.24","0.0","Market Basket","18.2 oz","18.2 oz","X4395.jpg","","18"
"9837","Frozen Food","Frozen Produce","Frozen Produce","Market Basket","Market Basket Butternut Squash","","Market Basket Butternut Squash","1.59","0.0","Market Basket","20 oz","20 oz","Market Basket.jpg","","19"
"8729","Condiments & Dressings","Preserved Dips & Spreads","Preserved Dips & Salsa","Mitchell's","Mitchell's Fresh Mild Salsa","","Mitchell's Fresh Mild Salsa","4.89","0.0","Market Basket","15 oz","15 oz","15595.jpg","","20"
"32545","Condiments & Dressings","Pickled Goods & Olives","Olives","Levant ","Levant Mediterranean Delicacies Black Olives Ricotta Suffed Cherry Peppers ","859215010119","Levant Mediterranean Delicacies Black Olives Ricotta Suffed Cherry Peppers ","4.36","0.0","Market Basket","10.5 oz","10.5 oz","X2293.jpg","","2"
"30225","Cooking Needs","Canned Food","Baked Beans","B&M","B&M Brick Oven Baked Boston's Best Baked Beans With Molasses & Spices","","B&M Brick Oven Baked Boston's Best Baked Beans With Molasses & Spices","2.11","0.0","Market Basket","28 oz","28 oz","X1840.jpg","","2"
"7524","Cooking Needs","Canned Food","Canned & Jarred Vegetables","Market Basket","Market Basket Sliced Beets","","Market Basket Sliced Beets","0.99","0.0","Market Basket","15 oz","15 oz","Market Basket.jpg","","9"
"3681","Fresh Produce","Fresh Fruits","Mixed Fruit platters and bowls","Market Basket","Fruit Platter With Dip","","Fruit Platter With Dip","27.82","0.0","Market Basket","1 each","1 each","Market Basket.jpg","","20"
"34784","Frozen Food","Frozen Dinners & Entrees","Frozen Appetizers & Sides","TAI & PEI","TAI & PEI Orange Chicken","070077811267","TAI & PEI Orange Chicken","2.99","0.0","Market Basket","11 oz","11 oz","X3984.jpg","","18"
"32928","Breakfast & Dairy","Dairy & Eggs","Yogurt","Market Basket","Market Basket Greek Nonfat Yogurt Strawberry ","","Market Basket Greek Nonfat Yogurt Strawberry ","4.86","0.0","Market Basket","32 oz","32 oz","X566.jpg","","1"
"33090","Breakfast & Dairy","Granola & Oats","Oats","Market Basket ","Market Basket Apple & Cinnamon Instant Oatmeal","049705011805","Market Basket Apple & Cinnamon Instant Oatmeal","2.5","0.0","Market Basket","7.9 oz","7.9 oz","X3560.jpg","","5"
"35024","Cooking Needs","Rice & Grains","Grains, Rice & Dried Goods","Vigo","Vigo Imported Quinoa Boil in Bag Gluten free & Wheat free WHole Grain ","071072040706","Vigo Imported Quinoa Boil in Bag Gluten free & Wheat free WHole Grain ","7.49","0.0","Market Basket","12 oz","12 oz","X1061.jpg","","4"
"7706","Cooking Needs","Canned Food","Canned Meals & Beans","Bush's Best","Bush's Best Organic Dark Red Kidney Beans","","Bush's Best Organic Dark Red Kidney Beans","1.49","0.0","Market Basket","15 oz","15 oz","5142.jpg","","2"
"31846","Cooking Needs","Canned Food","Tomato Paste","Hunts","Hunts Tomato Paste Basil, Garlic & Oregano ","027000388235","Hunts Tomato Paste Basil, Garlic & Oregano ","1.11","0.0","Market Basket","6 oz","6 oz","X1288.jpg","","4"
"31176","Frozen Food","Frozen Pizza","Frozen Pizza","Digiorno","Digiorno Four Cheese ","071921003388","Digiorno Four Cheese ","7.49","0.0","Market Basket","28.2 oz","28.2 oz","X4932.jpg","","19"
"31013","Cooking Needs","Canned Food","Canned Tomatoes","Contadina","Cotadina Roma Tomatoes Puree","024000133568","Cotadina Roma Tomatoes Puree","1.88","0.0","Market Basket","29 oz","29 oz","X1385.jpg","","4"
"34172","Pasta & Sauces","Raw Pasta","Raw Pasta","Prince","Prince Lasagna","041129020609","Prince Lasagna","1.88","0.0","Market Basket","16 oz","16 oz","X1662.jpg","","4"
"4372","Meat & Seafood","Meat & Seafood Counter","Turkey","Shady Brook Farms","Shady Brook Farms All Natural Turkey","","Shady Brook Farms All Natural Turkey","2.2","0.0","Market Basket","Approx: 1.30 lb at $1.69/lb","Approx: 1.30 lb at $1.69/lb","No Image.jpg","","22"
"31839","Frozen Food","Frozen Dinners & Entrees","Frozen Appetizers & Sides","Hungry-Man","Hungry-Man Beer Battered Chicken","051000063205","Hungry-Man Beer Battered Chicken","3.74","0.0","Market Basket","14.5 oz","14.5 oz","X4009.jpg","","18"
"154","Kitchen & Cleaning","Cleaning Products","Other Cleaning Products","Glade","Scrubbing Bubbles Mega Shower Foamer with Ultra Cling Wide Spray Glade Rainshower","","Scrubbing Bubbles Mega Shower Foamer with Ultra Cling Wide Spray Glade Rainshower","4.89","1.0","Market Basket","1 ct","1 ct","4295.jpg","","15"
"312","Kitchen & Cleaning","Food Storage & Kitchen Supplies","Plastic/Cling Wrap","Glad","Glad Plastic Food Wrap","","Glad Plastic Food Wrap","6.09","1.0","Market Basket","3 count","3 count","4417.jpg","","12"
"31845","Cooking Needs","Canned Food","Tomato Paste","Hunts","Hunts Tomato Pasta","027000388112","Hunts Tomato Pasta","2.11","0.0","Market Basket","12 oz","12 oz","X1277.jpg","","4"
"30737","Cooking Needs","Canned Food","Baked Beans","Bush's","Bush's Best Since 1908 Vegetarians Brown Sugar Hickory Baked Beans","","Bush's Best Since 1908 Vegetarians Brown Sugar Hickory Baked Beans","3.0","0.0","Market Basket","28 oz","28 oz","X1832.jpg","","2"
"8716","Condiments & Dressings","Preserved Dips & Spreads","Preserved Dips & Salsa","Calavo","Calavo Guacamole, Spicy","","Calavo Guacamole, Spicy","3.89","0.0","Market Basket","12 oz","12 oz","No Image.jpg","","1"
"30347","Chips, Cookies & Snacks","Candy & Chocolates","Candy & Chocolate","Bark Thins","Bark Thins Snacking Chocolate Dark Chocolate Almond& Sea Salt ","","Bark Thins Snacking Chocolate Dark Chocolate Almond& Sea Salt ","4.49","0.0","Market Basket","4.7 oz","4.7 oz","X33.jpg","","3"
"30002","Condiments & Dressings","Marinades, Ketchup & Sauces","Sauce","A Taste Of Thai ","A Taste Of Thai Sweet Chilli Sause ","070650800367","A Taste Of Thai Sweet Chilli Sause ","4.36","0.0","Market Basket","7 fl oz","7 fl oz","X5356.jpg","","3"
"31600","Frozen Food","Frozen Produce","Frozen Produce","Goya","Goya 10 Discos","041331090605","Goya 10 Discos","2.11","0.0","Market Basket","14 oz","14 oz","X4425.jpg","","18"
"12850","Breakfast & Dairy","Breads & Rolls","Croissant","Market Basket","Market Basket Signature Gourmet Mini Croissants","","Market Basket Signature Gourmet Mini Croissants","4.39","0.0","Market Basket","8 oz","8 oz","Market Basket.jpg","","0"
"34584","Beverages & Juices","Tea, Coffee, Milk & Coconut Water","Tea","Snapple","Snapple All Natural Raspberry Tea","076183263785","Snapple All Natural Raspberry Tea","7.49","0.0","Market Basket","6 x 16 fl oz","6 x 16 fl oz","X3004.jpg","","10"
"5338","Chips, Cookies & Snacks","Cookies & Crackers","Cookies & Cakes","belVita","belVita Sandwich Cinnamon Brown Sugar With Vanilla Creme","","belVita Sandwich Cinnamon Brown Sugar With Vanilla Creme","4.69","0.0","Market Basket","8.8 oz","8.8 oz","No Image.jpg","","6"
"5594","Chips, Cookies & Snacks","Candy & Chocolates","Candy & Chocolate","Swedish Fish","Swedish Fish Candy","","Swedish Fish Candy","2.09","0.0","Market Basket","8 oz","8 oz","14933.jpg","","3"
"6100","Beverages & Juices","Soft Drinks & Seltzers","Soft Drinks","Coca-Cola","Coca Cola Zero Sugar Diet Coke Box of Cans","","Coca Cola Zero Sugar Diet Coke Box of Cans","6.86","0.0","Market Basket","12 x 12 fl oz","12 x 12 fl oz","No Image.jpg","","17"
"34289","Beverages & Juices","Juices & Refrigerated Drinks","Juice & Nectars","R.W. Knudsen","R.W. Knudsen Organci Just Pomegranate Juice","074682103083","R.W. Knudsen Organci Just Pomegranate Juice","9.99","0.0","Market Basket","32 fl oz","32 fl oz","X2902.jpg","","10"
"15037","Personal Care","Personal Needs","Deodorants","Old Spice","Old Spice Extra-Strong Anti-Perspirant/Deodorant Extra Fresh","","Old Spice Extra-Strong Anti-Perspirant/Deodorant Extra Fresh","7.0","1.0","Market Basket","2.6 oz","2.6 oz","6306.jpg","","13"
"6808","Cooking Needs","Baking & Cooking","Baking Ingredients","Carnation ","Carnation Evaporated Milk Vitamin D","","Carnation Evaporated Milk Vitamin D","1.59","0.0","Market Basket","12 fl oz","12 fl oz","2366.jpg","","8"
"7200","Cooking Needs","Spices & Seasonings","Spices & Seasonings","Badia","Badia Onion Powder","","Badia Onion Powder","3.69","0.0","Market Basket","9.5 oz","9.5 oz","2224.jpg","","9"
"87","Kitchen & Cleaning","Cleaning Products","All Purpose Cleaner","Bon Ami","Bon Ami Powder Cleanser","","Bon Ami Powder Cleanser","1.29","1.0","Market Basket","12 x 14 oz","12 x 14 oz","16805.jpg","","15"
"295","Kitchen & Cleaning","Food Storage & Kitchen Supplies","Casserole Pans","Hefty","Hefty Ez Foil 11 3/4 in x 9 1/4 in x 1 1/2 in Casserole Pans","","Hefty Ez Foil 11 3/4 in x 9 1/4 in x 1 1/2 in Casserole Pans","4.89","1.0","Market Basket","2 count","2 count","4472.jpg","","12"
"303","Kitchen & Cleaning","Food Storage & Kitchen Supplies","Multi Purpose Pans","Reynolds","Reynolds Bakeware 16.13 in. x 11.75 in. x 2.88 in. Heavy Duty with Lid Multi Purpose Pan","","Reynolds Bakeware 16.13 in. x 11.75 in. x 2.88 in. Heavy Duty with Lid Multi Purpose Pan","7.39","1.0","Market Basket","1 count","1 count","4479.jpg","","12"
"6377","Beverages & Juices","Water","Sparkling Water","Polar","Polar Original Sparkling Water","","Polar Original Sparkling Water","1.24","0.0","Market Basket","1 L","1 L","No Image.jpg","","11"
"7253","Cooking Needs","Spices & Seasonings","Spices & Seasonings","McCormick","McCormick Bay Leaves","","McCormick Bay Leaves","4.89","0.0","Market Basket","0.62 oz","0.62 oz","2159.jpg","","9"
"6668","Beverages & Juices","Juices & Refrigerated Drinks","Refrigerated Drinks","Tropicana ","Tropicana PURE PRIMIUM NO PULP CALCIUM + VITAMIN D 100% ORANGE JUICE WITH CALICIUM & VITAMIN D","","Tropicana PURE PRIMIUM NO PULP CALCIUM + VITAMIN D 100% ORANGE JUICE WITH CALICIUM & VITAMIN D","4.99","0.0","Market Basket","48 fl oz","48 fl oz","X846.jpg","","1"
"10424","Cooking Needs","Canned Food","Canned Food","Goya","Goya Small Red Beans","","Goya Small Red Beans","6.09","0.0","Market Basket","4 lb","4 lb","5816.jpg","","7"
"9142","Frozen Food","Frozen Dinners & Entrees","Frozen Appetizers & Sides","Market Basket","Market Basket Cooked And Peeled Shrimp Ring","","Market Basket Cooked And Peeled Shrimp Ring","9.79","0.0","Market Basket","16 oz","16 oz","Market Basket.jpg","","18"
"32680","Frozen Food","Frozen Pasta","Frozen Pasta","Mama Rosie's","Mama Rosie's Ricota Cheese Stuffed Shells","076239424252","Mama Rosie's Ricota Cheese Stuffed Shells","8.74","0.0","Market Basket","56 oz","56 oz","X4337.jpg","","18"
"265","Kitchen & Cleaning","Dish Detergents","Dishwasher Detergent","Finish","Finish Powerball Automatic Dishwasher Detergent","","Finish Powerball Automatic Dishwasher Detergent","4.89","1.0","Market Basket","17 count","17 count","4350.jpg","","15"
"30390","Chips, Cookies & Snacks","Chips & Fruit Snacks","Fruit & Vegetable Snacks","Betty Crocker","Betty Crocker Dream Work Trolls Word Tour ","016000476950","Betty Crocker Dream Work Trolls Word Tour ","2.5","0.0","Market Basket","8 oz","8 oz","X5167.jpg","","19"
"7981","Cooking Needs","Canned Food","Soup, Broth & Bouillon","Campbell's","Campbell's Ready to Serve Low Sodium Cream of Mushroom Soup","","Campbell's Ready to Serve Low Sodium Cream of Mushroom Soup","2.09","0.0","Market Basket","10.5 oz","10.5 oz","5379.jpg","","2"
"10243","Frozen Food","Ice Cream & Ice","Ice Cream & Ice","Turkey Hill","Turkey Hill All Natural Salted Caramel Ice Cream","","Turkey Hill All Natural Salted Caramel Ice Cream","4.59","0.0","Market Basket","48 fl oz","48 fl oz","3134.jpg","","21"
"14775","Personal Care","Body Wash, Soap & Hair Care","Hair Care","Pantene","Pantene Pro-V Sheer Volume Conditioner","","Pantene Pro-V Sheer Volume Conditioner","6.66","1.0","Market Basket","12.6 fl oz","12.6 fl oz","18176.jpg","","13"
"30899","Breakfast & Dairy","Dairy & Eggs","Yogurt","Chobani","Chobani Layered Greek Yogurt Raspberry Lemonade ","","Chobani Layered Greek Yogurt Raspberry Lemonade ","1.25","0.0","Market Basket","5.3 oz","5.3 oz","X106.jpg","","1"
"30583","Cooking Needs","Baking & Cooking","Flour","Bob's Red Mill","Bob's Red Mill Stone Ground Dark Rye Flour Whole Grain Non GMO","039978113139","Bob's Red Mill Stone Ground Dark Rye Flour Whole Grain Non GMO","3.74","0.0","Market Basket","20 oz","20 oz","X5291.jpg","","3"
"33981","Breakfast & Dairy","Breads & Rolls","Buns","Pepperidge Farm","Pepperidge Farm 8 Soft White Hamburger Buns","014100071877","Pepperidge Farm 8 Soft White Hamburger Buns","4.36","0.0","Market Basket","14.5 oz","14.5 oz","X2497.jpg","","18"
"7384","Cooking Needs","Spices & Seasonings","Spices & Seasonings","Spice Classics","Spice Classics Garlic Powder","","Spice Classics Garlic Powder","1.29","0.0","Market Basket","2.5 oz","2.5 oz","2253.jpg","","9"
"6987","Cooking Needs","Baking & Cooking","Doughs, Gelatins & Bake Mixes","Jell-O","Jell O Sugar Free Fat Free Vanilla Instant Pudding & Pie Filling Mix","","Jell O Sugar Free Fat Free Vanilla Instant Pudding & Pie Filling Mix","1.09","0.0","Market Basket","1 oz","1 oz","2066.jpg","","8"
"35090","Condiments & Dressings","Preserved Dips & Spreads","Spreads","Welch's","Welch's Paradise in a Glass Welch's FAMILY FARMER OWNED Berry Pineapple Passion Fruit Beverage","","Welch's Paradise in a Glass Welch's FAMILY FARMER OWNED Berry Pineapple Passion Fruit Beverage","2.5","0.0","Market Basket","59 fl oz","59 fl oz","X892.jpg","","3"
"33355","Cooking Needs","Canned Food","Canned Fruit & Applesauce","Mott's ","Mott's No Sugar Added Applauce Apple 4 Clear Poches Great Taste You Can See","","Mott's No Sugar Added Applauce Apple 4 Clear Poches Great Taste You Can See","3.13","0.0","Market Basket","12.7 oz","12.7 oz","X617.jpg","","3"
"13780","Breakfast & Dairy","Dairy & Eggs","Packaged Cheese","Mini Babybel","Mini Babybel Original Semisoft Cheeses","","Mini Babybel Original Semisoft Cheeses","4.89","0.0","Market Basket","10 count","10 count","14557.jpg","","1"
"14607","Beverages & Juices","Tea, Coffee, Milk & Coconut Water","Tea","Snapple","Snapple Diet Raspberry Tea","","Snapple Diet Raspberry Tea","7.49","0.0","Market Basket","12 x 16 fl oz","12 x 16 fl oz","X2993.jpg","","10"
"10208","Frozen Food","Ice Cream & Ice","Ice Cream & Ice","Popsicle","Popsicle Ice Pops Star Wars","","Popsicle Ice Pops Star Wars","3.69","0.0","Market Basket","18 count","18 count","18027.jpg","","21"
"7020","Cooking Needs","Baking & Cooking","Doughs, Gelatins & Bake Mixes","Pillsbury","Pillsbury Pie Crusts","","Pillsbury Pie Crusts","3.59","0.0","Market Basket","14.1 oz","14.1 oz","2025.jpg","","1"
"33941","Pasta & Sauces","Raw Pasta","Raw Pasta","Pennsylvania Dutch","Pennsylvania Dutch Hearty Homestyle Egg Noodles","015100026256","Pennsylvania Dutch Hearty Homestyle Egg Noodles","2.5","0.0","Market Basket","12 oz","12 oz","X1687.jpg","","4"
"5167","Chips, Cookies & Snacks","Cookies & Crackers","Crackers","Crunchmaster","Crunchmaster Multi Grain Crackers Sea Salt","","Crunchmaster Multi Grain Crackers Sea Salt","4.67","0.0","Market Basket","4 oz","4 oz","15141.jpg","","6"
"30991","Cooking Needs","Oils & Vinegars","Oils & Vinegars","Colavita","Colavita Balsamic Vinegar Of Modena ","","Colavita Balsamic Vinegar Of Modena ","4.36","0.0","Market Basket","17 fl oz","17 fl oz","X1784.jpg","","2"
"15118","Personal Care","Personal Needs","Facial Care","Olay","Olay Regenerist Olay Regenerist Eye Lifting Eye Serum 0.5 fl. oz. Female Skin Care","","Olay Regenerist Olay Regenerist Eye Lifting Eye Serum 0.5 fl. oz. Female Skin Care","30.92","1.0","Market Basket","0.5 fl oz","0.5 fl oz","6257.jpg","","13"
"4670","Meat & Seafood","Canned Meat & Seafood","Canned Sardines","King Oscar","King Oscar Sardines In Extra Virgin Olive Oil","","King Oscar Sardines In Extra Virgin Olive Oil","3.69","0.0","Market Basket","3.75 oz","3.75 oz","5232.jpg","","2"
"4862","Chips, Cookies & Snacks","Chips & Fruit Snacks","Chips & Pretzels","Lay's","Lay's Classic Potato Chips Party Size","","Lay's Classic Potato Chips Party Size","5.47","0.0","Market Basket","13 oz","13 oz","873.jpg","","0"
"12693","Breakfast & Dairy","Breads & Rolls","Bread","Grand Central Bakery","Grand Central Bakery Sliced Scali","","Grand Central Bakery Sliced Scali","3.49","0.0","Market Basket","1 lb","1 lb","No Image.jpg","","18"
"14478","Breakfast & Dairy","Tea & Coffee","Coffee","StarBucks","Starbucks Dark Roast Ground Coffee Ã¢â¬â Sumatra Ã¢â¬â 100% Arabica","","Starbucks Dark Roast Ground Coffee Ã¢â¬â Sumatra Ã¢â¬â 100% Arabica","8.59","0.0","Market Basket","12 oz","12 oz","3303.jpg","","8"
"34756","Meat & Seafood","Canned Meat & Seafood","Chicken","Swanson ","Swanson White Premium Chunk Chicken Breast With Rib Meat In Water ","","Swanson White Premium Chunk Chicken Breast With Rib Meat In Water ","4.38","0.0","Market Basket","4.5 oz","4.5 oz","X1867.jpg","","2"
"14632","Breakfast & Dairy","Tea & Coffee","Tea","Twinings","Twinings of London 100% Pure Black Tea Ceylon Orange Pekoe","","Twinings of London 100% Pure Black Tea Ceylon Orange Pekoe","3.69","0.0","Market Basket","20 count","20 count","3439.jpg","","8"
"7593","Cooking Needs","Canned Food","Canned & Jarred Vegetables","Pomi","Pomi Strained Tomatoes","","Pomi Strained Tomatoes","2.49","0.0","Market Basket","26.46 oz","26.46 oz","17096.jpg","","9"
"13351","Breakfast & Dairy","Dairy & Eggs","Cream","Hood","Hood Heavy Cream","","Hood Heavy Cream","3.59","0.0","Market Basket","16 fl oz","16 fl oz","569.jpg","","1"
"31442","Breakfast & Dairy","Bars & Pastries","Cereal Bars","General Mills","General Mills Lucky Charms Treats Cereal Bars","016000467476","General Mills Lucky Charms Treats Cereal Bars","3.75","0.0","Market Basket","8 x 0.85 oz","8 x 0.85 oz","X3852.jpg","","5"
"5403","Chips, Cookies & Snacks","Cookies & Crackers","Crackers","Back to Nature","Back to Nature Classic Round Crackers","","Back to Nature Classic Round Crackers","6.23","0.0","Market Basket","8.5 oz","8.5 oz","No Image.jpg","","6"
"31605","Frozen Food","Frozen Produce","Frozen Produce","Goya","Goya Beef Empanadas Empanadas de Carna de Res","041331090346","Goya Beef Empanadas Empanadas de Carna de Res","4.99","0.0","Market Basket","10 oz","10 oz","X4439.jpg","","18"
"4850","Chips, Cookies & Snacks","Chips & Fruit Snacks","Chips & Pretzels","Kettle","Kettle Brand Potato Chips, Krinkle Cut Salt & Ground Pepper Kettle Chips","","Kettle Brand Potato Chips, Krinkle Cut Salt & Ground Pepper Kettle Chips","4.69","0.0","Market Basket","8.5 oz","8.5 oz","14880.jpg","","0"
"32254","Condiments & Dressings","Salad Dressings & Toppings","Salad Dressing & Toppings","Ken's Steak House","Ken's Seak House Simply Thousand Island Dressing ","041335000532","Ken's Seak House Simply Thousand Island Dressing ","3.49","0.0","Market Basket","16 fl oz","16 fl oz","X422.jpg","","2"
"31637","Beverages & Juices","Juices & Refrigerated Drinks","Juice & Nectars","Guzzler","Guzzler Alpine Freeze Artificially Flavoured Drink","018397000091","Guzzler Alpine Freeze Artificially Flavoured Drink","0.63","0.0","Market Basket","20 fl oz","20 fl oz","X2651.jpg","","10"
"7370","Cooking Needs","Spices & Seasonings","Spices & Seasonings","Old Bay","Old Bay Shaker Bottle Seafood Seasoning","","Old Bay Shaker Bottle Seafood Seasoning","3.09","0.0","Market Basket","2.62 oz","2.62 oz","15625.jpg","","9"
"32802","Chips, Cookies & Snacks","Candy & Chocolates","Candy & Chocolate","Market Basket","Market Basket Suger Free RootBeer Barrels Artificially Flavored","","Market Basket Suger Free RootBeer Barrels Artificially Flavored","1.24","0.0","Market Basket","3 oz","3 oz","X518.jpg","","3"
"4526","Meat & Seafood","Lunch Meat","Ham","Smithfield","Smithfield Sliced Hickory Smoked Boneless Ham","","Smithfield Sliced Hickory Smoked Boneless Ham","9.33","0.0","Market Basket","Approx: 2.28 lb at $4.09/lb","Approx: 2.28 lb at $4.09/lb","No Image.jpg","","22"
"7983","Cooking Needs","Canned Food","Soup, Broth & Bouillon","Campbell's","Campbell's Soup on the Go Campbell's Chicken & Mini Round Noodles Sipping Soup","","Campbell's Soup on the Go Campbell's Chicken & Mini Round Noodles Sipping Soup","2.09","0.0","Market Basket","10.75 oz","10.75 oz","17261.jpg","","2"
"3747","Fresh Produce","Fresh Herbs","Cilantro","Market Basket","Cilantro","","Cilantro","1.83","0.0","Market Basket","1 bunch","1 bunch","14543.jpg","","20"
"34610","Cooking Needs","Oils & Vinegars","Oils & Vinegars","Spectrum","Spectrum Culinary Organic Extra Virgin Olive Oil Cold Extracted Unfefined Medium Heat","022506421752","Spectrum Culinary Organic Extra Virgin Olive Oil Cold Extracted Unfefined Medium Heat","14.99","0.0","Market Basket","17 fl oz","17 fl oz","X2018.jpg","","2"
"7336","Cooking Needs","Spices & Seasonings","Spices & Seasonings","McCormick","McCormick Peppercorn Medley Grinder","","McCormick Peppercorn Medley Grinder","2.49","0.0","Market Basket","0.85 oz","0.85 oz","2135.jpg","","9"
"4160","Meat & Seafood","Meat & Seafood Counter","Italian Sausage","Market Basket","Market Basket Sweet Italian Sausage","","Market Basket Sweet Italian Sausage","3.76","0.0","Market Basket","Approx: 1.02 lb at $3.69/lb","Approx: 1.02 lb at $3.69/lb","Market Basket.jpg","","22"
"7252","Cooking Needs","Spices & Seasonings","Spices & Seasonings","McCormick","McCormick Basil Leaves","","McCormick Basil Leaves","4.89","0.0","Market Basket","2.87 oz","2.87 oz","2185.jpg","","9"
"30047","Meat & Seafood","Packaged Meat & Seafood","Sausage","Alfresco ","Alfresco Chicken Rotisserie Seasoned Chicken Sausage ","","Alfresco Chicken Rotisserie Seasoned Chicken Sausage ","5.86","0.0","Market Basket","12 oz","12 oz","X4623.jpg","","1"
"34467","Breakfast & Dairy","Breads & Rolls","Bread","Sara Lee","Sara Lee 100% Whole Wheat Bread","072945601345","Sara Lee 100% Whole Wheat Bread","3.74","0.0","Market Basket","20 oz","20 oz","X2484.jpg","","18"
"33789","Pasta & Sauces","Pasta Sauce","Pasta Sauce","Paesana","Paesana Pasta Sauce Marinara Low Sodium","076050170345","Paesana Pasta Sauce Marinara Low Sodium","4.99","0.0","Market Basket","25 oz","25 oz","X1529.jpg","","4"
"7730","Cooking Needs","Canned Food","Canned Meals & Beans","Del Monte","Del Monte Fresh Cut Green Beans","","Del Monte Fresh Cut Green Beans","0.99","0.0","Market Basket","8 oz","8 oz","5183.jpg","","2"
"6145","Beverages & Juices","Soft Drinks & Seltzers","Soft Drinks","Mountain Dew","Mountain Dew Diet","","Mountain Dew Diet","5.0","0.0","Market Basket","6 x 16.9 fl oz","6 x 16.9 fl oz","3960.jpg","","17"
"7037","Cooking Needs","Baking & Cooking","Doughs, Gelatins & Bake Mixes","Royal","Royal Pudding & Pie Filling, Chocolate, Instant","","Royal Pudding & Pie Filling, Chocolate, Instant","0.49","0.0","Market Basket","2.03 oz","2.03 oz","2104.jpg","","8"
"15195","Personal Care","Personal Needs","Oral Hygiene","Crest","Crest Tartar Control Fresh Mint Flavor Liquid Gel Toothpaste","","Crest Tartar Control Fresh Mint Flavor Liquid Gel Toothpaste","2.86","1.0","Market Basket","6 oz","6 oz","6404.jpg","","13"
"442","Kitchen & Cleaning","Trash Bags & Liners","Tall Trash Bags","Hefty","Hefty Odor Block Tall Drawstring Lavender Vanilla 13 Gallon Kitchen Bags","","Hefty Odor Block Tall Drawstring Lavender Vanilla 13 Gallon Kitchen Bags","8.59","1.0","Market Basket","45 x 13 gal","45 x 13 gal","4691.jpg","","12"
"3458","Fresh Produce","Fresh Fruits","Mango","Market Basket","Tropical Mango","","Tropical Mango","2.19","0.0","Market Basket","1 each","1 each","f37.jpg","","20"
"3557","Fresh Produce","Fresh Vegetables","Broccoli","Market Basket","Broccolini","","Broccolini","3.55","0.0","Market Basket","1 count","1 count","14309.jpg","","20"
"15278","Personal Care","Vitamins & Proteins","Protien Drinks","Atkins","Atkins Shake French Vanilla","","Atkins Shake French Vanilla","9.19","1.0","Market Basket","4 x 11 fl oz","4 x 11 fl oz","6731.jpg","","13"
"6230","Beverages & Juices","Water","Sparkling Water","Aha","Aha Sparkling Water Black Cherry + Coffee","","Aha Sparkling Water Black Cherry + Coffee","4.18","0.0","Market Basket","8 x 12 fl oz","8 x 12 fl oz","No Image.jpg","","11"
"31096","Breakfast & Dairy","Dairy & Eggs","Yogurt","Dannon","Dannon Light & Fit Greek Crunch Key Lime Pie ","","Dannon Light & Fit Greek Crunch Key Lime Pie ","1.25","0.0","Market Basket","5 oz","5 oz","X198.jpg","","1"
"14558","Breakfast & Dairy","Tea & Coffee","Tea","Celestial Seasonings","Celestial Seasonings Tea Bags Sleepytime Extra","","Celestial Seasonings Tea Bags Sleepytime Extra","3.69","0.0","Market Basket","20 count","20 count","3470.jpg","","8"
"30179","Beverages & Juices","Juices & Refrigerated Drinks","Juice & Nectars","AriZona","AriZona Grapeade","613008719296","AriZona Grapeade","1.24","0.0","Market Basket","23 fl oz","23 fl oz","X3058.jpg","","10"
"3879","Fresh Produce","Fresh Vegetables","Lettuce","Market Basket","Iceberg Lettuce","","Iceberg Lettuce","1.88","0.0","Market Basket","1 count","1 count","No Image.jpg","","20"
"13439","Breakfast & Dairy","Dairy & Eggs","Eggs","Nature's Yoke Natural","Nature's Yoke Natural Eggs, Pastured, Large, Brown","","Nature's Yoke Natural Eggs, Pastured, Large, Brown","4.79","0.0","Market Basket","12 count","12 count","610.jpg","","1"
"34472","Frozen Food","Frozen Pizza","Frozen Pizza","Screamin' Sicilian ","Screamin' Sicilian Holy Pepperoni ","075706151011","Screamin' Sicilian Holy Pepperoni ","7.49","0.0","Market Basket","22.30 oz","22.30 oz","X4897.jpg","","19"
"7610","Cooking Needs","Canned Food","Canned Fruit & Applesauce","Del Monte","Del Monte 100 Calorie Chunky Mixed Fruit Cherry","","Del Monte 100 Calorie Chunky Mixed Fruit Cherry","1.29","0.0","Market Basket","8.25 oz","8.25 oz","4915.jpg","","3"
"8336","Condiments & Dressings","Fresh Dips & Tapenades","Fresh Dips & Tapenades","Sabra","Sabra Hummus Roasted Pine Nt","","Sabra Hummus Roasted Pine Nt","3.09","0.0","Market Basket","10 oz","10 oz","5547.jpg","","1"
"31735","Meat & Seafood","Packaged Meat & Seafood","Turkey","Hillshire Farm ","Hillishire Farm Ultra Thin Oven Roasted Turkey Breast ","","Hillishire Farm Ultra Thin Oven Roasted Turkey Breast ","7.86","0.0","Market Basket","16 oz","16 oz","X4539.jpg","","1"
"12698","Breakfast & Dairy","Breads & Rolls","Bread","Jessica's Brick Oven Bakery","Jessica's Brick Oven Honey Sunflower Tuscan","","Jessica's Brick Oven Honey Sunflower Tuscan","3.29","0.0","Market Basket","1.25 lb","1.25 lb","No Image.jpg","","18"
"13740","Breakfast & Dairy","Dairy & Eggs","Packaged Cheese","Market Basket","Market Basket Low Moisture Part Skim Mozzarella","","Market Basket Low Moisture Part Skim Mozzarella","3.29","0.0","Market Basket","16 oz","16 oz","Market Basket.jpg","","1"
"4073","Meat & Seafood","Meat & Seafood Counter","Beef","Market Basket","Market Basket Beef Bottom Round Rump Roast","","Market Basket Beef Bottom Round Rump Roast","15.26","0.0","Market Basket","Approx: 3.12 lb at $4.89/lb","Approx: 3.12 lb at $4.89/lb","Market Basket.jpg","","22"
"31000","Meat & Seafood","Packaged Meat & Seafood","Sausage","Colman","Colman Organic Spinach Chicken Sausage","","Colman Organic Spinach Chicken Sausage","5.61","0.0","Market Basket","12 oz","12 oz","X4474.jpg","","1"
"13737","Breakfast & Dairy","Dairy & Eggs","Packaged Cheese","Market Basket","Market Basket Grated Parmesan Cheese","","Market Basket Grated Parmesan Cheese","4.89","0.0","Market Basket","16 oz","16 oz","Market Basket.jpg","","1"
"30711","Frozen Food","Frozen Pasta","Frozen Pasta","Buitoni ","Buitoni Herb Chicken Tortellini Frozen Pasta","","Buitoni Herb Chicken Tortellini Frozen Pasta","7.49","0.0","Market Basket","20 oz","20 oz","X4676.jpg","","1"
"31964","Meat & Seafood","Packaged Meat & Seafood","Sausage","Jones Dairy Farm","Jones Dairy Farm Chicken Sausage Fully Cooked ","","Jones Dairy Farm Chicken Sausage Fully Cooked ","2.86","0.0","Market Basket","5 oz","5 oz","X4747.jpg","","1"
"13928","Breakfast & Dairy","Dairy & Eggs","Specialty Cheeses","BelGioioso","BelGioioso Cheese Fontina Cheese","","BelGioioso Cheese Fontina Cheese","4.89","0.0","Market Basket","8 oz","8 oz","5464.jpg","","1"
"449","Kitchen & Cleaning","Trash Bags & Liners","Tall Trash Bags","Market Basket","Market Basket Drawstring Tall Kitchen Bags","","Market Basket Drawstring Tall Kitchen Bags","3.69","1.0","Market Basket","20 count","20 count","Market Basket.jpg","","12"
"32439","Frozen Food","Frozen Breakfast","Frozen Breads & Doughs","La Fe","La Fe Dough For Pastries","023545003046","La Fe Dough For Pastries","2.49","0.0","Market Basket","20 oz","20 oz","X4415.jpg","","18"
"4865","Chips, Cookies & Snacks","Chips & Fruit Snacks","Chips & Pretzels","Lay's","Lay's Kettle Cooked Mesquite BBQ Potato Chips","","Lay's Kettle Cooked Mesquite BBQ Potato Chips","5.45","0.0","Market Basket","8 oz","8 oz","888.jpg","","0"
"8067","Cooking Needs","Canned Food","Soup, Broth & Bouillon","Maruchan","Maruchan Ramen Noodle Soup Roast Beef Flavor","","Maruchan Ramen Noodle Soup Roast Beef Flavor","1.69","0.0","Market Basket","3 oz","3 oz","5339.jpg","","2"
"350","Kitchen & Cleaning","Food Storage & Kitchen Supplies","Storage Bags","Ziploc","Ziploc Zip'n'Steam Medium Cooking Bags","","Ziploc Zip'n'Steam Medium Cooking Bags","3.49","1.0","Market Basket","10 count","10 count","4407.jpg","","12"
"32564","Condiments & Dressings","Pickled Goods & Olives","Olives","Levant  ","Levant  Mediterranean Delicacies Green Olives ","859215006600","Levant  Mediterranean Delicacies Green Olives ","4.99","0.0","Market Basket","23 oz","23 oz","X2302.jpg","","2"
"15108","Personal Care","Personal Needs","Facial Care","Noxzema","Noxzema Cleanser Original Deep Cleansing","","Noxzema Cleanser Original Deep Cleansing","6.31","1.0","Market Basket","8 oz","8 oz","6276.jpg","","13"
"34148","Pasta & Sauces","Pasta Sauce","Pasta Sauce","Prego","Prego Italian Sauce Flavoured with Meat","051000270139","Prego Italian Sauce Flavoured with Meat","3.75","0.0","Market Basket","45 oz","45 oz","X1442.jpg","","4"
"13411","Breakfast & Dairy","Dairy & Eggs","Eggs","Windy Ridge","Windy Ridge Farms Fresh Quail Eggs","","Windy Ridge Farms Fresh Quail Eggs","3.69","0.0","Market Basket","18 count","18 count","14761.jpg","","1"
"34778","Condiments & Dressings","Marinades, Ketchup & Sauces","Sauces","Tabasco ","Tabasco mc ilhenny Co Pepper Sauce ","011210000018","Tabasco mc ilhenny Co Pepper Sauce ","4.74","0.0","Market Basket","5 fl oz","5 fl oz","X2114.jpg","","2"
"31179","Chips, Cookies & Snacks","Candy & Chocolates","Candy & Chocolate","Divine ","Divine Chocolate Dark Chocolate With Ginger & Orange 70& cocoa","","Divine Chocolate Dark Chocolate With Ginger & Orange 70& cocoa","3.74","0.0","Market Basket","3 oz","3 oz","X226.jpg","","3"
"7386","Cooking Needs","Spices & Seasonings","Spices & Seasonings","Spice Classics","Spice Classics Onion Powder","","Spice Classics Onion Powder","1.29","0.0","Market Basket","2.62 oz","2.62 oz","2254.jpg","","9"
"5001","Chips, Cookies & Snacks","Chips & Fruit Snacks","Chips & Pretzels","Utz","Utz Ripple Fried Dill Pickles Potato Chips","","Utz Ripple Fried Dill Pickles Potato Chips","4.69","0.0","Market Basket","9 oz","9 oz","No Image.jpg","","0"
"4028","Fresh Produce","Fresh Vegetables","Tomato","Market Basket","On The Vine Tomatoes","","On The Vine Tomatoes","2.17","0.0","Market Basket","1 lb","1 lb","FP118.jpg","","20"
"32544","Cooking Needs","Oils & Vinegars","Oils & Vinegars","Levant ","Levant Premiu Extra Virgin Olive Oil ","859215006167","Levant Premiu Extra Virgin Olive Oil ","6.24","0.0","Market Basket","8.45 fl oz","8.45 fl oz","X2286.jpg","","2"
"6459","Chips, Cookies & Snacks","Jerkies","Jerky","Vermont","Vermont Uncured Pepperoni Turkey Sticks","","Vermont Uncured Pepperoni Turkey Sticks","6.24","0.0","Market Basket","3 oz","3 oz","No Image.jpg","","6"
"3784","Fresh Produce","Fresh Organic Fruits","Orange","Market Basket","Organic Oranges, Bag","","Organic Oranges, Bag","6.99","0.0","Market Basket","3 lb","3 lb","FP29.jpg","","20"
"15027","Personal Care","Personal Needs","Deodorants","Dove","Dove Antiperspirant Deodorant Fresh","","Dove Antiperspirant Deodorant Fresh","2.86","1.0","Market Basket","1.6 oz","1.6 oz","6299.jpg","","13"
"33579","Condiments & Dressings","Salad Dressings & Toppings","Salad Dressing & Toppings","NewBridge ","NewBridge Cafe Food & Spirits Famous House Dressing ","","NewBridge Cafe Food & Spirits Famous House Dressing ","4.99","0.0","Market Basket","12 fl oz","12 fl oz","X638.jpg","","2"
"328","Kitchen & Cleaning","Food Storage & Kitchen Supplies","Storage Bags","Market Basket","Market Basket Freezer Resealable Bags","","Market Basket Freezer Resealable Bags","1.89","1.0","Market Basket","15 count","15 count","Market Basket.jpg","","12"
"14464","Breakfast & Dairy","Tea & Coffee","Coffee","Peet's Coffee","Peet's Coffee House Blend Dark Roast Whole Bean Coffee","","Peet's Coffee House Blend Dark Roast Whole Bean Coffee","10.99","0.0","Market Basket","12 oz","12 oz","3332.jpg","","8"
"9842","Frozen Food","Frozen Produce","Frozen Produce","Market Basket","Market Basket Chopped Onions","","Market Basket Chopped Onions","0.89","0.0","Market Basket","10 oz","10 oz","Market Basket.jpg","","19"
"15202","Personal Care","Personal Needs","Oral Hygiene","Glide","Glide 3D White Whitening + Scope Flavor Dental Floss, Radiant Mint","","Glide 3D White Whitening + Scope Flavor Dental Floss, Radiant Mint","4.93","1.0","Market Basket","38.2 yd","38.2 yd","18152.jpg","","13"
"8361","Condiments & Dressings","Honey, Syrup & Nectars","Honey","Golden Blossom Honey","Golden Blossom Honey Honey 100% Pure U.S. Honey","","Golden Blossom Honey Honey 100% Pure U.S. Honey","7.99","0.0","Market Basket","24 oz","24 oz","1605.jpg","","3"
"30621","Condiments & Dressings","Marinades, Ketchup & Sauces","Mustard Sauce","Bookbinder's","Bookbinder's Hot & Sweet Honey Mustard Refrigrate After Opening ","071851800453","Bookbinder's Hot & Sweet Honey Mustard Refrigrate After Opening ","2.86","0.0","Market Basket","12 oz","12 oz","X2192.jpg","","2"
"4166","Meat & Seafood","Packaged Meat & Seafood","Bacon","Market Basket","Market Basket Center Cut Bacon","","Market Basket Center Cut Bacon","6.24","0.0","Market Basket","1 pack","1 pack","Market Basket.jpg","","1"
"4377","Meat & Seafood","Meat & Seafood Counter","Turkey Thighs","Shady Brook Farms","Shady Brook Farms Turkey Thighs","","Shady Brook Farms Turkey Thighs","5.58","0.0","Market Basket","Approx: 2.00 lb at $2.79/lb","Approx: 2.00 lb at $2.79/lb","No Image.jpg","","22"
"33596","Condiments & Dressings","Salad Dressings & Toppings","Salad Dressing & Toppings","Newmen's Own","Newmen's Own Organics Caesar Dressing","020662003737","Newmen's Own Organics Caesar Dressing","4.11","0.0","Market Basket","12 fl oz","12 fl oz","X645.jpg","","2"
"6823","Cooking Needs","Baking & Cooking","Baking Ingredients","Domino","Domino Light Brown Sugar Pure Cane Sugar","","Domino Light Brown Sugar Pure Cane Sugar","1.29","0.0","Market Basket","16 oz","16 oz","2330.jpg","","8"
"33484","Cooking Needs","Rice & Grains","Grains, Rice & Dried Goods","Nature's Earthly Choice","Nature's Earthly Choice Riced Broccoli Paleo Keto ","679948101249","Nature's Earthly Choice Riced Broccoli Paleo Keto ","2.5","0.0","Market Basket","8.5 oz","8.5 oz","X1097.jpg","","4"
"5756","Breakfast & Dairy","Bars & Pastries","Protien Bars","Larabar","Larabar Original Fruit & Nut Food Bar Lemon Bar","","Larabar Original Fruit & Nut Food Bar Lemon Bar","1.25","0.0","Market Basket","1.8 oz","1.8 oz","1316.jpg","","3"
"14440","Breakfast & Dairy","Tea & Coffee","Coffee","New England Coffee","New England Coffee Coffee, Freshly Ground, Medium Roast, Breakfast Blend, Bag","","New England Coffee Coffee, Freshly Ground, Medium Roast, Breakfast Blend, Bag","7.39","0.0","Market Basket","11 oz","11 oz","3365.jpg","","8"
"5807","Breakfast & Dairy","Bars & Pastries","Protien Bars","Pure Protein","Pure Protein Bar Chocolate Peanut Butter","","Pure Protein Bar Chocolate Peanut Butter","8.59","0.0","Market Basket","6 x 1.7oz","6 x 1.7oz","15242.jpg","","3"
"3842","Fresh Produce","Fresh Organic Vegetables","Tomato","Market Basket","Organic Greenhouse Grown Tomato","","Organic Greenhouse Grown Tomato","5.62","0.0","Market Basket","1 count","1 count","FP121.jpg","","20"
"31283","Breakfast & Dairy","Breads & Rolls","Bread","Fantini","Fantini Enriched Italian Vienna Bread","072427000291","Fantini Enriched Italian Vienna Bread","3.13","0.0","Market Basket","15 oz","15 oz","X2593.jpg","","18"
"33226","Condiments & Dressings","Marinades, Ketchup & Sauces","Sauce","Market Basket ","Market Basket Less Sodium Soy Sauce ","049705029060","Market Basket Less Sodium Soy Sauce ","1.24","0.0","Market Basket","10 fl oz","10 fl oz","X5370.jpg","","3"
"34451","Richardson's Farm Ice Cream","Ice Cream Toppings","Ice Cream Toppings","Sander's ","Sander's Dessert Topping  Dark Chocolate Hot Fudge ","03590017307","Sander's Dessert Topping  Dark Chocolate Hot Fudge ","4.99","0.0","Market Basket","10 oz","10 oz","X5140.jpg","","20"
"33736","Chips, Cookies & Snacks","Chips & Fruit Snacks","Popcorn","Orville Redenbacher's ","Orville Redenbacher's Butter ","027000372432","Orville Redenbacher's Butter ","2.5","0.0","Market Basket","9.87 oz","9.87 oz","X4939.jpg","","19"
"9794","Frozen Food","Frozen Produce","Frozen Produce","Cascadian Farm","Cascadian Farm Organic Cut Green Beans","","Cascadian Farm Organic Cut Green Beans","3.09","0.0","Market Basket","16 oz","16 oz","2484.jpg","","19"
"34220","Breakfast & Dairy","Bars & Pastries","Chewy Bars","Quaker","Quaker Chewy Chocolate Chip","030000311752","Quaker Chewy Chocolate Chip","3.13","0.0","Market Basket","8 x 0.84 oz","8 x 0.84 oz","X3868.jpg","","5"
"14971","Personal Care","First Aid & Healthcare","First Aid","Zicam","Zicam RapidMelts Cherry Flavor Cold Remedy","","Zicam RapidMelts Cherry Flavor Cold Remedy","15.51","1.0","Market Basket","25 count","25 count","17811.jpg","","13"
"34574","Beverages & Juices","Tea, Coffee, Milk & Coconut Water","Tea","Snapple","Snapple Diet  Lemon Tea","076183643761","Snapple Diet  Lemon Tea","3.13","0.0","Market Basket","64 fl oz","64 fl oz","X2987.jpg","","10"
"8812","Condiments & Dressings","Salad Dressings & Toppings","Salad Dressing & Toppings","Fresh Gourmet Classic","Fresh Gourmet Classic Caesar Croutons","","Fresh Gourmet Classic Caesar Croutons","1.59","0.0","Market Basket","5 oz","5 oz","15427.jpg","","20"
"7526","Cooking Needs","Canned Food","Canned & Jarred Vegetables","Market Basket","Market Basket Sliced Carrots","","Market Basket Sliced Carrots","0.99","0.0","Market Basket","14.5 oz","14.5 oz","Market Basket.jpg","","9"
"14829","Personal Care","Body Wash, Soap & Hair Care","Soap","Dial","Dial Complete Liquid Antibacterial Hand Soap Gold","","Dial Complete Liquid Antibacterial Hand Soap Gold","2.17","1.0","Market Basket","7.5 fl oz","7.5 fl oz","6337.jpg","","13"
"4641","Meat & Seafood","Canned Meat & Seafood","Canned Tuna","Bumble Bee","Bumble Bee Seasoned Sundried Tomato & Basil Sensations Tuna Medley","","Bumble Bee Seasoned Sundried Tomato & Basil Sensations Tuna Medley","2.19","0.0","Market Basket","4 oz","4 oz","5199.jpg","","2"
"13805","Breakfast & Dairy","Dairy & Eggs","Packaged Cheese","Stella","Stella Feta Cheese","","Stella Feta Cheese","4.89","0.0","Market Basket","16 oz","16 oz","Market Basket.jpg","","1"
"15098","Personal Care","Personal Needs","Facial Care","Chapstick","Chapstick External Analgesic Skin Protectant Classic Medicated","","Chapstick External Analgesic Skin Protectant Classic Medicated","2.75","1.0","Market Basket","1 lb","1 lb","6273.jpg","","13"
"32499","Frozen Food","Frozen Dinners & Entrees","Frozen Meal","Lean Cuisine ","Lean Cuisine Sesame Stir Fry with Chicken","013800121806","Lean Cuisine Sesame Stir Fry with Chicken","3.61","0.0","Market Basket","                11 7/8 oz","                11 7/8 oz","X4215.jpg","","18"
"13552","Breakfast & Dairy","Dairy & Eggs","Other Creams & Cheeses","Dragone","Dragone Whole Milk Ricotta Cheese","","Dragone Whole Milk Ricotta Cheese","4.29","0.0","Market Basket","32 oz","32 oz","14787.jpg","","1"
"9166","Frozen Food","Frozen Dinners & Entrees","Frozen Appetizers & Sides","Monterey","El Monterey Beef & Cheese Taquitos","","El Monterey Beef & Cheese Taquitos","6.69","0.0","Market Basket","21 oz","21 oz","15825.jpg","","1"
"32846","Breakfast & Dairy","Breads & Rolls","Bread","Market Basket","Market Basket Italian Enriched Bread","049705109908","Market Basket Italian Enriched Bread","1.88","0.0","Market Basket","16 oz","16 oz","X2371.jpg","","18"
"8115","Cooking Needs","Canned Food","Soup, Broth & Bouillon","Progresso","Progresso Soup, Traditional, Homestyle Chicken Soup","","Progresso Soup, Traditional, Homestyle Chicken Soup","2.79","0.0","Market Basket","19 oz","19 oz","5264.jpg","","9"
"5705","Breakfast & Dairy","Bars & Pastries","Protien Bars","Atkins","Atkins Snack Bar Peanut Butter Fudge Crisp 5 CT","","Atkins Snack Bar Peanut Butter Fudge Crisp 5 CT","7.39","0.0","Market Basket","5 ct","5 ct","15206.jpg","","3"
"35105","Chips, Cookies & Snacks","Candy & Chocolates","Candy & Chocolate","Werther's","Werther's Original Filled Hard Candies & Soft Caramels","","Werther's Original Filled Hard Candies & Soft Caramels","12.49","0.0","Market Basket","28 oz","28 oz","X896.jpg","","3"
"4492","Meat & Seafood","Lunch Meat","Chicken","Thin 'n Trim","Thin 'n Trim Thinly Sliced Buffalo Style Chicken Breast","","Thin 'n Trim Thinly Sliced Buffalo Style Chicken Breast","7.39","0.0","Market Basket","Approx: 1.00 lb at $7.39/lb","Approx: 1.00 lb at $7.39/lb","No Image.jpg","","22"
"9977","Frozen Food","Ice Cream & Ice","Ice Cream & Ice","Breyer's","Breyers Frozen Dairy Dessert Black Raspberry Chocolate","","Breyers Frozen Dairy Dessert Black Raspberry Chocolate","4.79","0.0","Market Basket","48 oz","48 oz","16144.jpg","","21"
"4074","Meat & Seafood","Meat & Seafood Counter","Beef","Market Basket","Market Basket Beef Chuck Boneless Beef For Stew","","Market Basket Beef Chuck Boneless Beef For Stew","9.48","0.0","Market Basket","Approx: 1.46 lb at $6.49/lb","Approx: 1.46 lb at $6.49/lb","4036.jpg","","22"
"30878","Pasta & Sauces","Instant Pasta","Instant Pasta","Chef Boyardee","Chef Boyardee Mini ABC's & 123's with Meatballs- Pasta & meatballs made with Pork, chicken & beef in Tomato sauce","064144041640","Chef Boyardee Mini ABC's & 123's with Meatballs- Pasta & meatballs made with Pork, chicken & beef in Tomato sauce","1.25","0.0","Market Basket","15 oz","15 oz","X1246.jpg","","4"
"13305","Breakfast & Dairy","Dairy & Eggs","Butter","Land O' Lakes","Land O' Lakes Spread Butter With Olive Oil & Sea Salt","","Land O' Lakes Spread Butter With Olive Oil & Sea Salt","2.09","0.0","Market Basket","7 oz","7 oz","621.jpg","","1"
"32460","Cooking Needs","Canned Food","Canned Tomatoes","La Valle","La Valle Whole Peeled Tomatoes in Tomato Puree with Basil Leaf DOP San Marzano Tomato of Agro Sarnese Nocerino Area Italian","636768010151","La Valle Whole Peeled Tomatoes in Tomato Puree with Basil Leaf DOP San Marzano Tomato of Agro Sarnese Nocerino Area Italian","3.36","0.0","Market Basket","28 oz","28 oz","X1383.jpg","","4"
"32325","Cooking Needs","Rice & Grains","Grains, Rice & Dried Goods","Kitchen & Love","Kitchen & Love Cauliflower Quick Meal Indian Vegetable Curry Fully Cooked","7.28119E+11","Kitchen & Love Cauliflower Quick Meal Indian Vegetable Curry Fully Cooked","4.99","0.0","Market Basket","7.9 oz","7.9 oz","X1058.jpg","","4"
"4952","Chips, Cookies & Snacks","Chips & Fruit Snacks","Chips & Pretzels","Stacy'S","Stacy's Baked Pita Chips Simply Naked","","Stacy's Baked Pita Chips Simply Naked","3.91","0.0","Market Basket","6 x 1 oz","6 x 1 oz","939.jpg","","0"
"8611","Condiments & Dressings","Pickled Goods & Olives","Pickled Goods & Olives","Goya","Goya Alcaparrado, Pimientos & Capers Manzanilla Olives","","Goya Alcaparrado, Pimientos & Capers Manzanilla Olives","4.89","0.0","Market Basket","20 oz","20 oz","1869.jpg","","7"
"30721","Condiments & Dressings","Marinades, Ketchup & Sauces","Sauce","Bumble Bee","Bumble Bee Italian Style White Clam Sauce","086600162003","Bumble Bee Italian Style White Clam Sauce","2.49","0.0","Market Basket","15 oz","15 oz","X1410.jpg","","4"
"34448","Condiments & Dressings","Marinades, Ketchup & Sauces","Paste","Sambal Oelex","Sambal Oelex Ground Fresh Chili Paste","024463061088","Sambal Oelex Ground Fresh Chili Paste","3.99","0.0","Market Basket","18 oz","18 oz","X3233.jpg","","2"
"15127","Personal Care","Personal Needs","Facial Care","Skin Active","Skin Active Moisture Rescue for Normal/Combo Skin Refreshing Gel-Cream","","Skin Active Moisture Rescue for Normal/Combo Skin Refreshing Gel-Cream","11.26","1.0","Market Basket","1.7 oz","1.7 oz","6262.jpg","","13"
"9120","Frozen Food","Frozen Dinners & Entrees","Frozen Appetizers & Sides","Golden Platter","Golden Platter Chicken Tenders, Gluten Free","","Golden Platter Chicken Tenders, Gluten Free","7.39","0.0","Market Basket","24 oz","24 oz","15861.jpg","","18"
"6374","Beverages & Juices","Water","Sparkling Water","Polar","Polar Ruby Red Grapefruit Sparkling Water","","Polar Ruby Red Grapefruit Sparkling Water","1.24","0.0","Market Basket","1 L","1 L","No Image.jpg","","11"
"35131","Condiments & Dressings","Salad Dressings & Toppings","Salad Dressing & Toppings","Wish Bone","Wish Bone Zesty Robusto Italian Dressing","041321006258","Wish Bone Zesty Robusto Italian Dressing","2.5","0.0","Market Basket","15 fl oz","15 fl oz","X902.jpg","","2"
"13836","Breakfast & Dairy","Dairy & Eggs","Refrigerated Pudding & Desserts","KozyShack","KozyShack Original Recipe Chocolate Kozy Shack Original Recipe Chocolate Pudding","","KozyShack Original Recipe Chocolate Kozy Shack Original Recipe Chocolate Pudding","4.09","0.0","Market Basket","6 x 4 oz","6 x 4 oz","823.jpg","","19"
"30794","Breakfast & Dairy","Cereal","Cereal","Cap'n Crunch's","Cap'n Crunch's Crunch Berries ","030000065679","Cap'n Crunch's Crunch Berries ","3.13","0.0","Market Basket","13 oz","13 oz","X3419.jpg","","5"
"287","Kitchen & Cleaning","Food Storage & Kitchen Supplies","Baking Pan","Reynolds","Reynolds Bakeware 13.25 in x 9.63 in x 2.75 in Non-Stick with Lid Baking Pan","","Reynolds Bakeware 13.25 in x 9.63 in x 2.75 in Non-Stick with Lid Baking Pan","6.99","1.0","Market Basket","1 count","1 count","4481.jpg","","12"
"7914","Cooking Needs","Canned Food","Soup, Broth & Bouillon","Better Than Bouillon","Premium Roasted Chicken Base","","Premium Roasted Chicken Base","4.89","0.0","Market Basket","8 oz","8 oz","17192.jpg","","2"
"30174","Beverages & Juices","Juices & Refrigerated Drinks","Juice & Nectars","AriZona","AriZona Mucho Mango ","613008725792","AriZona Mucho Mango ","1.25","0.0","Market Basket","20 fl oz","20 fl oz","X3050.jpg","","10"
"32078","Breakfast & Dairy","Bars & Pastries","Breakfast Bars","Kellogg's ","Kellogg's Rice Krispies Treats Birthday Cake ","038000228124","Kellogg's Rice Krispies Treats Birthday Cake ","3.13","0.0","Market Basket","7 x 0.78 oz","7 x 0.78 oz","X3540.jpg","","5"
"13689","Breakfast & Dairy","Dairy & Eggs","Packaged Cheese","Galbani","Galbani Mozzarella Fresca","","Galbani Mozzarella Fresca","6.09","0.0","Market Basket","1 lb","1 lb","158.jpg","","1"
"7241","Cooking Needs","Spices & Seasonings","Spices & Seasonings","Litehouse","Litehouse Poultry Herb Blend","","Litehouse Poultry Herb Blend","4.09","0.0","Market Basket","0.46 oz","0.46 oz","2278.jpg","","9"
"6658","Beverages & Juices","Juices & Refrigerated Drinks","Refrigerated Drinks","Simply","Simply Grapefruit  ALL NATURAL NOT FROM CONCENTRATE 100% GRAPEFRUIT JUICE","","Simply Grapefruit  ALL NATURAL NOT FROM CONCENTRATE 100% GRAPEFRUIT JUICE","3.74","0.0","Market Basket","52 fl oz","52 fl oz","X767.jpg","","1"
"31145","Frozen Food","Frozen Dinners & Entrees","Frozen Meal","Del monte","Del monte Veggieful Plant-Based Philly Cheesesteak with Bell Peppers & Onions","024000250036","Del monte Veggieful Plant-Based Philly Cheesesteak with Bell Peppers & Onions","3.13","0.0","Market Basket","8 oz","8 oz","X4169.jpg","","18"
"8353","Condiments & Dressings","Honey, Syrup & Nectars","Syrup","Ben's Sugar Shack","Ben's Sugar Shack 100% Pure Maple Syrup","","Ben's Sugar Shack 100% Pure Maple Syrup","6.09","0.0","Market Basket","8 fl oz","8 fl oz","No Image.jpg","","3"
"31516","Frozen Food","Frozen Pasta","Frozen Pasta","Giosanmi Rama ","Giosanmi Rama Family Size Mini Tortellini Classic Cheese  Frozen Pasta","","Giosanmi Rama Family Size Mini Tortellini Classic Cheese  Frozen Pasta","7.49","0.0","Market Basket","20 oz","20 oz","X4671.jpg","","1"
"6087","Beverages & Juices","Soft Drinks & Seltzers","Soft Drinks","Coca-Cola","Coca Cola Cherry Vanilla","","Coca Cola Cherry Vanilla","5.0","0.0","Market Basket","6 x 16.9 fl oz","6 x 16.9 fl oz","3948.jpg","","17"
"31544","Meat & Seafood","Packaged Meat & Seafood","Crepes","Golden ","Golden Cheese Blintzes 6 Filled Crepes ","","Golden Cheese Blintzes 6 Filled Crepes ","6.24","0.0","Market Basket","13 oz","13 oz","X4739.jpg","","1"
"30474","Breakfast & Dairy","Granola & Oats","Oats","Bob's Red Mill","Bob's Red Mill Quick Cooking Steel Cut Oats  The golden Spurtle","039978-31907","Bob's Red Mill Quick Cooking Steel Cut Oats  The golden Spurtle","3.74","0.0","Market Basket","22 oz","22 oz","X3666.jpg","","5"
"14399","Beverages & Juices","Tea, Coffee, Milk & Coconut Water","Tea & Coffee","International Delight","International Delight Caramel Macchiato Iced Coffee","","International Delight Caramel Macchiato Iced Coffee","4.61","0.0","Market Basket","64 fl oz","64 fl oz","X365.jpg","","1"
"31901","Breakfast & Dairy","Dairy & Eggs","Coffee Creamer","International Delight","DELICIOUS & Reese's  INTERNATIONAL Delight","","DELICIOUS & Reese's  INTERNATIONAL Delight","3.99","0.0","Market Basket","32 fl oz","32 fl oz","X369.jpg","","1"
"14917","Personal Care","Feminine Care","Tampon","U by Kotex","U by Kotex - Super Premium Click Compact Tampons, Regular Absorbency, Unscented","","U by Kotex - Super Premium Click Compact Tampons, Regular Absorbency, Unscented","6.2","1.0","Market Basket","18 count","18 count","6517.jpg","","13"
"13327","Breakfast & Dairy","Dairy & Eggs","Cream","Coffee-mate","Coffee mate Creme Brulee Liquid Coffee Creamer","","Coffee mate Creme Brulee Liquid Coffee Creamer","3.69","0.0","Market Basket","32 fl oz","32 fl oz","548.jpg","","1"
"35039","Beverages & Juices","Energy & Sports Drinks","Energy & Sports Drinks","Vitamin Water","Vitamin Water Focus Kiwi Strawberry","786162070005","Vitamin Water Focus Kiwi Strawberry","1.1","0.0","Market Basket","20 fl oz","20 fl oz","X2768.jpg","","10"
"30173","Meat & Seafood","Hot Dogs, Bacon & Sausage","Turkey","Applegate ","Applegate Organics Herb Turkey Breast ","","Applegate Organics Herb Turkey Breast ","7.11","0.0","Market Basket","6 oz","6 oz","X4477.jpg","","1"
"5841","Breakfast & Dairy","Bars & Pastries","Protien Bars","Zone Perfect","Zone Perfect Chocolate Caramel Cluster ZonePerfect Nutrition Bar Chocolate Caramel Cluster Bar Bars","","Zone Perfect Chocolate Caramel Cluster ZonePerfect Nutrition Bar Chocolate Caramel Cluster Bar Bars","1.59","0.0","Market Basket","1.76 oz","1.76 oz","1326.jpg","","3"
"33809","Breakfast & Dairy","Breads & Rolls","Bread","Panera Bread","Panera Bread Whole Grain Baker's Grains 12 Grains and Seeds Bread","835841006795","Panera Bread Whole Grain Baker's Grains 12 Grains and Seeds Bread","4.99","0.0","Market Basket","25 oz","25 oz","X2567.jpg","","18"
"3718","Fresh Produce","Fresh Fruits","Strawberries","Beach Street Farms","Beach Street Farms Strawberries","","Beach Street Farms Strawberries","12.46","0.0","Market Basket","32 oz container","32 oz container","14285.jpg","","20"
"10104","Frozen Food","Ice Cream & Ice","Ice Cream & Ice","Hood","Hood Ice Cream Vanilla Bean","","Hood Ice Cream Vanilla Bean","3.69","0.0","Market Basket","1.5 quart","1.5 quart","3097.jpg","","21"
"98","Kitchen & Cleaning","Cleaning Products","Bathroom Cleaner","Lysol","Lysol Bathroom Cleaner with Hydrogen Peroxide Cool Spring Breeze scent","","Lysol Bathroom Cleaner with Hydrogen Peroxide Cool Spring Breeze scent","4.69","1.0","Market Basket","22 fl oz","22 fl oz","4250.jpg","","15"
"31905","Breakfast & Dairy","Dairy & Eggs","Coffee Creamer","International Delight","Irish Creme HERE'S TO THE COFFEE BREAKING INTERNATIONAL Delight","","Irish Creme HERE'S TO THE COFFEE BREAKING INTERNATIONAL Delight","3.99","0.0","Market Basket","32 fl oz","32 fl oz","X373.jpg","","1"
"8050","Cooking Needs","Canned Food","Soup, Broth & Bouillon","Market Basket","Market Basket Fat Free Reduced Sodium Chicken Broth","","Market Basket Fat Free Reduced Sodium Chicken Broth","1.89","0.0","Market Basket","32 oz","32 oz","Market Basket.jpg","","2"
"31821","Frozen Food","Frozen Dinners & Entrees","Frozen Appetizers & Sides","Hot Pockets","Hot Pockets Italian Style Meatballs and Mozzarella Garlic Buttery Crust 12 pack","043695075137","Hot Pockets Italian Style Meatballs and Mozzarella Garlic Buttery Crust 12 pack","12.49","0.0","Market Basket","54 oz","54 oz","X4799.jpg","","19"
"31594","Frozen Food","Frozen Produce","Frozen Produce","Goya","Goya Congelado Sofreto","041331090636","Goya Congelado Sofreto","2.74","0.0","Market Basket","14 oz","14 oz","X4419.jpg","","18"
"10407","Cooking Needs","Canned Food","Canned Food","Goya","Goya Chick Peas","","Goya Chick Peas","2.99","0.0","Market Basket","16 oz","16 oz","17434.jpg","","7"
"13969","Breakfast & Dairy","Dairy & Eggs","Specialty Cheeses","Market Basket","Market Basket White Cheddar Slices","","Market Basket White Cheddar Slices","3.69","0.0","Market Basket","10 oz","10 oz","Market Basket.jpg","","1"
"13710","Breakfast & Dairy","Dairy & Eggs","Packaged Cheese","Kraft","Kraft Velveeta Sharp Cheddar Cheese Slices","","Kraft Velveeta Sharp Cheddar Cheese Slices","3.09","0.0","Market Basket","16 x 12 oz","16 x 12 oz","17940.jpg","","1"
"33194","Frozen Food","Frozen Pizza","Frozen Pizza","Market Basket ","Market Basket Bake & Rise Pepperoni Pizza","049705708095","Market Basket Bake & Rise Pepperoni Pizza","4.99","0.0","Market Basket","28.3 oz","28.3 oz","X4921.jpg","","19"
"7757","Cooking Needs","Canned Food","Canned Meals & Beans","Goya","Goya Premium Chick Peas (Garbanzos)","","Goya Premium Chick Peas (Garbanzos)","1.29","0.0","Market Basket","15.5 oz","15.5 oz","5097.jpg","","7"
"4666","Meat & Seafood","Canned Meat & Seafood","Canned Squid","Goya","Goya Squid Pieces in their Own Ink","","Goya Squid Pieces in their Own Ink","2.19","0.0","Market Basket","4 oz","4 oz","18090.jpg","","2"
"32907","Breakfast & Dairy","Dairy & Eggs","Sour Cream","Market Basket","Market Basket Grade A Sour Cream","","Market Basket Grade A Sour Cream","1.24","0.0","Market Basket","8 oz","8 oz","X577.jpg","","1"
"13523","Breakfast & Dairy","Dairy & Eggs","Milk","Oakhurst","Oakhurst Fat Free Skim Milk","","Oakhurst Fat Free Skim Milk","2.79","0.0","Market Basket","2 gal","2 gal","Market Basket.jpg","","1"
"31153","Cooking Needs","Canned Food","Canned Tomatoes","Del Monte","Del Monte Stewed Tomatoes with Onion, Celery and Green Peppers No Salt Added","024000014928","Del Monte Stewed Tomatoes with Onion, Celery and Green Peppers No Salt Added","1.25","0.0","Market Basket","14.5 oz","14.5 oz","X1366.jpg","","4"
"32186","Breakfast & Dairy","Bars & Pastries","Breakfast Bars","Kellogg's ","Kellogg's Rice Krispies Treats Orignal ","038000350559","Kellogg's Rice Krispies Treats Orignal ","4.99","0.0","Market Basket","16 x 0.78 oz","16 x 0.78 oz","X3542.jpg","","5"
"32711","Condiments & Dressings","Salad Dressings & Toppings","Dressing","Maple Grove Farms","Maple Grove Farms of Vermont Fat Free Raspberry Vinaigrette ","074683004853","Maple Grove Farms of Vermont Fat Free Raspberry Vinaigrette ","3.11","0.0","Market Basket","8 fl oz","8 fl oz","X1718.jpg","","2"
"15335","Personal Care","Vitamins & Proteins","Vitamins & Supplements","Nature Made","Nature Made Folic Acid 400 mcg (665 mcg DFE) Tablets","","Nature Made Folic Acid 400 mcg (665 mcg DFE) Tablets","5.62","1.0","Market Basket","250 count","250 count","18180.jpg","","13"
"34947","Breakfast & Dairy","Cereal","Cereal","Uncle Sam","Uncle Sam Skinner's Raisin Bran","041653456806","Uncle Sam Skinner's Raisin Bran","4.99","0.0","Market Basket","13 oz","13 oz","X3702.jpg","","5"
"13690","Breakfast & Dairy","Dairy & Eggs","Packaged Cheese","Galbani","Galbani Part Skim Milk Cheese Ricotta","","Galbani Part Skim Milk Cheese Ricotta","3.09","0.0","Market Basket","2 lb","2 lb","153.jpg","","1"
"5994","Beverages & Juices","Energy & Sports Drinks","Energy & Sports Drinks","Gatorade","Gatorade Instant Powder Mix Lemon Lime","","Gatorade Instant Powder Mix Lemon Lime","3.74","0.0","Market Basket","8 x 1.23 oz","8 x 1.23 oz","No Image.jpg","","17"
"30391","Chips, Cookies & Snacks","Chips & Fruit Snacks","Fruit & Vegetable Snacks","Betty Crocker","Betty Crocker Scooby Snacs Fruit Flavored Snacks ","016000424197","Betty Crocker Scooby Snacs Fruit Flavored Snacks ","2.5","0.0","Market Basket","8 oz","8 oz","X5168.jpg","","19"
"15099","Personal Care","Personal Needs","Facial Care","Clean & Clear","Clean & Clear Persa-Gel 10 Acne Medication","","Clean & Clear Persa-Gel 10 Acne Medication","8.5","1.0","Market Basket","1 oz","1 oz","17691.jpg","","13"
"5891","Beverages & Juices","Tea, Coffee, Milk & Coconut Water","Single To-Go Coffee","StarBucks","Starbucks Cold Brew Cocoa & Honey Flavored","","Starbucks Cold Brew Cocoa & Honey Flavored","3.74","0.0","Market Basket","11 fl oz","11 fl oz","No Image.jpg","","17"
"30329","Pasta & Sauces","Raw Pasta","Raw Pasta","Barilla","Barilla Pasta Medium Shells","076808517989","Barilla Pasta Medium Shells","1.74","0.0","Market Basket","1 lb","1 lb","X1633.jpg","","4"
"34119","Beverages & Juices","Energy & Sports Drinks","Energy & Sports Drinks","Powerade","Powerade Zero Sugar Sports Drink White Cherry","049000079562","Powerade Zero Sugar Sports Drink White Cherry","1.1","0.0","Market Basket","28 fl oz","28 fl oz","X2700.jpg","","10"
"6194","Beverages & Juices","Soft Drinks & Seltzers","Soft Drinks","Sierra Mist","Sierra Mist Lemon Lime Flavored Soda, Caffeine Free","","Sierra Mist Lemon Lime Flavored Soda, Caffeine Free","2.5","0.0","Market Basket","2 L","2 L","16649.jpg","","17"
"7262","Cooking Needs","Spices & Seasonings","Spices & Seasonings","McCormick","McCormick Chili Powder","","McCormick Chili Powder","2.49","0.0","Market Basket","1.14 oz","1.14 oz","2152.jpg","","9"
"35188","Chips, Cookies & Snacks","Candy & Chocolates","Candy & Chocolate","Wrigley's ","Wrigley's Extra Long Lasting Flavors Peppermint Naturally And Artificially Flavors","","Wrigley's Extra Long Lasting Flavors Peppermint Naturally And Artificially Flavors","7.49","0.0","Market Basket","120 oz","120 oz","X926.jpg","","3"
"15275","Breakfast & Dairy","Bars & Pastries","Protien Bars","Amrita Protein","Amrita Sun Butter & Jelly Protein Bar","","Amrita Sun Butter & Jelly Protein Bar","2.17","1.0","Market Basket","2.12 oz","2.12 oz","6750.jpg","","13"
"7853","Cooking Needs","Canned Food","Canned Meat & Seafood","Goya","Goya Squid, Pieces, in their Own Ink, Hot Sauce","","Goya Squid, Pieces, in their Own Ink, Hot Sauce","2.19","0.0","Market Basket","4 oz","4 oz","5225.jpg","","2"
"31668","Frozen Food","Frozen Dinners & Entrees","Frozen Meal","Healthy Choice","Healthy Choice Power Bowls Cauliflower Curry","072655000742","Healthy Choice Power Bowls Cauliflower Curry","4.36","0.0","Market Basket","9.9 oz","9.9 oz","X4082.jpg","","18"
"30877","Pasta & Sauces","Instant Pasta","Instant Pasta","Chef Boyardee","Chef Boyardee Spaghetti & Meatballs- Pasta & meatballs made with Pork, chicken & beef in Tomato sauce","064144043224","Chef Boyardee Spaghetti & Meatballs- Pasta & meatballs made with Pork, chicken & beef in Tomato sauce","1.25","0.0","Market Basket","15 oz","15 oz","X1245.jpg","","4"
"9817","Frozen Food","Frozen Produce","Frozen Produce","Green Giant","Green Giant Niblets Corn & Butter Sauce","","Green Giant Niblets Corn & Butter Sauce","1.99","0.0","Market Basket","10 oz","10 oz","2450.jpg","","19"
"7243","Cooking Needs","Spices & Seasonings","Spices & Seasonings","Mariani","Mariani Sliced Almonds","","Mariani Sliced Almonds","4.29","0.0","Market Basket","10 oz","10 oz","15659.jpg","","8"
"32637","Cooking Needs","Rice & Grains","Grains, Rice & Dried Goods","Lundberg Family Farms","LundBerg Arborio Rice Gluten Free Sustainable ","073416003026","LundBerg Arborio Rice Gluten Free Sustainable ","4.99","0.0","Market Basket","16 oz","16 oz","X1107.jpg","","4"
"32693","Cooking Needs","Oils & Vinegars","Oils & Vinegars","Manzola","Manzola Heart Healthy Cholesterol Free Mazola Corn Oil ","761720058206","Manzola Heart Healthy Cholesterol Free Mazola Corn Oil ","11.24","0.0","Market Basket","128 fl oz","128 fl oz","X1932.jpg","","2"
