[
  {
    "id": 30052,
    "code": "Alfresco Sweet And Smoky BBQ With Chili Papers Chicken Sausage ",
    "desc": "Alfresco Sweet And Smoky BBQ With Chili Papers Chicken Sausage ",
    "shortDesc": "Alfresco Sweet And Smoky BBQ With Chili Papers Chicken Sausage ",
    "tags": [
      "Sausage"
    ],
    "categories": [
      {
        "code": "Meat \u0026 Seafood",
        "desc": "Meat \u0026 Seafood"
      }
    ],
    "subCategories": [
      {
        "code": "Packaged Meat \u0026 Seafood",
        "desc": "Packaged Meat \u0026 Seafood"
      }
    ],
    "brands": [],
    "price": {
      "basePrice": 6.24,
      "discountPrice": 6.24
    },
    "type": {
      "code": "Sausage",
      "desc": "Sausage"
    },
    "weight": "11 oz",
    "UpcCode": "",
    "tax": 0.0,
    "spiceLevel": "",
    "aiselNo": "1",
    "store": "Market Basket",
    "weightType": "11 oz",
    "imageName": "X4629.jpg",
    "defaultImage": "X4629.jpg",
    "updatedTimestamp": "Jan 24, 2021 2:00:53 AM",
    "createdTimestamp": "Jan 24, 2021 2:00:53 AM",
    "isNewlyAdded": false,
    "isActive": true,
    "isDealsEnabled": false,
    "quantity": 0
  },
  {
    "id": 4497,
    "code": "Deli Select Ultra Thin Sliced Lunchmeat, Smoked Ham, 16 oz.",
    "desc": "Deli Select Ultra Thin Sliced Lunchmeat, Smoked Ham, 16 oz.",
    "shortDesc": "Deli Select Ultra Thin Sliced Lunchmeat, Smoked Ham, 16 oz.",
    "tags": [
      "Ham"
    ],
    "categories": [
      {
        "code": "Meat \u0026 Seafood",
        "desc": "Meat \u0026 Seafood"
      }
    ],
    "subCategories": [
      {
        "code": "Lunch Meat",
        "desc": "Lunch Meat"
      }
    ],
    "brands": [
      {
        "code": "Deli",
        "desc": "Deli"
      }
    ],
    "price": {
      "basePrice": 6.09,
      "discountPrice": 6.09
    },
    "type": {
      "code": "Ham",
      "desc": "Ham"
    },
    "weight": "16 oz",
    "UpcCode": "",
    "tax": 0.0,
    "spiceLevel": "",
    "aiselNo": "1",
    "store": "Market Basket",
    "weightType": "16 oz",
    "imageName": "17280.jpg",
    "defaultImage": "17280.jpg",
    "updatedTimestamp": "Jan 24, 2021 2:00:52 AM",
    "createdTimestamp": "Jan 24, 2021 2:00:52 AM",
    "isNewlyAdded": false,
    "isActive": true,
    "isDealsEnabled": false,
    "quantity": 0
  },
  {
    "id": 4120,
    "code": "Market Basket Boneless \u0026 Skinless Chicken Breast",
    "desc": "Market Basket Boneless \u0026 Skinless Chicken Breast",
    "shortDesc": "Market Basket Boneless \u0026 Skinless Chicken Breast",
    "tags": [
      "Chicken Breast"
    ],
    "categories": [
      {
        "code": "Meat \u0026 Seafood",
        "desc": "Meat \u0026 Seafood"
      }
    ],
    "subCategories": [
      {
        "code": "Meat \u0026 Seafood Counter",
        "desc": "Meat \u0026 Seafood Counter"
      }
    ],
    "brands": [
      {
        "code": "Market Basket",
        "desc": "Market Basket"
      }
    ],
    "price": {
      "basePrice": 4.99,
      "discountPrice": 4.99
    },
    "type": {
      "code": "Chicken Breast",
      "desc": "Chicken Breast"
    },
    "weight": "1 lb",
    "UpcCode": "",
    "tax": 0.0,
    "spiceLevel": "",
    "aiselNo": "22",
    "store": "Market Basket",
    "weightType": "1 lb",
    "imageName": "4052.jpg",
    "defaultImage": "4052.jpg",
    "updatedTimestamp": "Jan 24, 2021 2:00:52 AM",
    "createdTimestamp": "Jan 24, 2021 2:00:52 AM",
    "isNewlyAdded": false,
    "isActive": true,
    "isDealsEnabled": false,
    "quantity": 0
  },
  {
    "id": 4084,
    "code": "Market Basket Beef Loin Chops Sirloin Tips",
    "desc": "Market Basket Beef Loin Chops Sirloin Tips",
    "shortDesc": "Market Basket Beef Loin Chops Sirloin Tips",
    "tags": [
      "Beef"
    ],
    "categories": [
      {
        "code": "Meat \u0026 Seafood",
        "desc": "Meat \u0026 Seafood"
      }
    ],
    "subCategories": [
      {
        "code": "Meat \u0026 Seafood Counter",
        "desc": "Meat \u0026 Seafood Counter"
      }
    ],
    "brands": [
      {
        "code": "Market Basket",
        "desc": "Market Basket"
      }
    ],
    "price": {
      "basePrice": 13.96,
      "discountPrice": 13.96
    },
    "type": {
      "code": "Beef",
      "desc": "Beef"
    },
    "weight": "Approx: 1.28 lb at $10.9/lb",
    "UpcCode": "",
    "tax": 0.0,
    "spiceLevel": "",
    "aiselNo": "22",
    "store": "Market Basket",
    "weightType": "Approx: 1.28 lb at $10.9/lb",
    "imageName": "4043.jpg",
    "defaultImage": "4043.jpg",
    "updatedTimestamp": "Jan 24, 2021 2:00:52 AM",
    "createdTimestamp": "Jan 24, 2021 2:00:52 AM",
    "isNewlyAdded": false,
    "isActive": true,
    "isDealsEnabled": false,
    "quantity": 0
  },
  {
    "id": 4222,
    "code": "Market Basket Whole Wings",
    "desc": "Market Basket Whole Wings",
    "shortDesc": "Market Basket Whole Wings",
    "tags": [
      "Chicken Wings"
    ],
    "categories": [
      {
        "code": "Meat \u0026 Seafood",
        "desc": "Meat \u0026 Seafood"
      }
    ],
    "subCategories": [
      {
        "code": "Packaged Meat \u0026 Seafood",
        "desc": "Packaged Meat \u0026 Seafood"
      }
    ],
    "brands": [
      {
        "code": "Market Basket",
        "desc": "Market Basket"
      }
    ],
    "price": {
      "basePrice": 8.29,
      "discountPrice": 8.29
    },
    "type": {
      "code": "Chicken Wings",
      "desc": "Chicken Wings"
    },
    "weight": "Approx: 2.60 lb at $3.19/lb",
    "UpcCode": "",
    "tax": 0.0,
    "spiceLevel": "",
    "aiselNo": "22",
    "store": "Market Basket",
    "weightType": "Approx: 2.60 lb at $3.19/lb",
    "imageName": "Market Basket.jpg",
    "defaultImage": "Market Basket.jpg",
    "updatedTimestamp": "Jan 24, 2021 2:00:52 AM",
    "createdTimestamp": "Jan 24, 2021 2:00:52 AM",
    "isNewlyAdded": false,
    "isActive": true,
    "isDealsEnabled": false,
    "quantity": 0
  },
  {
    "id": 33750,
    "code": "Oscar Mayer Chicken Cashews Monterey Jack",
    "desc": "Oscar Mayer Chicken Cashews Monterey Jack",
    "shortDesc": "Oscar Mayer Chicken Cashews Monterey Jack",
    "tags": [
      "Chicken"
    ],
    "categories": [
      {
        "code": "Meat \u0026 Seafood",
        "desc": "Meat \u0026 Seafood"
      }
    ],
    "subCategories": [
      {
        "code": "Packaged Meat \u0026 Seafood",
        "desc": "Packaged Meat \u0026 Seafood"
      }
    ],
    "brands": [],
    "price": {
      "basePrice": 1.86,
      "discountPrice": 1.86
    },
    "type": {
      "code": "Chicken",
      "desc": "Chicken"
    },
    "weight": "2 oz",
    "UpcCode": "",
    "tax": 0.0,
    "spiceLevel": "",
    "aiselNo": "1",
    "store": "Market Basket",
    "weightType": "2 oz",
    "imageName": "X4557.jpg",
    "defaultImage": "X4557.jpg",
    "updatedTimestamp": "Jan 24, 2021 2:00:53 AM",
    "createdTimestamp": "Jan 24, 2021 2:00:53 AM",
    "isNewlyAdded": false,
    "isActive": true,
    "isDealsEnabled": false,
    "quantity": 0
  },
  {
    "id": 4236,
    "code": "Market Basket Honey Baked Ham",
    "desc": "Market Basket Honey Baked Ham",
    "shortDesc": "Market Basket Honey Baked Ham",
    "tags": [
      "Ham"
    ],
    "categories": [
      {
        "code": "Meat \u0026 Seafood",
        "desc": "Meat \u0026 Seafood"
      }
    ],
    "subCategories": [
      {
        "code": "Packaged Meat \u0026 Seafood",
        "desc": "Packaged Meat \u0026 Seafood"
      }
    ],
    "brands": [
      {
        "code": "Market Basket",
        "desc": "Market Basket"
      }
    ],
    "price": {
      "basePrice": 3.69,
      "discountPrice": 3.69
    },
    "type": {
      "code": "Ham",
      "desc": "Ham"
    },
    "weight": "8 oz",
    "UpcCode": "",
    "tax": 0.0,
    "spiceLevel": "",
    "aiselNo": "22",
    "store": "Market Basket",
    "weightType": "8 oz",
    "imageName": "Market Basket.jpg",
    "defaultImage": "Market Basket.jpg",
    "updatedTimestamp": "Jan 24, 2021 2:00:52 AM",
    "createdTimestamp": "Jan 24, 2021 2:00:52 AM",
    "isNewlyAdded": false,
    "isActive": true,
    "isDealsEnabled": false,
    "quantity": 0
  },
  {
    "id": 4330,
    "code": "Sirloin End Pork Chops",
    "desc": "Sirloin End Pork Chops",
    "shortDesc": "Sirloin End Pork Chops",
    "tags": [
      "Pork"
    ],
    "categories": [
      {
        "code": "Meat \u0026 Seafood",
        "desc": "Meat \u0026 Seafood"
      }
    ],
    "subCategories": [
      {
        "code": "Meat \u0026 Seafood Counter",
        "desc": "Meat \u0026 Seafood Counter"
      }
    ],
    "brands": [
      {
        "code": "Market Basket",
        "desc": "Market Basket"
      }
    ],
    "price": {
      "basePrice": 5.04,
      "discountPrice": 5.04
    },
    "type": {
      "code": "Pork",
      "desc": "Pork"
    },
    "weight": "Approx: 2.11 lb at $2.39/lb",
    "UpcCode": "",
    "tax": 0.0,
    "spiceLevel": "",
    "aiselNo": "22",
    "store": "Market Basket",
    "weightType": "Approx: 2.11 lb at $2.39/lb",
    "imageName": "Market Basket.jpg",
    "defaultImage": "Market Basket.jpg",
    "updatedTimestamp": "Jan 24, 2021 2:00:52 AM",
    "createdTimestamp": "Jan 24, 2021 2:00:52 AM",
    "isNewlyAdded": false,
    "isActive": true,
    "isDealsEnabled": false,
    "quantity": 0
  },
  {
    "id": 4374,
    "code": "Shady Brook Turkey Breast Scallopini",
    "desc": "Shady Brook Turkey Breast Scallopini",
    "shortDesc": "Shady Brook Turkey Breast Scallopini",
    "tags": [
      "Turkey Breast"
    ],
    "categories": [
      {
        "code": "Meat \u0026 Seafood",
        "desc": "Meat \u0026 Seafood"
      }
    ],
    "subCategories": [
      {
        "code": "Meat \u0026 Seafood Counter",
        "desc": "Meat \u0026 Seafood Counter"
      }
    ],
    "brands": [
      {
        "code": "Shady Brook Farms",
        "desc": "Shady Brook Farms"
      }
    ],
    "price": {
      "basePrice": 7.19,
      "discountPrice": 7.19
    },
    "type": {
      "code": "Turkey Breast",
      "desc": "Turkey Breast"
    },
    "weight": "1 lb",
    "UpcCode": "",
    "tax": 0.0,
    "spiceLevel": "",
    "aiselNo": "22",
    "store": "Market Basket",
    "weightType": "1 lb",
    "imageName": "No Image.jpg",
    "defaultImage": "No Image.jpg",
    "updatedTimestamp": "Jan 24, 2021 2:00:52 AM",
    "createdTimestamp": "Jan 24, 2021 2:00:52 AM",
    "isNewlyAdded": false,
    "isActive": true,
    "isDealsEnabled": false,
    "quantity": 0
  },
  {
    "id": 4215,
    "code": "Springer Mountain Farms Chicken Breasts, 99% Fat Free",
    "desc": "Springer Mountain Farms Chicken Breasts, 99% Fat Free",
    "shortDesc": "Springer Mountain Farms Chicken Breasts, 99% Fat Free",
    "tags": [
      "Chicken Breast"
    ],
    "categories": [
      {
        "code": "Meat \u0026 Seafood",
        "desc": "Meat \u0026 Seafood"
      }
    ],
    "subCategories": [
      {
        "code": "Packaged Meat \u0026 Seafood",
        "desc": "Packaged Meat \u0026 Seafood"
      }
    ],
    "brands": [
      {
        "code": "Springer",
        "desc": "Springer"
      }
    ],
    "price": {
      "basePrice": 8.59,
      "discountPrice": 8.59
    },
    "type": {
      "code": "Chicken Breast",
      "desc": "Chicken Breast"
    },
    "weight": "24 each",
    "UpcCode": "",
    "tax": 0.0,
    "spiceLevel": "",
    "aiselNo": "22",
    "store": "Market Basket",
    "weightType": "24 each",
    "imageName": "16709.jpg",
    "defaultImage": "16709.jpg",
    "updatedTimestamp": "Jan 24, 2021 2:00:52 AM",
    "createdTimestamp": "Jan 24, 2021 2:00:52 AM",
    "isNewlyAdded": false,
    "isActive": true,
    "isDealsEnabled": false,
    "quantity": 0
  },
  {
    "id": 4491,
    "code": "Market Basket Oven Roasted Chicken Breast",
    "desc": "Market Basket Oven Roasted Chicken Breast",
    "shortDesc": "Market Basket Oven Roasted Chicken Breast",
    "tags": [
      "Chicken"
    ],
    "categories": [
      {
        "code": "Meat \u0026 Seafood",
        "desc": "Meat \u0026 Seafood"
      }
    ],
    "subCategories": [
      {
        "code": "Lunch Meat",
        "desc": "Lunch Meat"
      }
    ],
    "brands": [
      {
        "code": "Market Basket",
        "desc": "Market Basket"
      }
    ],
    "price": {
      "basePrice": 1.69,
      "discountPrice": 1.69
    },
    "type": {
      "code": "Chicken",
      "desc": "Chicken"
    },
    "weight": "1 lb",
    "UpcCode": "",
    "tax": 0.0,
    "spiceLevel": "",
    "aiselNo": "22",
    "store": "Market Basket",
    "weightType": "1 lb",
    "imageName": "Market Basket.jpg",
    "defaultImage": "Market Basket.jpg",
    "updatedTimestamp": "Jan 24, 2021 2:00:52 AM",
    "createdTimestamp": "Jan 24, 2021 2:00:52 AM",
    "isNewlyAdded": false,
    "isActive": true,
    "isDealsEnabled": false,
    "quantity": 0
  },
  {
    "id": 4196,
    "code": "Bell \u0026 Evans Boneless Skinless Chicken Breasts",
    "desc": "Bell \u0026 Evans Boneless Skinless Chicken Breasts",
    "shortDesc": "Bell \u0026 Evans Boneless Skinless Chicken Breasts",
    "tags": [
      "Chicken Breast"
    ],
    "categories": [
      {
        "code": "Meat \u0026 Seafood",
        "desc": "Meat \u0026 Seafood"
      }
    ],
    "subCategories": [
      {
        "code": "Packaged Meat \u0026 Seafood",
        "desc": "Packaged Meat \u0026 Seafood"
      }
    ],
    "brands": [
      {
        "code": "Bell \u0026 Evans",
        "desc": "Bell \u0026 Evans"
      }
    ],
    "price": {
      "basePrice": 7.39,
      "discountPrice": 7.39
    },
    "type": {
      "code": "Chicken Breast",
      "desc": "Chicken Breast"
    },
    "weight": "Approx: 2 lb",
    "UpcCode": "",
    "tax": 0.0,
    "spiceLevel": "",
    "aiselNo": "22",
    "store": "Market Basket",
    "weightType": "Approx: 2 lb",
    "imageName": "4122.jpg",
    "defaultImage": "4122.jpg",
    "updatedTimestamp": "Jan 24, 2021 2:00:52 AM",
    "createdTimestamp": "Jan 24, 2021 2:00:52 AM",
    "isNewlyAdded": false,
    "isActive": true,
    "isDealsEnabled": false,
    "quantity": 0
  },
  {
    "id": 4513,
    "code": "Black Forest Ham",
    "desc": "Black Forest Ham",
    "shortDesc": "Black Forest Ham",
    "tags": [
      "Ham"
    ],
    "categories": [
      {
        "code": "Meat \u0026 Seafood",
        "desc": "Meat \u0026 Seafood"
      }
    ],
    "subCategories": [
      {
        "code": "Lunch Meat",
        "desc": "Lunch Meat"
      }
    ],
    "brands": [
      {
        "code": "Market Basket",
        "desc": "Market Basket"
      }
    ],
    "price": {
      "basePrice": 7.39,
      "discountPrice": 7.39
    },
    "type": {
      "code": "Ham",
      "desc": "Ham"
    },
    "weight": "1 lb",
    "UpcCode": "",
    "tax": 0.0,
    "spiceLevel": "",
    "aiselNo": "22",
    "store": "Market Basket",
    "weightType": "1 lb",
    "imageName": "17272.jpg",
    "defaultImage": "17272.jpg",
    "updatedTimestamp": "Jan 24, 2021 2:00:52 AM",
    "createdTimestamp": "Jan 24, 2021 2:00:52 AM",
    "isNewlyAdded": false,
    "isActive": true,
    "isDealsEnabled": false,
    "quantity": 0
  },
  {
    "id": 30360,
    "code": "Bell \u0026 Evans Air Chilled Chicken Burgers with Chicken Bacon and Sharp Cheddar",
    "desc": "Bell \u0026 Evans Air Chilled Chicken Burgers with Chicken Bacon and Sharp Cheddar",
    "shortDesc": "Bell \u0026 Evans Air Chilled Chicken Burgers with Chicken Bacon and Sharp Cheddar",
    "tags": [
      "Chicken"
    ],
    "categories": [
      {
        "code": "Meat \u0026 Seafood",
        "desc": "Meat \u0026 Seafood"
      }
    ],
    "subCategories": [
      {
        "code": "Packaged Meat \u0026 Seafood",
        "desc": "Packaged Meat \u0026 Seafood"
      }
    ],
    "brands": [
      {
        "code": "Bell \u0026 Evans",
        "desc": "Bell \u0026 Evans"
      }
    ],
    "price": {
      "basePrice": 8.74,
      "discountPrice": 8.74
    },
    "type": {
      "code": "Chicken",
      "desc": "Chicken"
    },
    "weight": "12 oz",
    "UpcCode": "738985222918",
    "tax": 0.0,
    "spiceLevel": "",
    "aiselNo": "1",
    "store": "Market Basket",
    "weightType": "12 oz",
    "imageName": "X38.jpg",
    "defaultImage": "X38.jpg",
    "updatedTimestamp": "Jan 24, 2021 2:00:53 AM",
    "createdTimestamp": "Jan 24, 2021 2:00:53 AM",
    "isNewlyAdded": false,
    "isActive": true,
    "isDealsEnabled": false,
    "quantity": 0
  },
  {
    "id": 4129,
    "code": "Springer Thin Sliced Chicken Breast",
    "desc": "Springer Thin Sliced Chicken Breast",
    "shortDesc": "Springer Thin Sliced Chicken Breast",
    "tags": [
      "Chicken Breast"
    ],
    "categories": [
      {
        "code": "Meat \u0026 Seafood",
        "desc": "Meat \u0026 Seafood"
      }
    ],
    "subCategories": [
      {
        "code": "Meat \u0026 Seafood Counter",
        "desc": "Meat \u0026 Seafood Counter"
      }
    ],
    "brands": [
      {
        "code": "Springer",
        "desc": "Springer"
      }
    ],
    "price": {
      "basePrice": 9.43,
      "discountPrice": 9.43
    },
    "type": {
      "code": "Chicken Breast",
      "desc": "Chicken Breast"
    },
    "weight": "Approx: 1.41 lb at $6.69/lb",
    "UpcCode": "",
    "tax": 0.0,
    "spiceLevel": "",
    "aiselNo": "22",
    "store": "Market Basket",
    "weightType": "Approx: 1.41 lb at $6.69/lb",
    "imageName": "16680.jpg",
    "defaultImage": "16680.jpg",
    "updatedTimestamp": "Jan 24, 2021 2:00:52 AM",
    "createdTimestamp": "Jan 24, 2021 2:00:52 AM",
    "isNewlyAdded": false,
    "isActive": true,
    "isDealsEnabled": false,
    "quantity": 0
  },
  {
    "id": 4499,
    "code": "Oscar Mayer Deli Fresh Honey Shaved Smoked Ham",
    "desc": "Oscar Mayer Deli Fresh Honey Shaved Smoked Ham",
    "shortDesc": "Oscar Mayer Deli Fresh Honey Shaved Smoked Ham",
    "tags": [
      "Ham"
    ],
    "categories": [
      {
        "code": "Meat \u0026 Seafood",
        "desc": "Meat \u0026 Seafood"
      }
    ],
    "subCategories": [
      {
        "code": "Lunch Meat",
        "desc": "Lunch Meat"
      }
    ],
    "brands": [
      {
        "code": "Fresh",
        "desc": "Fresh"
      }
    ],
    "price": {
      "basePrice": 7.09,
      "discountPrice": 7.09
    },
    "type": {
      "code": "Ham",
      "desc": "Ham"
    },
    "weight": "16 oz",
    "UpcCode": "",
    "tax": 0.0,
    "spiceLevel": "",
    "aiselNo": "1",
    "store": "Market Basket",
    "weightType": "16 oz",
    "imageName": "5414.jpg",
    "defaultImage": "5414.jpg",
    "updatedTimestamp": "Jan 24, 2021 2:00:52 AM",
    "createdTimestamp": "Jan 24, 2021 2:00:52 AM",
    "isNewlyAdded": false,
    "isActive": true,
    "isDealsEnabled": false,
    "quantity": 0
  },
  {
    "id": 31963,
    "code": "Jones Dairy Farm Pork Sausage Fully Cooked ",
    "desc": "Jones Dairy Farm Pork Sausage Fully Cooked ",
    "shortDesc": "Jones Dairy Farm Pork Sausage Fully Cooked ",
    "tags": [
      "Sausage"
    ],
    "categories": [
      {
        "code": "Meat \u0026 Seafood",
        "desc": "Meat \u0026 Seafood"
      }
    ],
    "subCategories": [
      {
        "code": "Packaged Meat \u0026 Seafood",
        "desc": "Packaged Meat \u0026 Seafood"
      }
    ],
    "brands": [
      {
        "code": "Jones Dairy Farm",
        "desc": "Jones Dairy Farm"
      }
    ],
    "price": {
      "basePrice": 2.86,
      "discountPrice": 2.86
    },
    "type": {
      "code": "Sausage",
      "desc": "Sausage"
    },
    "weight": "7 oz",
    "UpcCode": "",
    "tax": 0.0,
    "spiceLevel": "",
    "aiselNo": "1",
    "store": "Market Basket",
    "weightType": "7 oz",
    "imageName": "X4746.jpg",
    "defaultImage": "X4746.jpg",
    "updatedTimestamp": "Jan 24, 2021 2:00:53 AM",
    "createdTimestamp": "Jan 24, 2021 2:00:53 AM",
    "isNewlyAdded": false,
    "isActive": true,
    "isDealsEnabled": false,
    "quantity": 0
  },
  {
    "id": 4192,
    "code": "Perdue Whole Chicken",
    "desc": "Perdue Whole Chicken",
    "shortDesc": "Perdue Whole Chicken",
    "tags": [
      "Chicken"
    ],
    "categories": [
      {
        "code": "Meat \u0026 Seafood",
        "desc": "Meat \u0026 Seafood"
      }
    ],
    "subCategories": [
      {
        "code": "Packaged Meat \u0026 Seafood",
        "desc": "Packaged Meat \u0026 Seafood"
      }
    ],
    "brands": [
      {
        "code": "Perdue",
        "desc": "Perdue"
      }
    ],
    "price": {
      "basePrice": 7.95,
      "discountPrice": 7.95
    },
    "type": {
      "code": "Chicken",
      "desc": "Chicken"
    },
    "weight": "Approx: 5.00 lb at $1.59/lb",
    "UpcCode": "",
    "tax": 0.0,
    "spiceLevel": "",
    "aiselNo": "22",
    "store": "Market Basket",
    "weightType": "Approx: 5.00 lb at $1.59/lb",
    "imageName": "4105.jpg",
    "defaultImage": "4105.jpg",
    "updatedTimestamp": "Jan 24, 2021 2:00:52 AM",
    "createdTimestamp": "Jan 24, 2021 2:00:52 AM",
    "isNewlyAdded": false,
    "isActive": true,
    "isDealsEnabled": false,
    "quantity": 0
  },
  {
    "id": 4736,
    "code": "Perdue Breaded Chicken Breast Tenders",
    "desc": "Perdue Breaded Chicken Breast Tenders",
    "shortDesc": "Perdue Breaded Chicken Breast Tenders",
    "tags": [
      "Chicken Products"
    ],
    "categories": [
      {
        "code": "Meat \u0026 Seafood",
        "desc": "Meat \u0026 Seafood"
      }
    ],
    "subCategories": [
      {
        "code": "Frozen Meat \u0026 Seafood",
        "desc": "Frozen Meat \u0026 Seafood"
      }
    ],
    "brands": [
      {
        "code": "Perdue",
        "desc": "Perdue"
      }
    ],
    "price": {
      "basePrice": 8.19,
      "discountPrice": 8.19
    },
    "type": {
      "code": "Chicken Products",
      "desc": "Chicken Products"
    },
    "weight": "1.81 lb",
    "UpcCode": "",
    "tax": 0.0,
    "spiceLevel": "",
    "aiselNo": "22",
    "store": "Market Basket",
    "weightType": "1.81 lb",
    "imageName": "2892.jpg",
    "defaultImage": "2892.jpg",
    "updatedTimestamp": "Jan 24, 2021 2:00:52 AM",
    "createdTimestamp": "Jan 24, 2021 2:00:52 AM",
    "isNewlyAdded": false,
    "isActive": true,
    "isDealsEnabled": false,
    "quantity": 0
  },
  {
    "id": 4532,
    "code": "Carando Dry Sausage",
    "desc": "Carando Dry Sausage",
    "shortDesc": "Carando Dry Sausage",
    "tags": [
      "Other Meat"
    ],
    "categories": [
      {
        "code": "Meat \u0026 Seafood",
        "desc": "Meat \u0026 Seafood"
      }
    ],
    "subCategories": [
      {
        "code": "Lunch Meat",
        "desc": "Lunch Meat"
      }
    ],
    "brands": [
      {
        "code": "Carando",
        "desc": "Carando"
      }
    ],
    "price": {
      "basePrice": 3.09,
      "discountPrice": 3.09
    },
    "type": {
      "code": "Other Meat",
      "desc": "Other Meat"
    },
    "weight": "7 oz",
    "UpcCode": "",
    "tax": 0.0,
    "spiceLevel": "",
    "aiselNo": "22",
    "store": "Market Basket",
    "weightType": "7 oz",
    "imageName": "5458.jpg",
    "defaultImage": "5458.jpg",
    "updatedTimestamp": "Jan 24, 2021 2:00:52 AM",
    "createdTimestamp": "Jan 24, 2021 2:00:52 AM",
    "isNewlyAdded": false,
    "isActive": true,
    "isDealsEnabled": false,
    "quantity": 0
  },
  {
    "id": 4142,
    "code": "Cod Fillets",
    "desc": "Cod Fillets",
    "shortDesc": "Cod Fillets",
    "tags": [
      "Codfish"
    ],
    "categories": [
      {
        "code": "Meat \u0026 Seafood",
        "desc": "Meat \u0026 Seafood"
      }
    ],
    "subCategories": [
      {
        "code": "Meat \u0026 Seafood Counter",
        "desc": "Meat \u0026 Seafood Counter"
      }
    ],
    "brands": [
      {
        "code": "Market Basket",
        "desc": "Market Basket"
      }
    ],
    "price": {
      "basePrice": 6.09,
      "discountPrice": 6.09
    },
    "type": {
      "code": "Codfish",
      "desc": "Codfish"
    },
    "weight": "1 lb",
    "UpcCode": "",
    "tax": 0.0,
    "spiceLevel": "",
    "aiselNo": "22",
    "store": "Market Basket",
    "weightType": "1 lb",
    "imageName": "16685.jpg",
    "defaultImage": "16685.jpg",
    "updatedTimestamp": "Jan 24, 2021 2:00:52 AM",
    "createdTimestamp": "Jan 24, 2021 2:00:52 AM",
    "isNewlyAdded": false,
    "isActive": true,
    "isDealsEnabled": false,
    "quantity": 0
  },
  {
    "id": 33739,
    "code": "Oscar Mayer Naturally Hardwood Smoked Thick Cut Bacon",
    "desc": "Oscar Mayer Naturally Hardwood Smoked Thick Cut Bacon",
    "shortDesc": "Oscar Mayer Naturally Hardwood Smoked Thick Cut Bacon",
    "tags": [
      "Bacon"
    ],
    "categories": [
      {
        "code": "Meat \u0026 Seafood",
        "desc": "Meat \u0026 Seafood"
      }
    ],
    "subCategories": [
      {
        "code": "Packaged Meat \u0026 Seafood",
        "desc": "Packaged Meat \u0026 Seafood"
      }
    ],
    "brands": [
      {
        "code": "Oscar Mayer",
        "desc": "Oscar Mayer"
      }
    ],
    "price": {
      "basePrice": 8.74,
      "discountPrice": 8.74
    },
    "type": {
      "code": "Bacon",
      "desc": "Bacon"
    },
    "weight": "16 oz",
    "UpcCode": "",
    "tax": 0.0,
    "spiceLevel": "",
    "aiselNo": "1",
    "store": "Market Basket",
    "weightType": "16 oz",
    "imageName": "X4450.jpg",
    "defaultImage": "X4450.jpg",
    "updatedTimestamp": "Jan 24, 2021 2:00:53 AM",
    "createdTimestamp": "Jan 24, 2021 2:00:53 AM",
    "isNewlyAdded": false,
    "isActive": true,
    "isDealsEnabled": false,
    "quantity": 0
  },
  {
    "id": 4360,
    "code": "Market Basket London Broil Thin Shoulder Steak",
    "desc": "Market Basket London Broil Thin Shoulder Steak",
    "shortDesc": "Market Basket London Broil Thin Shoulder Steak",
    "tags": [
      "Steak"
    ],
    "categories": [
      {
        "code": "Meat \u0026 Seafood",
        "desc": "Meat \u0026 Seafood"
      }
    ],
    "subCategories": [
      {
        "code": "Meat \u0026 Seafood Counter",
        "desc": "Meat \u0026 Seafood Counter"
      }
    ],
    "brands": [
      {
        "code": "Market Basket",
        "desc": "Market Basket"
      }
    ],
    "price": {
      "basePrice": 4.99,
      "discountPrice": 4.99
    },
    "type": {
      "code": "Steak",
      "desc": "Steak"
    },
    "weight": "1 lb",
    "UpcCode": "",
    "tax": 0.0,
    "spiceLevel": "",
    "aiselNo": "22",
    "store": "Market Basket",
    "weightType": "1 lb",
    "imageName": "Market Basket.jpg",
    "defaultImage": "Market Basket.jpg",
    "updatedTimestamp": "Jan 24, 2021 2:00:52 AM",
    "createdTimestamp": "Jan 24, 2021 2:00:52 AM",
    "isNewlyAdded": false,
    "isActive": true,
    "isDealsEnabled": false,
    "quantity": 0
  },
  {
    "id": 31931,
    "code": "Jimmy Dean Croissant Ham \u0026 Cheese Sandwiches ",
    "desc": "Jimmy Dean Croissant Ham \u0026 Cheese Sandwiches ",
    "shortDesc": "Jimmy Dean Croissant Ham \u0026 Cheese Sandwiches ",
    "tags": [
      "Ham"
    ],
    "categories": [
      {
        "code": "Meat \u0026 Seafood",
        "desc": "Meat \u0026 Seafood"
      }
    ],
    "subCategories": [
      {
        "code": "Packaged Meat \u0026 Seafood",
        "desc": "Packaged Meat \u0026 Seafood"
      }
    ],
    "brands": [],
    "price": {
      "basePrice": 6.24,
      "discountPrice": 6.24
    },
    "type": {
      "code": "Ham",
      "desc": "Ham"
    },
    "weight": "13.6 OZ",
    "UpcCode": "",
    "tax": 0.0,
    "spiceLevel": "",
    "aiselNo": "1",
    "store": "Market Basket",
    "weightType": "13.6 OZ",
    "imageName": "X4741.jpg",
    "defaultImage": "X4741.jpg",
    "updatedTimestamp": "Jan 24, 2021 2:00:53 AM",
    "createdTimestamp": "Jan 24, 2021 2:00:53 AM",
    "isNewlyAdded": false,
    "isActive": true,
    "isDealsEnabled": false,
    "quantity": 0
  },
  {
    "id": 4323,
    "code": "Market Basket Pork Spare Ribs",
    "desc": "Market Basket Pork Spare Ribs",
    "shortDesc": "Market Basket Pork Spare Ribs",
    "tags": [
      "Pork"
    ],
    "categories": [
      {
        "code": "Meat \u0026 Seafood",
        "desc": "Meat \u0026 Seafood"
      }
    ],
    "subCategories": [
      {
        "code": "Meat \u0026 Seafood Counter",
        "desc": "Meat \u0026 Seafood Counter"
      }
    ],
    "brands": [
      {
        "code": "Market Basket",
        "desc": "Market Basket"
      }
    ],
    "price": {
      "basePrice": 6.64,
      "discountPrice": 6.64
    },
    "type": {
      "code": "Pork",
      "desc": "Pork"
    },
    "weight": "Approx: 2.15 lb at $3.09/lb",
    "UpcCode": "",
    "tax": 0.0,
    "spiceLevel": "",
    "aiselNo": "22",
    "store": "Market Basket",
    "weightType": "Approx: 2.15 lb at $3.09/lb",
    "imageName": "Market Basket.jpg",
    "defaultImage": "Market Basket.jpg",
    "updatedTimestamp": "Jan 24, 2021 2:00:52 AM",
    "createdTimestamp": "Jan 24, 2021 2:00:52 AM",
    "isNewlyAdded": false,
    "isActive": true,
    "isDealsEnabled": false,
    "quantity": 0
  },
  {
    "id": 4368,
    "code": "Market Basket Tilapia Fillets",
    "desc": "Market Basket Tilapia Fillets",
    "shortDesc": "Market Basket Tilapia Fillets",
    "tags": [
      "Tilapia"
    ],
    "categories": [
      {
        "code": "Meat \u0026 Seafood",
        "desc": "Meat \u0026 Seafood"
      }
    ],
    "subCategories": [
      {
        "code": "Meat \u0026 Seafood Counter",
        "desc": "Meat \u0026 Seafood Counter"
      }
    ],
    "brands": [
      {
        "code": "Market Basket",
        "desc": "Market Basket"
      }
    ],
    "price": {
      "basePrice": 8.35,
      "discountPrice": 8.35
    },
    "type": {
      "code": "Tilapia",
      "desc": "Tilapia"
    },
    "weight": "Approx: 1.13 lb at $7.39/lb",
    "UpcCode": "",
    "tax": 0.0,
    "spiceLevel": "",
    "aiselNo": "22",
    "store": "Market Basket",
    "weightType": "Approx: 1.13 lb at $7.39/lb",
    "imageName": "Market Basket.jpg",
    "defaultImage": "Market Basket.jpg",
    "updatedTimestamp": "Jan 24, 2021 2:00:52 AM",
    "createdTimestamp": "Jan 24, 2021 2:00:52 AM",
    "isNewlyAdded": false,
    "isActive": true,
    "isDealsEnabled": false,
    "quantity": 0
  },
  {
    "id": 4290,
    "code": "Shady Brook Farms 85% Lean Ground Turkey",
    "desc": "Shady Brook Farms 85% Lean Ground Turkey",
    "shortDesc": "Shady Brook Farms 85% Lean Ground Turkey",
    "tags": [
      "Turkey"
    ],
    "categories": [
      {
        "code": "Meat \u0026 Seafood",
        "desc": "Meat \u0026 Seafood"
      }
    ],
    "subCategories": [
      {
        "code": "Packaged Meat \u0026 Seafood",
        "desc": "Packaged Meat \u0026 Seafood"
      }
    ],
    "brands": [
      {
        "code": "Shady Brook Farms",
        "desc": "Shady Brook Farms"
      }
    ],
    "price": {
      "basePrice": 4.99,
      "discountPrice": 4.99
    },
    "type": {
      "code": "Turkey",
      "desc": "Turkey"
    },
    "weight": "20.8 oz",
    "UpcCode": "",
    "tax": 0.0,
    "spiceLevel": "",
    "aiselNo": "22",
    "store": "Market Basket",
    "weightType": "20.8 oz",
    "imageName": "4114.jpg",
    "defaultImage": "4114.jpg",
    "updatedTimestamp": "Jan 24, 2021 2:00:52 AM",
    "createdTimestamp": "Jan 24, 2021 2:00:52 AM",
    "isNewlyAdded": false,
    "isActive": true,
    "isDealsEnabled": false,
    "quantity": 0
  },
  {
    "id": 4113,
    "code": "Market Basket Chicken Drumsticks",
    "desc": "Market Basket Chicken Drumsticks",
    "shortDesc": "Market Basket Chicken Drumsticks",
    "tags": [
      "Chicken"
    ],
    "categories": [
      {
        "code": "Meat \u0026 Seafood",
        "desc": "Meat \u0026 Seafood"
      }
    ],
    "subCategories": [
      {
        "code": "Meat \u0026 Seafood Counter",
        "desc": "Meat \u0026 Seafood Counter"
      }
    ],
    "brands": [
      {
        "code": "Market Basket",
        "desc": "Market Basket"
      }
    ],
    "price": {
      "basePrice": 12.4,
      "discountPrice": 12.4
    },
    "type": {
      "code": "Chicken",
      "desc": "Chicken"
    },
    "weight": "Approx: 2.30 lb at $5.39/lb",
    "UpcCode": "",
    "tax": 0.0,
    "spiceLevel": "",
    "aiselNo": "22",
    "store": "Market Basket",
    "weightType": "Approx: 2.30 lb at $5.39/lb",
    "imageName": "Market Basket.jpg",
    "defaultImage": "Market Basket.jpg",
    "updatedTimestamp": "Jan 24, 2021 2:00:52 AM",
    "createdTimestamp": "Jan 24, 2021 2:00:52 AM",
    "isNewlyAdded": false,
    "isActive": true,
    "isDealsEnabled": false,
    "quantity": 0
  },
  {
    "id": 33339,
    "code": "Morning Stars Farms Veggie Buffalo Wings ",
    "desc": "Morning Stars Farms Veggie Buffalo Wings ",
    "shortDesc": "Morning Stars Farms Veggie Buffalo Wings ",
    "tags": [
      "Burger"
    ],
    "categories": [
      {
        "code": "Meat \u0026 Seafood",
        "desc": "Meat \u0026 Seafood"
      }
    ],
    "subCategories": [
      {
        "code": "Packaged Meat \u0026 Seafood",
        "desc": "Packaged Meat \u0026 Seafood"
      }
    ],
    "brands": [],
    "price": {
      "basePrice": 4.61,
      "discountPrice": 4.61
    },
    "type": {
      "code": "Burger",
      "desc": "Burger"
    },
    "weight": "10.5 oz",
    "UpcCode": "",
    "tax": 0.0,
    "spiceLevel": "",
    "aiselNo": "1",
    "store": "Market Basket",
    "weightType": "10.5 oz",
    "imageName": "X4777.jpg",
    "defaultImage": "X4777.jpg",
    "updatedTimestamp": "Jan 24, 2021 2:00:53 AM",
    "createdTimestamp": "Jan 24, 2021 2:00:53 AM",
    "isNewlyAdded": false,
    "isActive": true,
    "isDealsEnabled": false,
    "quantity": 0
  },
  {
    "id": 4211,
    "code": "Perdue Italian Style Breaded Chicken Breast Cutlets",
    "desc": "Perdue Italian Style Breaded Chicken Breast Cutlets",
    "shortDesc": "Perdue Italian Style Breaded Chicken Breast Cutlets",
    "tags": [
      "Chicken Breast"
    ],
    "categories": [
      {
        "code": "Meat \u0026 Seafood",
        "desc": "Meat \u0026 Seafood"
      }
    ],
    "subCategories": [
      {
        "code": "Packaged Meat \u0026 Seafood",
        "desc": "Packaged Meat \u0026 Seafood"
      }
    ],
    "brands": [
      {
        "code": "Perdue",
        "desc": "Perdue"
      }
    ],
    "price": {
      "basePrice": 4.89,
      "discountPrice": 4.89
    },
    "type": {
      "code": "Chicken Breast",
      "desc": "Chicken Breast"
    },
    "weight": "0.75 lb",
    "UpcCode": "",
    "tax": 0.0,
    "spiceLevel": "",
    "aiselNo": "22",
    "store": "Market Basket",
    "weightType": "0.75 lb",
    "imageName": "4102.jpg",
    "defaultImage": "4102.jpg",
    "updatedTimestamp": "Jan 24, 2021 2:00:52 AM",
    "createdTimestamp": "Jan 24, 2021 2:00:52 AM",
    "isNewlyAdded": false,
    "isActive": true,
    "isDealsEnabled": false,
    "quantity": 0
  },
  {
    "id": 4075,
    "code": "Market Basket Beef Chuck Boneless Chuck Roast",
    "desc": "Market Basket Beef Chuck Boneless Chuck Roast",
    "shortDesc": "Market Basket Beef Chuck Boneless Chuck Roast",
    "tags": [
      "Beef"
    ],
    "categories": [
      {
        "code": "Meat \u0026 Seafood",
        "desc": "Meat \u0026 Seafood"
      }
    ],
    "subCategories": [
      {
        "code": "Meat \u0026 Seafood Counter",
        "desc": "Meat \u0026 Seafood Counter"
      }
    ],
    "brands": [
      {
        "code": "Market Basket",
        "desc": "Market Basket"
      }
    ],
    "price": {
      "basePrice": 4.79,
      "discountPrice": 4.79
    },
    "type": {
      "code": "Beef",
      "desc": "Beef"
    },
    "weight": "1 lb",
    "UpcCode": "",
    "tax": 0.0,
    "spiceLevel": "",
    "aiselNo": "22",
    "store": "Market Basket",
    "weightType": "1 lb",
    "imageName": "Market Basket.jpg",
    "defaultImage": "Market Basket.jpg",
    "updatedTimestamp": "Jan 24, 2021 2:00:52 AM",
    "createdTimestamp": "Jan 24, 2021 2:00:52 AM",
    "isNewlyAdded": false,
    "isActive": true,
    "isDealsEnabled": false,
    "quantity": 0
  },
  {
    "id": 4116,
    "code": "Boneless Skinless Chicken Breast with rib meat",
    "desc": "Boneless Skinless Chicken Breast with rib meat",
    "shortDesc": "Boneless Skinless Chicken Breast with rib meat",
    "tags": [
      "Chicken Breast"
    ],
    "categories": [
      {
        "code": "Meat \u0026 Seafood",
        "desc": "Meat \u0026 Seafood"
      }
    ],
    "subCategories": [
      {
        "code": "Meat \u0026 Seafood Counter",
        "desc": "Meat \u0026 Seafood Counter"
      }
    ],
    "brands": [
      {
        "code": "Market Basket",
        "desc": "Market Basket"
      }
    ],
    "price": {
      "basePrice": 11.99,
      "discountPrice": 11.99
    },
    "type": {
      "code": "Chicken Breast",
      "desc": "Chicken Breast"
    },
    "weight": "2.5 pound",
    "UpcCode": "",
    "tax": 0.0,
    "spiceLevel": "",
    "aiselNo": "22",
    "store": "Market Basket",
    "weightType": "2.5 pound",
    "imageName": "16663.jpg",
    "defaultImage": "16663.jpg",
    "updatedTimestamp": "Jan 24, 2021 2:00:52 AM",
    "createdTimestamp": "Jan 24, 2021 2:00:52 AM",
    "isNewlyAdded": false,
    "isActive": true,
    "isDealsEnabled": false,
    "quantity": 0
  },
  {
    "id": 4565,
    "code": "Margherita Stick Pepperoni",
    "desc": "Margherita Stick Pepperoni",
    "shortDesc": "Margherita Stick Pepperoni",
    "tags": [
      "Pepperoni"
    ],
    "categories": [
      {
        "code": "Meat \u0026 Seafood",
        "desc": "Meat \u0026 Seafood"
      }
    ],
    "subCategories": [
      {
        "code": "Lunch Meat",
        "desc": "Lunch Meat"
      }
    ],
    "brands": [
      {
        "code": "Margherita",
        "desc": "Margherita"
      }
    ],
    "price": {
      "basePrice": 3.69,
      "discountPrice": 3.69
    },
    "type": {
      "code": "Pepperoni",
      "desc": "Pepperoni"
    },
    "weight": "7 oz",
    "UpcCode": "",
    "tax": 0.0,
    "spiceLevel": "",
    "aiselNo": "22",
    "store": "Market Basket",
    "weightType": "7 oz",
    "imageName": "17286.jpg",
    "defaultImage": "17286.jpg",
    "updatedTimestamp": "Jan 24, 2021 2:00:52 AM",
    "createdTimestamp": "Jan 24, 2021 2:00:52 AM",
    "isNewlyAdded": false,
    "isActive": true,
    "isDealsEnabled": false,
    "quantity": 0
  },
  {
    "id": 4132,
    "code": "Mb Boneless Tenders",
    "desc": "Mb Boneless Tenders",
    "shortDesc": "Mb Boneless Tenders",
    "tags": [
      "Chicken Tenderloins"
    ],
    "categories": [
      {
        "code": "Meat \u0026 Seafood",
        "desc": "Meat \u0026 Seafood"
      }
    ],
    "subCategories": [
      {
        "code": "Meat \u0026 Seafood Counter",
        "desc": "Meat \u0026 Seafood Counter"
      }
    ],
    "brands": [
      {
        "code": "Market Basket",
        "desc": "Market Basket"
      }
    ],
    "price": {
      "basePrice": 4.49,
      "discountPrice": 4.49
    },
    "type": {
      "code": "Chicken Tenderloins",
      "desc": "Chicken Tenderloins"
    },
    "weight": "1 lb",
    "UpcCode": "",
    "tax": 0.0,
    "spiceLevel": "",
    "aiselNo": "22",
    "store": "Market Basket",
    "weightType": "1 lb",
    "imageName": "Market Basket.jpg",
    "defaultImage": "Market Basket.jpg",
    "updatedTimestamp": "Jan 24, 2021 2:00:52 AM",
    "createdTimestamp": "Jan 24, 2021 2:00:52 AM",
    "isNewlyAdded": false,
    "isActive": true,
    "isDealsEnabled": false,
    "quantity": 0
  },
  {
    "id": 4086,
    "code": "Market Basket Beef Loin Strip Boneless Sirloin Steak",
    "desc": "Market Basket Beef Loin Strip Boneless Sirloin Steak",
    "shortDesc": "Market Basket Beef Loin Strip Boneless Sirloin Steak",
    "tags": [
      "Beef"
    ],
    "categories": [
      {
        "code": "Meat \u0026 Seafood",
        "desc": "Meat \u0026 Seafood"
      }
    ],
    "subCategories": [
      {
        "code": "Meat \u0026 Seafood Counter",
        "desc": "Meat \u0026 Seafood Counter"
      }
    ],
    "brands": [
      {
        "code": "Market Basket",
        "desc": "Market Basket"
      }
    ],
    "price": {
      "basePrice": 12.75,
      "discountPrice": 12.75
    },
    "type": {
      "code": "Beef",
      "desc": "Beef"
    },
    "weight": "Approx: 1.17 lb at $10.9/lb",
    "UpcCode": "",
    "tax": 0.0,
    "spiceLevel": "",
    "aiselNo": "22",
    "store": "Market Basket",
    "weightType": "Approx: 1.17 lb at $10.9/lb",
    "imageName": "Market Basket.jpg",
    "defaultImage": "Market Basket.jpg",
    "updatedTimestamp": "Jan 24, 2021 2:00:52 AM",
    "createdTimestamp": "Jan 24, 2021 2:00:52 AM",
    "isNewlyAdded": false,
    "isActive": true,
    "isDealsEnabled": false,
    "quantity": 0
  },
  {
    "id": 4752,
    "code": "Weaver Fully Cooked Chicken Breast Patties, 1.62 lb. (Frozen)",
    "desc": "Weaver Fully Cooked Chicken Breast Patties, 1.62 lb. (Frozen)",
    "shortDesc": "Weaver Fully Cooked Chicken Breast Patties, 1.62 lb. (Frozen)",
    "tags": [
      "Chicken Products"
    ],
    "categories": [
      {
        "code": "Meat \u0026 Seafood",
        "desc": "Meat \u0026 Seafood"
      }
    ],
    "subCategories": [
      {
        "code": "Frozen Meat \u0026 Seafood",
        "desc": "Frozen Meat \u0026 Seafood"
      }
    ],
    "brands": [
      {
        "code": "Weaver Fully Cooked",
        "desc": "Weaver Fully Cooked"
      }
    ],
    "price": {
      "basePrice": 4.89,
      "discountPrice": 4.89
    },
    "type": {
      "code": "Chicken Products",
      "desc": "Chicken Products"
    },
    "weight": "26 oz",
    "UpcCode": "",
    "tax": 0.0,
    "spiceLevel": "",
    "aiselNo": "22",
    "store": "Market Basket",
    "weightType": "26 oz",
    "imageName": "16042.jpg",
    "defaultImage": "16042.jpg",
    "updatedTimestamp": "Jan 24, 2021 2:00:52 AM",
    "createdTimestamp": "Jan 24, 2021 2:00:52 AM",
    "isNewlyAdded": false,
    "isActive": true,
    "isDealsEnabled": false,
    "quantity": 0
  },
  {
    "id": 4276,
    "code": "Smithfield Roasted Garlic \u0026 Cracked Black Pepper Marinated Tenderloin",
    "desc": "Smithfield Roasted Garlic \u0026 Cracked Black Pepper Marinated Tenderloin",
    "shortDesc": "Smithfield Roasted Garlic \u0026 Cracked Black Pepper Marinated Tenderloin",
    "tags": [
      "Tenderloin"
    ],
    "categories": [
      {
        "code": "Meat \u0026 Seafood",
        "desc": "Meat \u0026 Seafood"
      }
    ],
    "subCategories": [
      {
        "code": "Packaged Meat \u0026 Seafood",
        "desc": "Packaged Meat \u0026 Seafood"
      }
    ],
    "brands": [
      {
        "code": "Smithfield",
        "desc": "Smithfield"
      }
    ],
    "price": {
      "basePrice": 7.99,
      "discountPrice": 7.99
    },
    "type": {
      "code": "Tenderloin",
      "desc": "Tenderloin"
    },
    "weight": "18.4 oz",
    "UpcCode": "",
    "tax": 0.0,
    "spiceLevel": "",
    "aiselNo": "22",
    "store": "Market Basket",
    "weightType": "18.4 oz",
    "imageName": "4078.jpg",
    "defaultImage": "4078.jpg",
    "updatedTimestamp": "Jan 24, 2021 2:00:52 AM",
    "createdTimestamp": "Jan 24, 2021 2:00:52 AM",
    "isNewlyAdded": false,
    "isActive": true,
    "isDealsEnabled": false,
    "quantity": 0
  },
  {
    "id": 4329,
    "code": "Pork Tenderloin Tips",
    "desc": "Pork Tenderloin Tips",
    "shortDesc": "Pork Tenderloin Tips",
    "tags": [
      "Pork"
    ],
    "categories": [
      {
        "code": "Meat \u0026 Seafood",
        "desc": "Meat \u0026 Seafood"
      }
    ],
    "subCategories": [
      {
        "code": "Meat \u0026 Seafood Counter",
        "desc": "Meat \u0026 Seafood Counter"
      }
    ],
    "brands": [
      {
        "code": "Market Basket",
        "desc": "Market Basket"
      }
    ],
    "price": {
      "basePrice": 3.09,
      "discountPrice": 3.09
    },
    "type": {
      "code": "Pork",
      "desc": "Pork"
    },
    "weight": "1 lb",
    "UpcCode": "",
    "tax": 0.0,
    "spiceLevel": "",
    "aiselNo": "22",
    "store": "Market Basket",
    "weightType": "1 lb",
    "imageName": "Market Basket.jpg",
    "defaultImage": "Market Basket.jpg",
    "updatedTimestamp": "Jan 24, 2021 2:00:52 AM",
    "createdTimestamp": "Jan 24, 2021 2:00:52 AM",
    "isNewlyAdded": false,
    "isActive": true,
    "isDealsEnabled": false,
    "quantity": 0
  },
  {
    "id": 4536,
    "code": "Columbus Peppered Salame",
    "desc": "Columbus Peppered Salame",
    "shortDesc": "Columbus Peppered Salame",
    "tags": [
      "Other Meat"
    ],
    "categories": [
      {
        "code": "Meat \u0026 Seafood",
        "desc": "Meat \u0026 Seafood"
      }
    ],
    "subCategories": [
      {
        "code": "Lunch Meat",
        "desc": "Lunch Meat"
      }
    ],
    "brands": [
      {
        "code": "Columbus",
        "desc": "Columbus"
      }
    ],
    "price": {
      "basePrice": 4.39,
      "discountPrice": 4.39
    },
    "type": {
      "code": "Other Meat",
      "desc": "Other Meat"
    },
    "weight": "4 oz",
    "UpcCode": "",
    "tax": 0.0,
    "spiceLevel": "",
    "aiselNo": "22",
    "store": "Market Basket",
    "weightType": "4 oz",
    "imageName": "5422.jpg",
    "defaultImage": "5422.jpg",
    "updatedTimestamp": "Jan 24, 2021 2:00:52 AM",
    "createdTimestamp": "Jan 24, 2021 2:00:52 AM",
    "isNewlyAdded": false,
    "isActive": true,
    "isDealsEnabled": false,
    "quantity": 0
  },
  {
    "id": 4737,
    "code": "Perdue Carved Chicken BreastRotisserie Seasoned",
    "desc": "Perdue Carved Chicken BreastRotisserie Seasoned",
    "shortDesc": "Perdue Carved Chicken BreastRotisserie Seasoned",
    "tags": [
      "Chicken Products"
    ],
    "categories": [
      {
        "code": "Meat \u0026 Seafood",
        "desc": "Meat \u0026 Seafood"
      }
    ],
    "subCategories": [
      {
        "code": "Frozen Meat \u0026 Seafood",
        "desc": "Frozen Meat \u0026 Seafood"
      }
    ],
    "brands": [
      {
        "code": "Perdue",
        "desc": "Perdue"
      }
    ],
    "price": {
      "basePrice": 4.89,
      "discountPrice": 4.89
    },
    "type": {
      "code": "Chicken Products",
      "desc": "Chicken Products"
    },
    "weight": "0.56 lb",
    "UpcCode": "",
    "tax": 0.0,
    "spiceLevel": "",
    "aiselNo": "21",
    "store": "Market Basket",
    "weightType": "0.56 lb",
    "imageName": "2888.jpg",
    "defaultImage": "2888.jpg",
    "updatedTimestamp": "Jan 24, 2021 2:00:52 AM",
    "createdTimestamp": "Jan 24, 2021 2:00:52 AM",
    "isNewlyAdded": false,
    "isActive": true,
    "isDealsEnabled": false,
    "quantity": 0
  },
  {
    "id": 30815,
    "code": "Carando Italian Style Meatballs ",
    "desc": "Carando Italian Style Meatballs ",
    "shortDesc": "Carando Italian Style Meatballs ",
    "tags": [
      "Meatballs"
    ],
    "categories": [
      {
        "code": "Meat \u0026 Seafood",
        "desc": "Meat \u0026 Seafood"
      }
    ],
    "subCategories": [
      {
        "code": "Packaged Meat \u0026 Seafood",
        "desc": "Packaged Meat \u0026 Seafood"
      }
    ],
    "brands": [],
    "price": {
      "basePrice": 4.99,
      "discountPrice": 4.99
    },
    "type": {
      "code": "Meatballs",
      "desc": "Meatballs"
    },
    "weight": "6 oz",
    "UpcCode": "",
    "tax": 0.0,
    "spiceLevel": "",
    "aiselNo": "1",
    "store": "Market Basket",
    "weightType": "6 oz",
    "imageName": "X4705.jpg",
    "defaultImage": "X4705.jpg",
    "updatedTimestamp": "Jan 24, 2021 2:00:53 AM",
    "createdTimestamp": "Jan 24, 2021 2:00:53 AM",
    "isNewlyAdded": false,
    "isActive": true,
    "isDealsEnabled": false,
    "quantity": 0
  },
  {
    "id": 31398,
    "code": "Gardein Homestyle Beefless Tips ",
    "desc": "Gardein Homestyle Beefless Tips ",
    "shortDesc": "Gardein Homestyle Beefless Tips ",
    "tags": [
      "Burger"
    ],
    "categories": [
      {
        "code": "Meat \u0026 Seafood",
        "desc": "Meat \u0026 Seafood"
      }
    ],
    "subCategories": [
      {
        "code": "Packaged Meat \u0026 Seafood",
        "desc": "Packaged Meat \u0026 Seafood"
      }
    ],
    "brands": [
      {
        "code": "Gardein",
        "desc": "Gardein"
      }
    ],
    "price": {
      "basePrice": 5.61,
      "discountPrice": 5.61
    },
    "type": {
      "code": "Burger",
      "desc": "Burger"
    },
    "weight": "90 oz",
    "UpcCode": "",
    "tax": 0.0,
    "spiceLevel": "",
    "aiselNo": "1",
    "store": "Market Basket",
    "weightType": "90 oz",
    "imageName": "X4761.jpg",
    "defaultImage": "X4761.jpg",
    "updatedTimestamp": "Jan 24, 2021 2:00:53 AM",
    "createdTimestamp": "Jan 24, 2021 2:00:53 AM",
    "isNewlyAdded": false,
    "isActive": true,
    "isDealsEnabled": false,
    "quantity": 0
  },
  {
    "id": 4327,
    "code": "Pork Shoulder Picnic",
    "desc": "Pork Shoulder Picnic",
    "shortDesc": "Pork Shoulder Picnic",
    "tags": [
      "Pork"
    ],
    "categories": [
      {
        "code": "Meat \u0026 Seafood",
        "desc": "Meat \u0026 Seafood"
      }
    ],
    "subCategories": [
      {
        "code": "Meat \u0026 Seafood Counter",
        "desc": "Meat \u0026 Seafood Counter"
      }
    ],
    "brands": [
      {
        "code": "Market Basket",
        "desc": "Market Basket"
      }
    ],
    "price": {
      "basePrice": 14.8,
      "discountPrice": 14.8
    },
    "type": {
      "code": "Pork",
      "desc": "Pork"
    },
    "weight": "Approx: 7.83 lb at $1.89/lb",
    "UpcCode": "",
    "tax": 0.0,
    "spiceLevel": "",
    "aiselNo": "22",
    "store": "Market Basket",
    "weightType": "Approx: 7.83 lb at $1.89/lb",
    "imageName": "16672.jpg",
    "defaultImage": "16672.jpg",
    "updatedTimestamp": "Jan 24, 2021 2:00:52 AM",
    "createdTimestamp": "Jan 24, 2021 2:00:52 AM",
    "isNewlyAdded": false,
    "isActive": true,
    "isDealsEnabled": false,
    "quantity": 0
  },
  {
    "id": 31925,
    "code": "Jenni-O Italian Style Turkey Meatballs",
    "desc": "Jenni-O Italian Style Turkey Meatballs",
    "shortDesc": "Jenni-O Italian Style Turkey Meatballs",
    "tags": [
      "Turkey"
    ],
    "categories": [
      {
        "code": "Meat \u0026 Seafood",
        "desc": "Meat \u0026 Seafood"
      }
    ],
    "subCategories": [
      {
        "code": "Packaged Meat \u0026 Seafood",
        "desc": "Packaged Meat \u0026 Seafood"
      }
    ],
    "brands": [],
    "price": {
      "basePrice": 6.86,
      "discountPrice": 6.86
    },
    "type": {
      "code": "Turkey",
      "desc": "Turkey"
    },
    "weight": "24 oz",
    "UpcCode": "",
    "tax": 0.0,
    "spiceLevel": "",
    "aiselNo": "1",
    "store": "Market Basket",
    "weightType": "24 oz",
    "imageName": "X4700.jpg",
    "defaultImage": "X4700.jpg",
    "updatedTimestamp": "Jan 24, 2021 2:00:53 AM",
    "createdTimestamp": "Jan 24, 2021 2:00:53 AM",
    "isNewlyAdded": false,
    "isActive": true,
    "isDealsEnabled": false,
    "quantity": 0
  },
  {
    "id": 4073,
    "code": "Market Basket Beef Bottom Round Rump Roast",
    "desc": "Market Basket Beef Bottom Round Rump Roast",
    "shortDesc": "Market Basket Beef Bottom Round Rump Roast",
    "tags": [
      "Beef"
    ],
    "categories": [
      {
        "code": "Meat \u0026 Seafood",
        "desc": "Meat \u0026 Seafood"
      }
    ],
    "subCategories": [
      {
        "code": "Meat \u0026 Seafood Counter",
        "desc": "Meat \u0026 Seafood Counter"
      }
    ],
    "brands": [
      {
        "code": "Market Basket",
        "desc": "Market Basket"
      }
    ],
    "price": {
      "basePrice": 15.26,
      "discountPrice": 15.26
    },
    "type": {
      "code": "Beef",
      "desc": "Beef"
    },
    "weight": "Approx: 3.12 lb at $4.89/lb",
    "UpcCode": "",
    "tax": 0.0,
    "spiceLevel": "",
    "aiselNo": "22",
    "store": "Market Basket",
    "weightType": "Approx: 3.12 lb at $4.89/lb",
    "imageName": "Market Basket.jpg",
    "defaultImage": "Market Basket.jpg",
    "updatedTimestamp": "Jan 24, 2021 2:00:52 AM",
    "createdTimestamp": "Jan 24, 2021 2:00:52 AM",
    "isNewlyAdded": false,
    "isActive": true,
    "isDealsEnabled": false,
    "quantity": 0
  },
  {
    "id": 4134,
    "code": "Chicken Thighs",
    "desc": "Chicken Thighs",
    "shortDesc": "Chicken Thighs",
    "tags": [
      "Chicken Thighs"
    ],
    "categories": [
      {
        "code": "Meat \u0026 Seafood",
        "desc": "Meat \u0026 Seafood"
      }
    ],
    "subCategories": [
      {
        "code": "Meat \u0026 Seafood Counter",
        "desc": "Meat \u0026 Seafood Counter"
      }
    ],
    "brands": [
      {
        "code": "Market Basket",
        "desc": "Market Basket"
      }
    ],
    "price": {
      "basePrice": 1.09,
      "discountPrice": 1.09
    },
    "type": {
      "code": "Chicken Thighs",
      "desc": "Chicken Thighs"
    },
    "weight": "1 lb",
    "UpcCode": "",
    "tax": 0.0,
    "spiceLevel": "",
    "aiselNo": "22",
    "store": "Market Basket",
    "weightType": "1 lb",
    "imageName": "Market Basket.jpg",
    "defaultImage": "Market Basket.jpg",
    "updatedTimestamp": "Jan 24, 2021 2:00:52 AM",
    "createdTimestamp": "Jan 24, 2021 2:00:52 AM",
    "isNewlyAdded": false,
    "isActive": true,
    "isDealsEnabled": false,
    "quantity": 0
  },
  {
    "id": 4350,
    "code": "Market Basket Previously Frozen 26/30 Count Cooked Shrimp",
    "desc": "Market Basket Previously Frozen 26/30 Count Cooked Shrimp",
    "shortDesc": "Market Basket Previously Frozen 26/30 Count Cooked Shrimp",
    "tags": [
      "Shrimp"
    ],
    "categories": [
      {
        "code": "Meat \u0026 Seafood",
        "desc": "Meat \u0026 Seafood"
      }
    ],
    "subCategories": [
      {
        "code": "Meat \u0026 Seafood Counter",
        "desc": "Meat \u0026 Seafood Counter"
      }
    ],
    "brands": [
      {
        "code": "Market Basket",
        "desc": "Market Basket"
      }
    ],
    "price": {
      "basePrice": 24.38,
      "discountPrice": 24.38
    },
    "type": {
      "code": "Shrimp",
      "desc": "Shrimp"
    },
    "weight": "Approx: 2.01 lb at $12.1/lb",
    "UpcCode": "",
    "tax": 0.0,
    "spiceLevel": "",
    "aiselNo": "22",
    "store": "Market Basket",
    "weightType": "Approx: 2.01 lb at $12.1/lb",
    "imageName": "Market Basket.jpg",
    "defaultImage": "Market Basket.jpg",
    "updatedTimestamp": "Jan 24, 2021 2:00:52 AM",
    "createdTimestamp": "Jan 24, 2021 2:00:52 AM",
    "isNewlyAdded": false,
    "isActive": true,
    "isDealsEnabled": false,
    "quantity": 0
  },
  {
    "id": 4175,
    "code": "Market Basket 85% Lean Angus Ground Beef",
    "desc": "Market Basket 85% Lean Angus Ground Beef",
    "shortDesc": "Market Basket 85% Lean Angus Ground Beef",
    "tags": [
      "Beef"
    ],
    "categories": [
      {
        "code": "Meat \u0026 Seafood",
        "desc": "Meat \u0026 Seafood"
      }
    ],
    "subCategories": [
      {
        "code": "Packaged Meat \u0026 Seafood",
        "desc": "Packaged Meat \u0026 Seafood"
      }
    ],
    "brands": [
      {
        "code": "Market Basket",
        "desc": "Market Basket"
      }
    ],
    "price": {
      "basePrice": 5.29,
      "discountPrice": 5.29
    },
    "type": {
      "code": "Beef",
      "desc": "Beef"
    },
    "weight": "1 pack",
    "UpcCode": "",
    "tax": 0.0,
    "spiceLevel": "",
    "aiselNo": "22",
    "store": "Market Basket",
    "weightType": "1 pack",
    "imageName": "4075.jpg",
    "defaultImage": "4075.jpg",
    "updatedTimestamp": "Jan 24, 2021 2:00:52 AM",
    "createdTimestamp": "Jan 24, 2021 2:00:52 AM",
    "isNewlyAdded": false,
    "isActive": true,
    "isDealsEnabled": false,
    "quantity": 0
  },
  {
    "id": 30246,
    "code": "Ball Park Angus Uncured Angus Beef Franks ",
    "desc": "Ball Park Angus Uncured Angus Beef Franks ",
    "shortDesc": "Ball Park Angus Uncured Angus Beef Franks ",
    "tags": [
      "Hot Dogs \u0026 Franks"
    ],
    "categories": [
      {
        "code": "Meat \u0026 Seafood",
        "desc": "Meat \u0026 Seafood"
      }
    ],
    "subCategories": [
      {
        "code": "Packaged Meat \u0026 Seafood",
        "desc": "Packaged Meat \u0026 Seafood"
      }
    ],
    "brands": [
      {
        "code": "Ball Park",
        "desc": "Ball Park"
      }
    ],
    "price": {
      "basePrice": 6.24,
      "discountPrice": 6.24
    },
    "type": {
      "code": "Hot Dogs \u0026 Franks",
      "desc": "Hot Dogs \u0026 Franks"
    },
    "weight": "14 oz",
    "UpcCode": "",
    "tax": 0.0,
    "spiceLevel": "",
    "aiselNo": "1",
    "store": "Market Basket",
    "weightType": "14 oz",
    "imageName": "X4571.jpg",
    "defaultImage": "X4571.jpg",
    "updatedTimestamp": "Jan 24, 2021 2:00:53 AM",
    "createdTimestamp": "Jan 24, 2021 2:00:53 AM",
    "isNewlyAdded": false,
    "isActive": true,
    "isDealsEnabled": false,
    "quantity": 0
  },
  {
    "id": 4124,
    "code": "Perdue Boneless Skinless Chicken Breast",
    "desc": "Perdue Boneless Skinless Chicken Breast",
    "shortDesc": "Perdue Boneless Skinless Chicken Breast",
    "tags": [
      "Chicken Breast"
    ],
    "categories": [
      {
        "code": "Meat \u0026 Seafood",
        "desc": "Meat \u0026 Seafood"
      }
    ],
    "subCategories": [
      {
        "code": "Meat \u0026 Seafood Counter",
        "desc": "Meat \u0026 Seafood Counter"
      }
    ],
    "brands": [
      {
        "code": "Perdue",
        "desc": "Perdue"
      }
    ],
    "price": {
      "basePrice": 8.59,
      "discountPrice": 8.59
    },
    "type": {
      "code": "Chicken Breast",
      "desc": "Chicken Breast"
    },
    "weight": "1 lb",
    "UpcCode": "",
    "tax": 0.0,
    "spiceLevel": "",
    "aiselNo": "22",
    "store": "Market Basket",
    "weightType": "1 lb",
    "imageName": "4058.jpg",
    "defaultImage": "4058.jpg",
    "updatedTimestamp": "Jan 24, 2021 2:00:52 AM",
    "createdTimestamp": "Jan 24, 2021 2:00:52 AM",
    "isNewlyAdded": false,
    "isActive": true,
    "isDealsEnabled": false,
    "quantity": 0
  },
  {
    "id": 4287,
    "code": "Shady Brooks Farms Turkey Drumstick",
    "desc": "Shady Brooks Farms Turkey Drumstick",
    "shortDesc": "Shady Brooks Farms Turkey Drumstick",
    "tags": [
      "Turkey"
    ],
    "categories": [
      {
        "code": "Meat \u0026 Seafood",
        "desc": "Meat \u0026 Seafood"
      }
    ],
    "subCategories": [
      {
        "code": "Packaged Meat \u0026 Seafood",
        "desc": "Packaged Meat \u0026 Seafood"
      }
    ],
    "brands": [
      {
        "code": "Market Basket",
        "desc": "Market Basket"
      }
    ],
    "price": {
      "basePrice": 2.49,
      "discountPrice": 2.49
    },
    "type": {
      "code": "Turkey",
      "desc": "Turkey"
    },
    "weight": "1 lb",
    "UpcCode": "",
    "tax": 0.0,
    "spiceLevel": "",
    "aiselNo": "22",
    "store": "Market Basket",
    "weightType": "1 lb",
    "imageName": "16711.jpg",
    "defaultImage": "16711.jpg",
    "updatedTimestamp": "Jan 24, 2021 2:00:52 AM",
    "createdTimestamp": "Jan 24, 2021 2:00:52 AM",
    "isNewlyAdded": false,
    "isActive": true,
    "isDealsEnabled": false,
    "quantity": 0
  },
  {
    "id": 4709,
    "code": "Birds Eye Voila! Three Cheese Chicken",
    "desc": "Birds Eye Voila! Three Cheese Chicken",
    "shortDesc": "Birds Eye Voila! Three Cheese Chicken",
    "tags": [
      "Chicken Products"
    ],
    "categories": [
      {
        "code": "Meat \u0026 Seafood",
        "desc": "Meat \u0026 Seafood"
      }
    ],
    "subCategories": [
      {
        "code": "Frozen Meat \u0026 Seafood",
        "desc": "Frozen Meat \u0026 Seafood"
      }
    ],
    "brands": [
      {
        "code": "Birds Eye",
        "desc": "Birds Eye"
      }
    ],
    "price": {
      "basePrice": 4.89,
      "discountPrice": 4.89
    },
    "type": {
      "code": "Chicken Products",
      "desc": "Chicken Products"
    },
    "weight": "21 oz",
    "UpcCode": "",
    "tax": 0.0,
    "spiceLevel": "",
    "aiselNo": "19",
    "store": "Market Basket",
    "weightType": "21 oz",
    "imageName": "16035.jpg",
    "defaultImage": "16035.jpg",
    "updatedTimestamp": "Jan 24, 2021 2:00:52 AM",
    "createdTimestamp": "Jan 24, 2021 2:00:52 AM",
    "isNewlyAdded": false,
    "isActive": true,
    "isDealsEnabled": false,
    "quantity": 0
  },
  {
    "id": 4498,
    "code": "Oscar Mayer Deli Fresh Honey Ham",
    "desc": "Oscar Mayer Deli Fresh Honey Ham",
    "shortDesc": "Oscar Mayer Deli Fresh Honey Ham",
    "tags": [
      "Ham"
    ],
    "categories": [
      {
        "code": "Meat \u0026 Seafood",
        "desc": "Meat \u0026 Seafood"
      }
    ],
    "subCategories": [
      {
        "code": "Lunch Meat",
        "desc": "Lunch Meat"
      }
    ],
    "brands": [
      {
        "code": "Fresh",
        "desc": "Fresh"
      }
    ],
    "price": {
      "basePrice": 4.09,
      "discountPrice": 4.09
    },
    "type": {
      "code": "Ham",
      "desc": "Ham"
    },
    "weight": "9 oz",
    "UpcCode": "",
    "tax": 0.0,
    "spiceLevel": "",
    "aiselNo": "1",
    "store": "Market Basket",
    "weightType": "9 oz",
    "imageName": "5403.jpg",
    "defaultImage": "5403.jpg",
    "updatedTimestamp": "Jan 24, 2021 2:00:52 AM",
    "createdTimestamp": "Jan 24, 2021 2:00:52 AM",
    "isNewlyAdded": false,
    "isActive": true,
    "isDealsEnabled": false,
    "quantity": 0
  },
  {
    "id": 4092,
    "code": "Market Basket Boneless NY Sirloin Petite Select",
    "desc": "Market Basket Boneless NY Sirloin Petite Select",
    "shortDesc": "Market Basket Boneless NY Sirloin Petite Select",
    "tags": [
      "Beef"
    ],
    "categories": [
      {
        "code": "Meat \u0026 Seafood",
        "desc": "Meat \u0026 Seafood"
      }
    ],
    "subCategories": [
      {
        "code": "Meat \u0026 Seafood Counter",
        "desc": "Meat \u0026 Seafood Counter"
      }
    ],
    "brands": [
      {
        "code": "Market Basket",
        "desc": "Market Basket"
      }
    ],
    "price": {
      "basePrice": 9.83,
      "discountPrice": 9.83
    },
    "type": {
      "code": "Beef",
      "desc": "Beef"
    },
    "weight": "Approx: 1.33 lb at $7.39/lb",
    "UpcCode": "",
    "tax": 0.0,
    "spiceLevel": "",
    "aiselNo": "22",
    "store": "Market Basket",
    "weightType": "Approx: 1.33 lb at $7.39/lb",
    "imageName": "Market Basket.jpg",
    "defaultImage": "Market Basket.jpg",
    "updatedTimestamp": "Jan 24, 2021 2:00:52 AM",
    "createdTimestamp": "Jan 24, 2021 2:00:52 AM",
    "isNewlyAdded": false,
    "isActive": true,
    "isDealsEnabled": false,
    "quantity": 0
  },
  {
    "id": 4407,
    "code": "Smithfield Bacon",
    "desc": "Smithfield Bacon",
    "shortDesc": "Smithfield Bacon",
    "tags": [
      "Bacon"
    ],
    "categories": [
      {
        "code": "Meat \u0026 Seafood",
        "desc": "Meat \u0026 Seafood"
      }
    ],
    "subCategories": [
      {
        "code": "Hot Dogs, Bacon \u0026 Sausage",
        "desc": "Hot Dogs, Bacon \u0026 Sausage"
      }
    ],
    "brands": [
      {
        "code": "Smithfield",
        "desc": "Smithfield"
      }
    ],
    "price": {
      "basePrice": 8.19,
      "discountPrice": 8.19
    },
    "type": {
      "code": "Bacon",
      "desc": "Bacon"
    },
    "weight": "16 oz",
    "UpcCode": "",
    "tax": 0.0,
    "spiceLevel": "",
    "aiselNo": "1",
    "store": "Market Basket",
    "weightType": "16 oz",
    "imageName": "4188.jpg",
    "defaultImage": "4188.jpg",
    "updatedTimestamp": "Jan 24, 2021 2:00:52 AM",
    "createdTimestamp": "Jan 24, 2021 2:00:52 AM",
    "isNewlyAdded": false,
    "isActive": true,
    "isDealsEnabled": false,
    "quantity": 0
  },
  {
    "id": 30362,
    "code": "Bell \u0026 Evans Air Chilled Organic Breaded Chicken Breast Nuggets",
    "desc": "Bell \u0026 Evans Air Chilled Organic Breaded Chicken Breast Nuggets",
    "shortDesc": "Bell \u0026 Evans Air Chilled Organic Breaded Chicken Breast Nuggets",
    "tags": [
      "Chicken"
    ],
    "categories": [
      {
        "code": "Meat \u0026 Seafood",
        "desc": "Meat \u0026 Seafood"
      }
    ],
    "subCategories": [
      {
        "code": "Packaged Meat \u0026 Seafood",
        "desc": "Packaged Meat \u0026 Seafood"
      }
    ],
    "brands": [
      {
        "code": "Bell \u0026 Evans",
        "desc": "Bell \u0026 Evans"
      }
    ],
    "price": {
      "basePrice": 11.24,
      "discountPrice": 11.24
    },
    "type": {
      "code": "Chicken",
      "desc": "Chicken"
    },
    "weight": "12 oz",
    "UpcCode": "738985222352",
    "tax": 0.0,
    "spiceLevel": "",
    "aiselNo": "1",
    "store": "Market Basket",
    "weightType": "12 oz",
    "imageName": "X40.jpg",
    "defaultImage": "X40.jpg",
    "updatedTimestamp": "Jan 24, 2021 2:00:53 AM",
    "createdTimestamp": "Jan 24, 2021 2:00:53 AM",
    "isNewlyAdded": false,
    "isActive": true,
    "isDealsEnabled": false,
    "quantity": 0
  },
  {
    "id": 4568,
    "code": "Busseto Foods Salami, Italian Dry",
    "desc": "Busseto Foods Salami, Italian Dry",
    "shortDesc": "Busseto Foods Salami, Italian Dry",
    "tags": [
      "Salami"
    ],
    "categories": [
      {
        "code": "Meat \u0026 Seafood",
        "desc": "Meat \u0026 Seafood"
      }
    ],
    "subCategories": [
      {
        "code": "Lunch Meat",
        "desc": "Lunch Meat"
      }
    ],
    "brands": [
      {
        "code": "Busseto Foods",
        "desc": "Busseto Foods"
      }
    ],
    "price": {
      "basePrice": 4.09,
      "discountPrice": 4.09
    },
    "type": {
      "code": "Salami",
      "desc": "Salami"
    },
    "weight": "8 oz",
    "UpcCode": "",
    "tax": 0.0,
    "spiceLevel": "",
    "aiselNo": "22",
    "store": "Market Basket",
    "weightType": "8 oz",
    "imageName": "17290.jpg",
    "defaultImage": "17290.jpg",
    "updatedTimestamp": "Jan 24, 2021 2:00:52 AM",
    "createdTimestamp": "Jan 24, 2021 2:00:52 AM",
    "isNewlyAdded": false,
    "isActive": true,
    "isDealsEnabled": false,
    "quantity": 0
  },
  {
    "id": 4205,
    "code": "Perdue Breaded Popcorn Chicken Bites",
    "desc": "Perdue Breaded Popcorn Chicken Bites",
    "shortDesc": "Perdue Breaded Popcorn Chicken Bites",
    "tags": [
      "Chicken Breast"
    ],
    "categories": [
      {
        "code": "Meat \u0026 Seafood",
        "desc": "Meat \u0026 Seafood"
      }
    ],
    "subCategories": [
      {
        "code": "Packaged Meat \u0026 Seafood",
        "desc": "Packaged Meat \u0026 Seafood"
      }
    ],
    "brands": [
      {
        "code": "Perdue",
        "desc": "Perdue"
      }
    ],
    "price": {
      "basePrice": 4.89,
      "discountPrice": 4.89
    },
    "type": {
      "code": "Chicken Breast",
      "desc": "Chicken Breast"
    },
    "weight": "0.75 lb",
    "UpcCode": "",
    "tax": 0.0,
    "spiceLevel": "",
    "aiselNo": "22",
    "store": "Market Basket",
    "weightType": "0.75 lb",
    "imageName": "4112.jpg",
    "defaultImage": "4112.jpg",
    "updatedTimestamp": "Jan 24, 2021 2:00:52 AM",
    "createdTimestamp": "Jan 24, 2021 2:00:52 AM",
    "isNewlyAdded": false,
    "isActive": true,
    "isDealsEnabled": false,
    "quantity": 0
  },
  {
    "id": 30431,
    "code": "Black Labale Natural Hardwood Smoke Microwave Ready Original Bacon ",
    "desc": "Black Labale Natural Hardwood Smoke Microwave Ready Original Bacon ",
    "shortDesc": "Black Labale Natural Hardwood Smoke Microwave Ready Original Bacon ",
    "tags": [
      "Bacon"
    ],
    "categories": [
      {
        "code": "Meat \u0026 Seafood",
        "desc": "Meat \u0026 Seafood"
      }
    ],
    "subCategories": [
      {
        "code": "Packaged Meat \u0026 Seafood",
        "desc": "Packaged Meat \u0026 Seafood"
      }
    ],
    "brands": [],
    "price": {
      "basePrice": 11.24,
      "discountPrice": 11.24
    },
    "type": {
      "code": "Bacon",
      "desc": "Bacon"
    },
    "weight": "12 oz",
    "UpcCode": "",
    "tax": 0.0,
    "spiceLevel": "",
    "aiselNo": "1",
    "store": "Market Basket",
    "weightType": "12 oz",
    "imageName": "X4468.jpg",
    "defaultImage": "X4468.jpg",
    "updatedTimestamp": "Jan 24, 2021 2:00:53 AM",
    "createdTimestamp": "Jan 24, 2021 2:00:53 AM",
    "isNewlyAdded": false,
    "isActive": true,
    "isDealsEnabled": false,
    "quantity": 0
  },
  {
    "id": 4072,
    "code": "Market Basket 85% Lean Ground Patties 6 Pack",
    "desc": "Market Basket 85% Lean Ground Patties 6 Pack",
    "shortDesc": "Market Basket 85% Lean Ground Patties 6 Pack",
    "tags": [
      "Beef"
    ],
    "categories": [
      {
        "code": "Meat \u0026 Seafood",
        "desc": "Meat \u0026 Seafood"
      }
    ],
    "subCategories": [
      {
        "code": "Meat \u0026 Seafood Counter",
        "desc": "Meat \u0026 Seafood Counter"
      }
    ],
    "brands": [
      {
        "code": "Market Basket",
        "desc": "Market Basket"
      }
    ],
    "price": {
      "basePrice": 6.19,
      "discountPrice": 6.19
    },
    "type": {
      "code": "Beef",
      "desc": "Beef"
    },
    "weight": "Approx: 1.27 lb at $4.89/lb",
    "UpcCode": "",
    "tax": 0.0,
    "spiceLevel": "",
    "aiselNo": "22",
    "store": "Market Basket",
    "weightType": "Approx: 1.27 lb at $4.89/lb",
    "imageName": "Market Basket.jpg",
    "defaultImage": "Market Basket.jpg",
    "updatedTimestamp": "Jan 24, 2021 2:00:52 AM",
    "createdTimestamp": "Jan 24, 2021 2:00:52 AM",
    "isNewlyAdded": false,
    "isActive": true,
    "isDealsEnabled": false,
    "quantity": 0
  },
  {
    "id": 33705,
    "code": "Old Neighborhood Hot Dogs",
    "desc": "Old Neighborhood Hot Dogs",
    "shortDesc": "Old Neighborhood Hot Dogs",
    "tags": [
      "Hot Dogs \u0026 Franks"
    ],
    "categories": [
      {
        "code": "Meat \u0026 Seafood",
        "desc": "Meat \u0026 Seafood"
      }
    ],
    "subCategories": [
      {
        "code": "Packaged Meat \u0026 Seafood",
        "desc": "Packaged Meat \u0026 Seafood"
      }
    ],
    "brands": [],
    "price": {
      "basePrice": 8.74,
      "discountPrice": 8.74
    },
    "type": {
      "code": "Hot Dogs \u0026 Franks",
      "desc": "Hot Dogs \u0026 Franks"
    },
    "weight": "32 oz",
    "UpcCode": "",
    "tax": 0.0,
    "spiceLevel": "",
    "aiselNo": "1",
    "store": "Market Basket",
    "weightType": "32 oz",
    "imageName": "X4563.jpg",
    "defaultImage": "X4563.jpg",
    "updatedTimestamp": "Jan 24, 2021 2:00:53 AM",
    "createdTimestamp": "Jan 24, 2021 2:00:53 AM",
    "isNewlyAdded": false,
    "isActive": true,
    "isDealsEnabled": false,
    "quantity": 0
  },
  {
    "id": 4420,
    "code": "Hebrew National Beef Franks",
    "desc": "Hebrew National Beef Franks",
    "shortDesc": "Hebrew National Beef Franks",
    "tags": [
      "Hot Dogs"
    ],
    "categories": [
      {
        "code": "Meat \u0026 Seafood",
        "desc": "Meat \u0026 Seafood"
      }
    ],
    "subCategories": [
      {
        "code": "Hot Dogs, Bacon \u0026 Sausage",
        "desc": "Hot Dogs, Bacon \u0026 Sausage"
      }
    ],
    "brands": [
      {
        "code": "Hebrew National",
        "desc": "Hebrew National"
      }
    ],
    "price": {
      "basePrice": 4.89,
      "discountPrice": 4.89
    },
    "type": {
      "code": "Hot Dogs",
      "desc": "Hot Dogs"
    },
    "weight": "12 oz",
    "UpcCode": "",
    "tax": 0.0,
    "spiceLevel": "",
    "aiselNo": "1",
    "store": "Market Basket",
    "weightType": "12 oz",
    "imageName": "4195.jpg",
    "defaultImage": "4195.jpg",
    "updatedTimestamp": "Jan 24, 2021 2:00:52 AM",
    "createdTimestamp": "Jan 24, 2021 2:00:52 AM",
    "isNewlyAdded": false,
    "isActive": true,
    "isDealsEnabled": false,
    "quantity": 0
  },
  {
    "id": 4078,
    "code": "Market Basket Beef Chuck London Broil Shoulder Steak",
    "desc": "Market Basket Beef Chuck London Broil Shoulder Steak",
    "shortDesc": "Market Basket Beef Chuck London Broil Shoulder Steak",
    "tags": [
      "Beef"
    ],
    "categories": [
      {
        "code": "Meat \u0026 Seafood",
        "desc": "Meat \u0026 Seafood"
      }
    ],
    "subCategories": [
      {
        "code": "Meat \u0026 Seafood Counter",
        "desc": "Meat \u0026 Seafood Counter"
      }
    ],
    "brands": [
      {
        "code": "Market Basket",
        "desc": "Market Basket"
      }
    ],
    "price": {
      "basePrice": 6.32,
      "discountPrice": 6.32
    },
    "type": {
      "code": "Beef",
      "desc": "Beef"
    },
    "weight": "Approx: 1.44 lb at $4.39/lb",
    "UpcCode": "",
    "tax": 0.0,
    "spiceLevel": "",
    "aiselNo": "22",
    "store": "Market Basket",
    "weightType": "Approx: 1.44 lb at $4.39/lb",
    "imageName": "Market Basket.jpg",
    "defaultImage": "Market Basket.jpg",
    "updatedTimestamp": "Jan 24, 2021 2:00:52 AM",
    "createdTimestamp": "Jan 24, 2021 2:00:52 AM",
    "isNewlyAdded": false,
    "isActive": true,
    "isDealsEnabled": false,
    "quantity": 0
  },
  {
    "id": 30171,
    "code": "Applegate Organics Organic Uncured Turkey Hot Dog ",
    "desc": "Applegate Organics Organic Uncured Turkey Hot Dog ",
    "shortDesc": "Applegate Organics Organic Uncured Turkey Hot Dog ",
    "tags": [
      "Hot Dogs"
    ],
    "categories": [
      {
        "code": "Meat \u0026 Seafood",
        "desc": "Meat \u0026 Seafood"
      }
    ],
    "subCategories": [
      {
        "code": "Packaged Meat \u0026 Seafood",
        "desc": "Packaged Meat \u0026 Seafood"
      }
    ],
    "brands": [],
    "price": {
      "basePrice": 6.86,
      "discountPrice": 6.86
    },
    "type": {
      "code": "Hot Dogs",
      "desc": "Hot Dogs"
    },
    "weight": "10 oz",
    "UpcCode": "",
    "tax": 0.0,
    "spiceLevel": "",
    "aiselNo": "1",
    "store": "Market Basket",
    "weightType": "10 oz",
    "imageName": "X4483.jpg",
    "defaultImage": "X4483.jpg",
    "updatedTimestamp": "Jan 24, 2021 2:00:53 AM",
    "createdTimestamp": "Jan 24, 2021 2:00:53 AM",
    "isNewlyAdded": false,
    "isActive": true,
    "isDealsEnabled": false,
    "quantity": 0
  },
  {
    "id": 4284,
    "code": "Farm To Family All Natural Ground Turkey Turkey",
    "desc": "Farm To Family All Natural Ground Turkey Turkey",
    "shortDesc": "Farm To Family All Natural Ground Turkey Turkey",
    "tags": [
      "Turkey"
    ],
    "categories": [
      {
        "code": "Meat \u0026 Seafood",
        "desc": "Meat \u0026 Seafood"
      }
    ],
    "subCategories": [
      {
        "code": "Packaged Meat \u0026 Seafood",
        "desc": "Packaged Meat \u0026 Seafood"
      }
    ],
    "brands": [
      {
        "code": "Farm To Family",
        "desc": "Farm To Family"
      }
    ],
    "price": {
      "basePrice": 4.09,
      "discountPrice": 4.09
    },
    "type": {
      "code": "Turkey",
      "desc": "Turkey"
    },
    "weight": "16 oz",
    "UpcCode": "",
    "tax": 0.0,
    "spiceLevel": "",
    "aiselNo": "22",
    "store": "Market Basket",
    "weightType": "16 oz",
    "imageName": "16707.jpg",
    "defaultImage": "16707.jpg",
    "updatedTimestamp": "Jan 24, 2021 2:00:52 AM",
    "createdTimestamp": "Jan 24, 2021 2:00:52 AM",
    "isNewlyAdded": false,
    "isActive": true,
    "isDealsEnabled": false,
    "quantity": 0
  },
  {
    "id": 4160,
    "code": "Market Basket Sweet Italian Sausage",
    "desc": "Market Basket Sweet Italian Sausage",
    "shortDesc": "Market Basket Sweet Italian Sausage",
    "tags": [
      "Italian Sausage"
    ],
    "categories": [
      {
        "code": "Meat \u0026 Seafood",
        "desc": "Meat \u0026 Seafood"
      }
    ],
    "subCategories": [
      {
        "code": "Meat \u0026 Seafood Counter",
        "desc": "Meat \u0026 Seafood Counter"
      }
    ],
    "brands": [
      {
        "code": "Market Basket",
        "desc": "Market Basket"
      }
    ],
    "price": {
      "basePrice": 3.76,
      "discountPrice": 3.76
    },
    "type": {
      "code": "Italian Sausage",
      "desc": "Italian Sausage"
    },
    "weight": "Approx: 1.02 lb at $3.69/lb",
    "UpcCode": "",
    "tax": 0.0,
    "spiceLevel": "",
    "aiselNo": "22",
    "store": "Market Basket",
    "weightType": "Approx: 1.02 lb at $3.69/lb",
    "imageName": "Market Basket.jpg",
    "defaultImage": "Market Basket.jpg",
    "updatedTimestamp": "Jan 24, 2021 2:00:52 AM",
    "createdTimestamp": "Jan 24, 2021 2:00:52 AM",
    "isNewlyAdded": false,
    "isActive": true,
    "isDealsEnabled": false,
    "quantity": 0
  },
  {
    "id": 4422,
    "code": "Hebrew National Franks Hotdogs",
    "desc": "Hebrew National Franks Hotdogs",
    "shortDesc": "Hebrew National Franks Hotdogs",
    "tags": [
      "Hot Dogs"
    ],
    "categories": [
      {
        "code": "Meat \u0026 Seafood",
        "desc": "Meat \u0026 Seafood"
      }
    ],
    "subCategories": [
      {
        "code": "Hot Dogs, Bacon \u0026 Sausage",
        "desc": "Hot Dogs, Bacon \u0026 Sausage"
      }
    ],
    "brands": [
      {
        "code": "Hebrew National",
        "desc": "Hebrew National"
      }
    ],
    "price": {
      "basePrice": 4.89,
      "discountPrice": 4.89
    },
    "type": {
      "code": "Hot Dogs",
      "desc": "Hot Dogs"
    },
    "weight": "11 oz",
    "UpcCode": "",
    "tax": 0.0,
    "spiceLevel": "",
    "aiselNo": "1",
    "store": "Market Basket",
    "weightType": "11 oz",
    "imageName": "4196.jpg",
    "defaultImage": "4196.jpg",
    "updatedTimestamp": "Jan 24, 2021 2:00:52 AM",
    "createdTimestamp": "Jan 24, 2021 2:00:52 AM",
    "isNewlyAdded": false,
    "isActive": true,
    "isDealsEnabled": false,
    "quantity": 0
  },
  {
    "id": 31732,
    "code": "Hillshire Farm Ultra Thin Pastrami ",
    "desc": "Hillshire Farm Ultra Thin Pastrami ",
    "shortDesc": "Hillshire Farm Ultra Thin Pastrami ",
    "tags": [
      "Pastrami"
    ],
    "categories": [
      {
        "code": "Meat \u0026 Seafood",
        "desc": "Meat \u0026 Seafood"
      }
    ],
    "subCategories": [
      {
        "code": "Packaged Meat \u0026 Seafood",
        "desc": "Packaged Meat \u0026 Seafood"
      }
    ],
    "brands": [],
    "price": {
      "basePrice": 4.99,
      "discountPrice": 4.99
    },
    "type": {
      "code": "Pastrami",
      "desc": "Pastrami"
    },
    "weight": "7 oz",
    "UpcCode": "",
    "tax": 0.0,
    "spiceLevel": "",
    "aiselNo": "1",
    "store": "Market Basket",
    "weightType": "7 oz",
    "imageName": "X4537.jpg",
    "defaultImage": "X4537.jpg",
    "updatedTimestamp": "Jan 24, 2021 2:00:53 AM",
    "createdTimestamp": "Jan 24, 2021 2:00:53 AM",
    "isNewlyAdded": false,
    "isActive": true,
    "isDealsEnabled": false,
    "quantity": 0
  },
  {
    "id": 4085,
    "code": "Market Basket Beef Loin Strip Boneless Sirloin Steak",
    "desc": "Market Basket Beef Loin Strip Boneless Sirloin Steak",
    "shortDesc": "Market Basket Beef Loin Strip Boneless Sirloin Steak",
    "tags": [
      "Beef"
    ],
    "categories": [
      {
        "code": "Meat \u0026 Seafood",
        "desc": "Meat \u0026 Seafood"
      }
    ],
    "subCategories": [
      {
        "code": "Meat \u0026 Seafood Counter",
        "desc": "Meat \u0026 Seafood Counter"
      }
    ],
    "brands": [
      {
        "code": "Market Basket",
        "desc": "Market Basket"
      }
    ],
    "price": {
      "basePrice": 14.63,
      "discountPrice": 14.63
    },
    "type": {
      "code": "Beef",
      "desc": "Beef"
    },
    "weight": "Approx: 1.21 lb at $12.1/lb",
    "UpcCode": "",
    "tax": 0.0,
    "spiceLevel": "",
    "aiselNo": "22",
    "store": "Market Basket",
    "weightType": "Approx: 1.21 lb at $12.1/lb",
    "imageName": "4040.jpg",
    "defaultImage": "4040.jpg",
    "updatedTimestamp": "Jan 24, 2021 2:00:52 AM",
    "createdTimestamp": "Jan 24, 2021 2:00:52 AM",
    "isNewlyAdded": false,
    "isActive": true,
    "isDealsEnabled": false,
    "quantity": 0
  },
  {
    "id": 4262,
    "code": "Plumrose Fully Cooked Pork Baby Back Ribs",
    "desc": "Plumrose Fully Cooked Pork Baby Back Ribs",
    "shortDesc": "Plumrose Fully Cooked Pork Baby Back Ribs",
    "tags": [
      "Pork"
    ],
    "categories": [
      {
        "code": "Meat \u0026 Seafood",
        "desc": "Meat \u0026 Seafood"
      }
    ],
    "subCategories": [
      {
        "code": "Packaged Meat \u0026 Seafood",
        "desc": "Packaged Meat \u0026 Seafood"
      }
    ],
    "brands": [
      {
        "code": "Plumrose",
        "desc": "Plumrose"
      }
    ],
    "price": {
      "basePrice": 8.59,
      "discountPrice": 8.59
    },
    "type": {
      "code": "Pork",
      "desc": "Pork"
    },
    "weight": "16 oz",
    "UpcCode": "",
    "tax": 0.0,
    "spiceLevel": "",
    "aiselNo": "22",
    "store": "Market Basket",
    "weightType": "16 oz",
    "imageName": "4094.jpg",
    "defaultImage": "4094.jpg",
    "updatedTimestamp": "Jan 24, 2021 2:00:52 AM",
    "createdTimestamp": "Jan 24, 2021 2:00:52 AM",
    "isNewlyAdded": false,
    "isActive": true,
    "isDealsEnabled": false,
    "quantity": 0
  },
  {
    "id": 4566,
    "code": "Market Basket Thin Sliced Pepperoni",
    "desc": "Market Basket Thin Sliced Pepperoni",
    "shortDesc": "Market Basket Thin Sliced Pepperoni",
    "tags": [
      "Pepperoni"
    ],
    "categories": [
      {
        "code": "Meat \u0026 Seafood",
        "desc": "Meat \u0026 Seafood"
      }
    ],
    "subCategories": [
      {
        "code": "Lunch Meat",
        "desc": "Lunch Meat"
      }
    ],
    "brands": [
      {
        "code": "Market Basket",
        "desc": "Market Basket"
      }
    ],
    "price": {
      "basePrice": 2.98,
      "discountPrice": 2.98
    },
    "type": {
      "code": "Pepperoni",
      "desc": "Pepperoni"
    },
    "weight": "Approx: 0.49 lb at $6.09/lb",
    "UpcCode": "",
    "tax": 0.0,
    "spiceLevel": "",
    "aiselNo": "22",
    "store": "Market Basket",
    "weightType": "Approx: 0.49 lb at $6.09/lb",
    "imageName": "5399.jpg",
    "defaultImage": "5399.jpg",
    "updatedTimestamp": "Jan 24, 2021 2:00:52 AM",
    "createdTimestamp": "Jan 24, 2021 2:00:52 AM",
    "isNewlyAdded": false,
    "isActive": true,
    "isDealsEnabled": false,
    "quantity": 0
  },
  {
    "id": 4104,
    "code": "Obertos All-Natural Peppered Beef Jerky",
    "desc": "Obertos All-Natural Peppered Beef Jerky",
    "shortDesc": "Obertos All-Natural Peppered Beef Jerky",
    "tags": [
      "Beef"
    ],
    "categories": [
      {
        "code": "Meat \u0026 Seafood",
        "desc": "Meat \u0026 Seafood"
      }
    ],
    "subCategories": [
      {
        "code": "Meat \u0026 Seafood Counter",
        "desc": "Meat \u0026 Seafood Counter"
      }
    ],
    "brands": [
      {
        "code": "Market Basket",
        "desc": "Market Basket"
      }
    ],
    "price": {
      "basePrice": 6.69,
      "discountPrice": 6.69
    },
    "type": {
      "code": "Beef",
      "desc": "Beef"
    },
    "weight": "1 lb",
    "UpcCode": "",
    "tax": 0.0,
    "spiceLevel": "",
    "aiselNo": "22",
    "store": "Market Basket",
    "weightType": "1 lb",
    "imageName": "Market Basket.jpg",
    "defaultImage": "Market Basket.jpg",
    "updatedTimestamp": "Jan 24, 2021 2:00:52 AM",
    "createdTimestamp": "Jan 24, 2021 2:00:52 AM",
    "isNewlyAdded": false,
    "isActive": true,
    "isDealsEnabled": false,
    "quantity": 0
  },
  {
    "id": 4217,
    "code": "Springer Skinless Boneless Chicken Breast",
    "desc": "Springer Skinless Boneless Chicken Breast",
    "shortDesc": "Springer Skinless Boneless Chicken Breast",
    "tags": [
      "Chicken Breast"
    ],
    "categories": [
      {
        "code": "Meat \u0026 Seafood",
        "desc": "Meat \u0026 Seafood"
      }
    ],
    "subCategories": [
      {
        "code": "Packaged Meat \u0026 Seafood",
        "desc": "Packaged Meat \u0026 Seafood"
      }
    ],
    "brands": [
      {
        "code": "Springer",
        "desc": "Springer"
      }
    ],
    "price": {
      "basePrice": 6.09,
      "discountPrice": 6.09
    },
    "type": {
      "code": "Chicken Breast",
      "desc": "Chicken Breast"
    },
    "weight": "1 lb",
    "UpcCode": "",
    "tax": 0.0,
    "spiceLevel": "",
    "aiselNo": "22",
    "store": "Market Basket",
    "weightType": "1 lb",
    "imageName": "No Image.jpg",
    "defaultImage": "No Image.jpg",
    "updatedTimestamp": "Jan 24, 2021 2:00:52 AM",
    "createdTimestamp": "Jan 24, 2021 2:00:52 AM",
    "isNewlyAdded": false,
    "isActive": true,
    "isDealsEnabled": false,
    "quantity": 0
  },
  {
    "id": 4186,
    "code": "Market Basket Organic Chicken Stock",
    "desc": "Market Basket Organic Chicken Stock",
    "shortDesc": "Market Basket Organic Chicken Stock",
    "tags": [
      "Chicken"
    ],
    "categories": [
      {
        "code": "Meat \u0026 Seafood",
        "desc": "Meat \u0026 Seafood"
      }
    ],
    "subCategories": [
      {
        "code": "Packaged Meat \u0026 Seafood",
        "desc": "Packaged Meat \u0026 Seafood"
      }
    ],
    "brands": [
      {
        "code": "Market Basket",
        "desc": "Market Basket"
      }
    ],
    "price": {
      "basePrice": 1.29,
      "discountPrice": 1.29
    },
    "type": {
      "code": "Chicken",
      "desc": "Chicken"
    },
    "weight": "1 pack",
    "UpcCode": "",
    "tax": 0.0,
    "spiceLevel": "",
    "aiselNo": "9",
    "store": "Market Basket",
    "weightType": "1 pack",
    "imageName": "Market Basket.jpg",
    "defaultImage": "Market Basket.jpg",
    "updatedTimestamp": "Jan 24, 2021 2:00:52 AM",
    "createdTimestamp": "Jan 24, 2021 2:00:52 AM",
    "isNewlyAdded": false,
    "isActive": true,
    "isDealsEnabled": false,
    "quantity": 0
  },
  {
    "id": 4520,
    "code": "Market Basket Smoked Ham",
    "desc": "Market Basket Smoked Ham",
    "shortDesc": "Market Basket Smoked Ham",
    "tags": [
      "Ham"
    ],
    "categories": [
      {
        "code": "Meat \u0026 Seafood",
        "desc": "Meat \u0026 Seafood"
      }
    ],
    "subCategories": [
      {
        "code": "Lunch Meat",
        "desc": "Lunch Meat"
      }
    ],
    "brands": [
      {
        "code": "Market Basket",
        "desc": "Market Basket"
      }
    ],
    "price": {
      "basePrice": 4.89,
      "discountPrice": 4.89
    },
    "type": {
      "code": "Ham",
      "desc": "Ham"
    },
    "weight": "16 oz",
    "UpcCode": "",
    "tax": 0.0,
    "spiceLevel": "",
    "aiselNo": "22",
    "store": "Market Basket",
    "weightType": "16 oz",
    "imageName": "Market Basket.jpg",
    "defaultImage": "Market Basket.jpg",
    "updatedTimestamp": "Jan 24, 2021 2:00:52 AM",
    "createdTimestamp": "Jan 24, 2021 2:00:52 AM",
    "isNewlyAdded": false,
    "isActive": true,
    "isDealsEnabled": false,
    "quantity": 0
  },
  {
    "id": 4103,
    "code": "Market Basket Stir Fry Beef",
    "desc": "Market Basket Stir Fry Beef",
    "shortDesc": "Market Basket Stir Fry Beef",
    "tags": [
      "Beef"
    ],
    "categories": [
      {
        "code": "Meat \u0026 Seafood",
        "desc": "Meat \u0026 Seafood"
      }
    ],
    "subCategories": [
      {
        "code": "Meat \u0026 Seafood Counter",
        "desc": "Meat \u0026 Seafood Counter"
      }
    ],
    "brands": [
      {
        "code": "Market Basket",
        "desc": "Market Basket"
      }
    ],
    "price": {
      "basePrice": 6.69,
      "discountPrice": 6.69
    },
    "type": {
      "code": "Beef",
      "desc": "Beef"
    },
    "weight": "Approx: 1.00 lb at $6.69/lb",
    "UpcCode": "",
    "tax": 0.0,
    "spiceLevel": "",
    "aiselNo": "22",
    "store": "Market Basket",
    "weightType": "Approx: 1.00 lb at $6.69/lb",
    "imageName": "Market Basket.jpg",
    "defaultImage": "Market Basket.jpg",
    "updatedTimestamp": "Jan 24, 2021 2:00:52 AM",
    "createdTimestamp": "Jan 24, 2021 2:00:52 AM",
    "isNewlyAdded": false,
    "isActive": true,
    "isDealsEnabled": false,
    "quantity": 0
  },
  {
    "id": 4043,
    "code": "85% Lean Beef Burgers",
    "desc": "85% Lean Beef Burgers",
    "shortDesc": "85% Lean Beef Burgers",
    "tags": [
      "Beef"
    ],
    "categories": [
      {
        "code": "Meat \u0026 Seafood",
        "desc": "Meat \u0026 Seafood"
      }
    ],
    "subCategories": [
      {
        "code": "Meat \u0026 Seafood Counter",
        "desc": "Meat \u0026 Seafood Counter"
      }
    ],
    "brands": [
      {
        "code": "85% Lean",
        "desc": "85% Lean"
      }
    ],
    "price": {
      "basePrice": 8.59,
      "discountPrice": 8.59
    },
    "type": {
      "code": "Beef",
      "desc": "Beef"
    },
    "weight": "1 lb",
    "UpcCode": "",
    "tax": 0.0,
    "spiceLevel": "",
    "aiselNo": "22",
    "store": "Market Basket",
    "weightType": "1 lb",
    "imageName": "No Image.jpg",
    "defaultImage": "No Image.jpg",
    "updatedTimestamp": "Jan 24, 2021 2:00:52 AM",
    "createdTimestamp": "Jan 24, 2021 2:00:52 AM",
    "isNewlyAdded": false,
    "isActive": true,
    "isDealsEnabled": false,
    "quantity": 0
  },
  {
    "id": 4733,
    "code": "On Cor Clear Bags Chicken Patties",
    "desc": "On Cor Clear Bags Chicken Patties",
    "shortDesc": "On Cor Clear Bags Chicken Patties",
    "tags": [
      "Chicken Products"
    ],
    "categories": [
      {
        "code": "Meat \u0026 Seafood",
        "desc": "Meat \u0026 Seafood"
      }
    ],
    "subCategories": [
      {
        "code": "Frozen Meat \u0026 Seafood",
        "desc": "Frozen Meat \u0026 Seafood"
      }
    ],
    "brands": [
      {
        "code": "On Cor",
        "desc": "On Cor"
      }
    ],
    "price": {
      "basePrice": 5.89,
      "discountPrice": 5.89
    },
    "type": {
      "code": "Chicken Products",
      "desc": "Chicken Products"
    },
    "weight": "35 oz",
    "UpcCode": "",
    "tax": 0.0,
    "spiceLevel": "",
    "aiselNo": "1",
    "store": "Market Basket",
    "weightType": "35 oz",
    "imageName": "16043.jpg",
    "defaultImage": "16043.jpg",
    "updatedTimestamp": "Jan 24, 2021 2:00:52 AM",
    "createdTimestamp": "Jan 24, 2021 2:00:52 AM",
    "isNewlyAdded": false,
    "isActive": true,
    "isDealsEnabled": false,
    "quantity": 0
  },
  {
    "id": 4261,
    "code": "Boneless Thin Sliced Pork Chops",
    "desc": "Boneless Thin Sliced Pork Chops",
    "shortDesc": "Boneless Thin Sliced Pork Chops",
    "tags": [
      "Pork"
    ],
    "categories": [
      {
        "code": "Meat \u0026 Seafood",
        "desc": "Meat \u0026 Seafood"
      }
    ],
    "subCategories": [
      {
        "code": "Packaged Meat \u0026 Seafood",
        "desc": "Packaged Meat \u0026 Seafood"
      }
    ],
    "brands": [
      {
        "code": "Market Basket",
        "desc": "Market Basket"
      }
    ],
    "price": {
      "basePrice": 2.99,
      "discountPrice": 2.99
    },
    "type": {
      "code": "Pork",
      "desc": "Pork"
    },
    "weight": "1.05 lb",
    "UpcCode": "",
    "tax": 0.0,
    "spiceLevel": "",
    "aiselNo": "22",
    "store": "Market Basket",
    "weightType": "1.05 lb",
    "imageName": "Market Basket.jpg",
    "defaultImage": "Market Basket.jpg",
    "updatedTimestamp": "Jan 24, 2021 2:00:52 AM",
    "createdTimestamp": "Jan 24, 2021 2:00:52 AM",
    "isNewlyAdded": false,
    "isActive": true,
    "isDealsEnabled": false,
    "quantity": 0
  },
  {
    "id": 4742,
    "code": "Pilgrim\u0027s Chicken Breast Nuggets",
    "desc": "Pilgrim\u0027s Chicken Breast Nuggets",
    "shortDesc": "Pilgrim\u0027s Chicken Breast Nuggets",
    "tags": [
      "Chicken Products"
    ],
    "categories": [
      {
        "code": "Meat \u0026 Seafood",
        "desc": "Meat \u0026 Seafood"
      }
    ],
    "subCategories": [
      {
        "code": "Frozen Meat \u0026 Seafood",
        "desc": "Frozen Meat \u0026 Seafood"
      }
    ],
    "brands": [
      {
        "code": "Pilgrim\u0027s",
        "desc": "Pilgrim\u0027s"
      }
    ],
    "price": {
      "basePrice": 5.49,
      "discountPrice": 5.49
    },
    "type": {
      "code": "Chicken Products",
      "desc": "Chicken Products"
    },
    "weight": "29 oz",
    "UpcCode": "",
    "tax": 0.0,
    "spiceLevel": "",
    "aiselNo": "22",
    "store": "Market Basket",
    "weightType": "29 oz",
    "imageName": "16058.jpg",
    "defaultImage": "16058.jpg",
    "updatedTimestamp": "Jan 24, 2021 2:00:52 AM",
    "createdTimestamp": "Jan 24, 2021 2:00:52 AM",
    "isNewlyAdded": false,
    "isActive": true,
    "isDealsEnabled": false,
    "quantity": 0
  },
  {
    "id": 30289,
    "code": "Bar S Jumbo Jumbos ",
    "desc": "Bar S Jumbo Jumbos ",
    "shortDesc": "Bar S Jumbo Jumbos ",
    "tags": [
      "Hot Dogs \u0026 Franks"
    ],
    "categories": [
      {
        "code": "Meat \u0026 Seafood",
        "desc": "Meat \u0026 Seafood"
      }
    ],
    "subCategories": [
      {
        "code": "Packaged Meat \u0026 Seafood",
        "desc": "Packaged Meat \u0026 Seafood"
      }
    ],
    "brands": [],
    "price": {
      "basePrice": 8.74,
      "discountPrice": 8.74
    },
    "type": {
      "code": "Hot Dogs \u0026 Franks",
      "desc": "Hot Dogs \u0026 Franks"
    },
    "weight": "5 lb",
    "UpcCode": "",
    "tax": 0.0,
    "spiceLevel": "",
    "aiselNo": "1",
    "store": "Market Basket",
    "weightType": "5 lb",
    "imageName": "X4601.jpg",
    "defaultImage": "X4601.jpg",
    "updatedTimestamp": "Jan 24, 2021 2:00:53 AM",
    "createdTimestamp": "Jan 24, 2021 2:00:53 AM",
    "isNewlyAdded": false,
    "isActive": true,
    "isDealsEnabled": false,
    "quantity": 0
  },
  {
    "id": 4344,
    "code": "Market Basket Hot Italian Sausage",
    "desc": "Market Basket Hot Italian Sausage",
    "shortDesc": "Market Basket Hot Italian Sausage",
    "tags": [
      "Sausage"
    ],
    "categories": [
      {
        "code": "Meat \u0026 Seafood",
        "desc": "Meat \u0026 Seafood"
      }
    ],
    "subCategories": [
      {
        "code": "Meat \u0026 Seafood Counter",
        "desc": "Meat \u0026 Seafood Counter"
      }
    ],
    "brands": [
      {
        "code": "Market Basket",
        "desc": "Market Basket"
      }
    ],
    "price": {
      "basePrice": 3.87,
      "discountPrice": 3.87
    },
    "type": {
      "code": "Sausage",
      "desc": "Sausage"
    },
    "weight": "Approx: 1.05 lb at $3.69/lb",
    "UpcCode": "",
    "tax": 0.0,
    "spiceLevel": "",
    "aiselNo": "22",
    "store": "Market Basket",
    "weightType": "Approx: 1.05 lb at $3.69/lb",
    "imageName": "Market Basket.jpg",
    "defaultImage": "Market Basket.jpg",
    "updatedTimestamp": "Jan 24, 2021 2:00:52 AM",
    "createdTimestamp": "Jan 24, 2021 2:00:52 AM",
    "isNewlyAdded": false,
    "isActive": true,
    "isDealsEnabled": false,
    "quantity": 0
  },
  {
    "id": 4279,
    "code": "Butterball All Natural Ground Turkey 85% Lean",
    "desc": "Butterball All Natural Ground Turkey 85% Lean",
    "shortDesc": "Butterball All Natural Ground Turkey 85% Lean",
    "tags": [
      "Turkey"
    ],
    "categories": [
      {
        "code": "Meat \u0026 Seafood",
        "desc": "Meat \u0026 Seafood"
      }
    ],
    "subCategories": [
      {
        "code": "Packaged Meat \u0026 Seafood",
        "desc": "Packaged Meat \u0026 Seafood"
      }
    ],
    "brands": [
      {
        "code": "Butterball",
        "desc": "Butterball"
      }
    ],
    "price": {
      "basePrice": 4.11,
      "discountPrice": 4.11
    },
    "type": {
      "code": "Turkey",
      "desc": "Turkey"
    },
    "weight": "16 oz",
    "UpcCode": "",
    "tax": 0.0,
    "spiceLevel": "",
    "aiselNo": "22",
    "store": "Market Basket",
    "weightType": "16 oz",
    "imageName": "4118.jpg",
    "defaultImage": "4118.jpg",
    "updatedTimestamp": "Jan 24, 2021 2:00:52 AM",
    "createdTimestamp": "Jan 24, 2021 2:00:52 AM",
    "isNewlyAdded": false,
    "isActive": true,
    "isDealsEnabled": false,
    "quantity": 0
  },
  {
    "id": 4197,
    "code": "Perdue Fresh Chicken Breast",
    "desc": "Perdue Fresh Chicken Breast",
    "shortDesc": "Perdue Fresh Chicken Breast",
    "tags": [
      "Chicken Breast"
    ],
    "categories": [
      {
        "code": "Meat \u0026 Seafood",
        "desc": "Meat \u0026 Seafood"
      }
    ],
    "subCategories": [
      {
        "code": "Packaged Meat \u0026 Seafood",
        "desc": "Packaged Meat \u0026 Seafood"
      }
    ],
    "brands": [
      {
        "code": "Fresh",
        "desc": "Fresh"
      }
    ],
    "price": {
      "basePrice": 4.59,
      "discountPrice": 4.59
    },
    "type": {
      "code": "Chicken Breast",
      "desc": "Chicken Breast"
    },
    "weight": "1 lb",
    "UpcCode": "",
    "tax": 0.0,
    "spiceLevel": "",
    "aiselNo": "22",
    "store": "Market Basket",
    "weightType": "1 lb",
    "imageName": "No Image.jpg",
    "defaultImage": "No Image.jpg",
    "updatedTimestamp": "Jan 24, 2021 2:00:52 AM",
    "createdTimestamp": "Jan 24, 2021 2:00:52 AM",
    "isNewlyAdded": false,
    "isActive": true,
    "isDealsEnabled": false,
    "quantity": 0
  },
  {
    "id": 4793,
    "code": "Market Basket Mahi Mahi",
    "desc": "Market Basket Mahi Mahi",
    "shortDesc": "Market Basket Mahi Mahi",
    "tags": [
      "Frozen Fish (All)"
    ],
    "categories": [
      {
        "code": "Meat \u0026 Seafood",
        "desc": "Meat \u0026 Seafood"
      }
    ],
    "subCategories": [
      {
        "code": "Frozen Meat \u0026 Seafood",
        "desc": "Frozen Meat \u0026 Seafood"
      }
    ],
    "brands": [
      {
        "code": "Market Basket",
        "desc": "Market Basket"
      }
    ],
    "price": {
      "basePrice": 7.39,
      "discountPrice": 7.39
    },
    "type": {
      "code": "Frozen Fish (All)",
      "desc": "Frozen Fish (All)"
    },
    "weight": "12 oz",
    "UpcCode": "",
    "tax": 0.0,
    "spiceLevel": "",
    "aiselNo": "18",
    "store": "Market Basket",
    "weightType": "12 oz",
    "imageName": "Market Basket.jpg",
    "defaultImage": "Market Basket.jpg",
    "updatedTimestamp": "Jan 24, 2021 2:00:52 AM",
    "createdTimestamp": "Jan 24, 2021 2:00:52 AM",
    "isNewlyAdded": false,
    "isActive": true,
    "isDealsEnabled": false,
    "quantity": 0
  },
  {
    "id": 4056,
    "code": "90% Ground Beef",
    "desc": "90% Ground Beef",
    "shortDesc": "90% Ground Beef",
    "tags": [
      "Beef"
    ],
    "categories": [
      {
        "code": "Meat \u0026 Seafood",
        "desc": "Meat \u0026 Seafood"
      }
    ],
    "subCategories": [
      {
        "code": "Meat \u0026 Seafood Counter",
        "desc": "Meat \u0026 Seafood Counter"
      }
    ],
    "brands": [
      {
        "code": "Market Basket",
        "desc": "Market Basket"
      }
    ],
    "price": {
      "basePrice": 6.49,
      "discountPrice": 6.49
    },
    "type": {
      "code": "Beef",
      "desc": "Beef"
    },
    "weight": "1 lb",
    "UpcCode": "",
    "tax": 0.0,
    "spiceLevel": "",
    "aiselNo": "22",
    "store": "Market Basket",
    "weightType": "1 lb",
    "imageName": "16665.jpg",
    "defaultImage": "16665.jpg",
    "updatedTimestamp": "Jan 24, 2021 2:00:52 AM",
    "createdTimestamp": "Jan 24, 2021 2:00:52 AM",
    "isNewlyAdded": false,
    "isActive": true,
    "isDealsEnabled": false,
    "quantity": 0
  },
  {
    "id": 4372,
    "code": "Shady Brook Farms All Natural Turkey",
    "desc": "Shady Brook Farms All Natural Turkey",
    "shortDesc": "Shady Brook Farms All Natural Turkey",
    "tags": [
      "Turkey"
    ],
    "categories": [
      {
        "code": "Meat \u0026 Seafood",
        "desc": "Meat \u0026 Seafood"
      }
    ],
    "subCategories": [
      {
        "code": "Meat \u0026 Seafood Counter",
        "desc": "Meat \u0026 Seafood Counter"
      }
    ],
    "brands": [
      {
        "code": "Shady Brook Farms",
        "desc": "Shady Brook Farms"
      }
    ],
    "price": {
      "basePrice": 2.2,
      "discountPrice": 2.2
    },
    "type": {
      "code": "Turkey",
      "desc": "Turkey"
    },
    "weight": "Approx: 1.30 lb at $1.69/lb",
    "UpcCode": "",
    "tax": 0.0,
    "spiceLevel": "",
    "aiselNo": "22",
    "store": "Market Basket",
    "weightType": "Approx: 1.30 lb at $1.69/lb",
    "imageName": "No Image.jpg",
    "defaultImage": "No Image.jpg",
    "updatedTimestamp": "Jan 24, 2021 2:00:52 AM",
    "createdTimestamp": "Jan 24, 2021 2:00:52 AM",
    "isNewlyAdded": false,
    "isActive": true,
    "isDealsEnabled": false,
    "quantity": 0
  },
  {
    "id": 30042,
    "code": "Alfresco all natural BUFFELO STYLE tangy With medium heat  CHICKEN SAUSAGE",
    "desc": "Alfresco all natural BUFFELO STYLE tangy With medium heat  CHICKEN SAUSAGE",
    "shortDesc": "Alfresco all natural BUFFELO STYLE tangy With medium heat  CHICKEN SAUSAGE",
    "tags": [
      "Sausage"
    ],
    "categories": [
      {
        "code": "Meat \u0026 Seafood",
        "desc": "Meat \u0026 Seafood"
      }
    ],
    "subCategories": [
      {
        "code": "Hot Dogs, Bacon \u0026 Sausage",
        "desc": "Hot Dogs, Bacon \u0026 Sausage"
      }
    ],
    "brands": [
      {
        "code": "Alfresco",
        "desc": "Alfresco"
      }
    ],
    "price": {
      "basePrice": 4.99,
      "discountPrice": 4.99
    },
    "type": {
      "code": "Sausage",
      "desc": "Sausage"
    },
    "weight": "13 oz",
    "UpcCode": "",
    "tax": 0.0,
    "spiceLevel": "",
    "aiselNo": "1",
    "store": "Market Basket",
    "weightType": "13 oz",
    "imageName": "X20.jpg",
    "defaultImage": "X20.jpg",
    "updatedTimestamp": "Jan 24, 2021 2:00:53 AM",
    "createdTimestamp": "Jan 24, 2021 2:00:53 AM",
    "isNewlyAdded": false,
    "isActive": true,
    "isDealsEnabled": false,
    "quantity": 0
  },
  {
    "id": 4339,
    "code": "Salmon Fillets",
    "desc": "Salmon Fillets",
    "shortDesc": "Salmon Fillets",
    "tags": [
      "Salmon"
    ],
    "categories": [
      {
        "code": "Meat \u0026 Seafood",
        "desc": "Meat \u0026 Seafood"
      }
    ],
    "subCategories": [
      {
        "code": "Meat \u0026 Seafood Counter",
        "desc": "Meat \u0026 Seafood Counter"
      }
    ],
    "brands": [
      {
        "code": "Market Basket",
        "desc": "Market Basket"
      }
    ],
    "price": {
      "basePrice": 12.49,
      "discountPrice": 12.49
    },
    "type": {
      "code": "Salmon",
      "desc": "Salmon"
    },
    "weight": "1 lb",
    "UpcCode": "",
    "tax": 0.0,
    "spiceLevel": "",
    "aiselNo": "22",
    "store": "Market Basket",
    "weightType": "1 lb",
    "imageName": "16684.jpg",
    "defaultImage": "16684.jpg",
    "updatedTimestamp": "Jan 24, 2021 2:00:52 AM",
    "createdTimestamp": "Jan 24, 2021 2:00:52 AM",
    "isNewlyAdded": false,
    "isActive": true,
    "isDealsEnabled": false,
    "quantity": 0
  },
  {
    "id": 4363,
    "code": "Sirloin Tip Steaks",
    "desc": "Sirloin Tip Steaks",
    "shortDesc": "Sirloin Tip Steaks",
    "tags": [
      "Steak"
    ],
    "categories": [
      {
        "code": "Meat \u0026 Seafood",
        "desc": "Meat \u0026 Seafood"
      }
    ],
    "subCategories": [
      {
        "code": "Meat \u0026 Seafood Counter",
        "desc": "Meat \u0026 Seafood Counter"
      }
    ],
    "brands": [
      {
        "code": "Market Basket",
        "desc": "Market Basket"
      }
    ],
    "price": {
      "basePrice": 10.99,
      "discountPrice": 10.99
    },
    "type": {
      "code": "Steak",
      "desc": "Steak"
    },
    "weight": "1 lb",
    "UpcCode": "",
    "tax": 0.0,
    "spiceLevel": "",
    "aiselNo": "22",
    "store": "Market Basket",
    "weightType": "1 lb",
    "imageName": "Market Basket.jpg",
    "defaultImage": "Market Basket.jpg",
    "updatedTimestamp": "Jan 24, 2021 2:00:52 AM",
    "createdTimestamp": "Jan 24, 2021 2:00:52 AM",
    "isNewlyAdded": false,
    "isActive": true,
    "isDealsEnabled": false,
    "quantity": 0
  },
  {
    "id": 4111,
    "code": "Chicken Florentine",
    "desc": "Chicken Florentine",
    "shortDesc": "Chicken Florentine",
    "tags": [
      "Chicken"
    ],
    "categories": [
      {
        "code": "Meat \u0026 Seafood",
        "desc": "Meat \u0026 Seafood"
      }
    ],
    "subCategories": [
      {
        "code": "Meat \u0026 Seafood Counter",
        "desc": "Meat \u0026 Seafood Counter"
      }
    ],
    "brands": [
      {
        "code": "Market Basket",
        "desc": "Market Basket"
      }
    ],
    "price": {
      "basePrice": 6.09,
      "discountPrice": 6.09
    },
    "type": {
      "code": "Chicken",
      "desc": "Chicken"
    },
    "weight": "1 lb",
    "UpcCode": "",
    "tax": 0.0,
    "spiceLevel": "",
    "aiselNo": "22",
    "store": "Market Basket",
    "weightType": "1 lb",
    "imageName": "Market Basket.jpg",
    "defaultImage": "Market Basket.jpg",
    "updatedTimestamp": "Jan 24, 2021 2:00:52 AM",
    "createdTimestamp": "Jan 24, 2021 2:00:52 AM",
    "isNewlyAdded": false,
    "isActive": true,
    "isDealsEnabled": false,
    "quantity": 0
  },
  {
    "id": 4361,
    "code": "Porterhouse Steak",
    "desc": "Porterhouse Steak",
    "shortDesc": "Porterhouse Steak",
    "tags": [
      "Steak"
    ],
    "categories": [
      {
        "code": "Meat \u0026 Seafood",
        "desc": "Meat \u0026 Seafood"
      }
    ],
    "subCategories": [
      {
        "code": "Meat \u0026 Seafood Counter",
        "desc": "Meat \u0026 Seafood Counter"
      }
    ],
    "brands": [
      {
        "code": "Market Basket",
        "desc": "Market Basket"
      }
    ],
    "price": {
      "basePrice": 10.99,
      "discountPrice": 10.99
    },
    "type": {
      "code": "Steak",
      "desc": "Steak"
    },
    "weight": "1 lb",
    "UpcCode": "",
    "tax": 0.0,
    "spiceLevel": "",
    "aiselNo": "22",
    "store": "Market Basket",
    "weightType": "1 lb",
    "imageName": "Market Basket.jpg",
    "defaultImage": "Market Basket.jpg",
    "updatedTimestamp": "Jan 24, 2021 2:00:52 AM",
    "createdTimestamp": "Jan 24, 2021 2:00:52 AM",
    "isNewlyAdded": false,
    "isActive": true,
    "isDealsEnabled": false,
    "quantity": 0
  },
  {
    "id": 4806,
    "code": "SeaMazz Cooked Shrimp Ring with Cocktail Sauce",
    "desc": "SeaMazz Cooked Shrimp Ring with Cocktail Sauce",
    "shortDesc": "SeaMazz Cooked Shrimp Ring with Cocktail Sauce",
    "tags": [
      "Frozen Shrimp"
    ],
    "categories": [
      {
        "code": "Meat \u0026 Seafood",
        "desc": "Meat \u0026 Seafood"
      }
    ],
    "subCategories": [
      {
        "code": "Frozen Meat \u0026 Seafood",
        "desc": "Frozen Meat \u0026 Seafood"
      }
    ],
    "brands": [
      {
        "code": "SeaMazz",
        "desc": "SeaMazz"
      }
    ],
    "price": {
      "basePrice": 8.59,
      "discountPrice": 8.59
    },
    "type": {
      "code": "Frozen Shrimp",
      "desc": "Frozen Shrimp"
    },
    "weight": "10 oz",
    "UpcCode": "",
    "tax": 0.0,
    "spiceLevel": "",
    "aiselNo": "18",
    "store": "Market Basket",
    "weightType": "10 oz",
    "imageName": "16057.jpg",
    "defaultImage": "16057.jpg",
    "updatedTimestamp": "Jan 24, 2021 2:00:52 AM",
    "createdTimestamp": "Jan 24, 2021 2:00:52 AM",
    "isNewlyAdded": false,
    "isActive": true,
    "isDealsEnabled": false,
    "quantity": 0
  },
  {
    "id": 4155,
    "code": "Market Basket Smoked Virginia Ham",
    "desc": "Market Basket Smoked Virginia Ham",
    "shortDesc": "Market Basket Smoked Virginia Ham",
    "tags": [
      "Ham"
    ],
    "categories": [
      {
        "code": "Meat \u0026 Seafood",
        "desc": "Meat \u0026 Seafood"
      }
    ],
    "subCategories": [
      {
        "code": "Meat \u0026 Seafood Counter",
        "desc": "Meat \u0026 Seafood Counter"
      }
    ],
    "brands": [
      {
        "code": "Market Basket",
        "desc": "Market Basket"
      }
    ],
    "price": {
      "basePrice": 4.99,
      "discountPrice": 4.99
    },
    "type": {
      "code": "Ham",
      "desc": "Ham"
    },
    "weight": "1 lb",
    "UpcCode": "",
    "tax": 0.0,
    "spiceLevel": "",
    "aiselNo": "22",
    "store": "Market Basket",
    "weightType": "1 lb",
    "imageName": "Market Basket.jpg",
    "defaultImage": "Market Basket.jpg",
    "updatedTimestamp": "Jan 24, 2021 2:00:52 AM",
    "createdTimestamp": "Jan 24, 2021 2:00:52 AM",
    "isNewlyAdded": false,
    "isActive": true,
    "isDealsEnabled": false,
    "quantity": 0
  },
  {
    "id": 4409,
    "code": "Wright Thick Sliced Hickory Smoked Bacon",
    "desc": "Wright Thick Sliced Hickory Smoked Bacon",
    "shortDesc": "Wright Thick Sliced Hickory Smoked Bacon",
    "tags": [
      "Bacon"
    ],
    "categories": [
      {
        "code": "Meat \u0026 Seafood",
        "desc": "Meat \u0026 Seafood"
      }
    ],
    "subCategories": [
      {
        "code": "Hot Dogs, Bacon \u0026 Sausage",
        "desc": "Hot Dogs, Bacon \u0026 Sausage"
      }
    ],
    "brands": [
      {
        "code": "Wright",
        "desc": "Wright"
      }
    ],
    "price": {
      "basePrice": 8.59,
      "discountPrice": 8.59
    },
    "type": {
      "code": "Bacon",
      "desc": "Bacon"
    },
    "weight": "24 oz",
    "UpcCode": "",
    "tax": 0.0,
    "spiceLevel": "",
    "aiselNo": "1",
    "store": "Market Basket",
    "weightType": "24 oz",
    "imageName": "16740.jpg",
    "defaultImage": "16740.jpg",
    "updatedTimestamp": "Jan 24, 2021 2:00:52 AM",
    "createdTimestamp": "Jan 24, 2021 2:00:52 AM",
    "isNewlyAdded": false,
    "isActive": true,
    "isDealsEnabled": false,
    "quantity": 0
  },
  {
    "id": 4135,
    "code": "Market Basket Chicken Thighs Skin On",
    "desc": "Market Basket Chicken Thighs Skin On",
    "shortDesc": "Market Basket Chicken Thighs Skin On",
    "tags": [
      "Chicken Thighs"
    ],
    "categories": [
      {
        "code": "Meat \u0026 Seafood",
        "desc": "Meat \u0026 Seafood"
      }
    ],
    "subCategories": [
      {
        "code": "Meat \u0026 Seafood Counter",
        "desc": "Meat \u0026 Seafood Counter"
      }
    ],
    "brands": [
      {
        "code": "Market Basket",
        "desc": "Market Basket"
      }
    ],
    "price": {
      "basePrice": 3.38,
      "discountPrice": 3.38
    },
    "type": {
      "code": "Chicken Thighs",
      "desc": "Chicken Thighs"
    },
    "weight": "Approx: 2.00 lb at $1.69/lb",
    "UpcCode": "",
    "tax": 0.0,
    "spiceLevel": "",
    "aiselNo": "22",
    "store": "Market Basket",
    "weightType": "Approx: 2.00 lb at $1.69/lb",
    "imageName": "Market Basket.jpg",
    "defaultImage": "Market Basket.jpg",
    "updatedTimestamp": "Jan 24, 2021 2:00:52 AM",
    "createdTimestamp": "Jan 24, 2021 2:00:52 AM",
    "isNewlyAdded": false,
    "isActive": true,
    "isDealsEnabled": false,
    "quantity": 0
  },
  {
    "id": 4220,
    "code": "Market Basket Chicken Thighs",
    "desc": "Market Basket Chicken Thighs",
    "shortDesc": "Market Basket Chicken Thighs",
    "tags": [
      "Chicken Thighs"
    ],
    "categories": [
      {
        "code": "Meat \u0026 Seafood",
        "desc": "Meat \u0026 Seafood"
      }
    ],
    "subCategories": [
      {
        "code": "Packaged Meat \u0026 Seafood",
        "desc": "Packaged Meat \u0026 Seafood"
      }
    ],
    "brands": [
      {
        "code": "Market Basket",
        "desc": "Market Basket"
      }
    ],
    "price": {
      "basePrice": 5.29,
      "discountPrice": 5.29
    },
    "type": {
      "code": "Chicken Thighs",
      "desc": "Chicken Thighs"
    },
    "weight": "1.29 oz",
    "UpcCode": "",
    "tax": 0.0,
    "spiceLevel": "",
    "aiselNo": "22",
    "store": "Market Basket",
    "weightType": "1.29 oz",
    "imageName": "Market Basket.jpg",
    "defaultImage": "Market Basket.jpg",
    "updatedTimestamp": "Jan 24, 2021 2:00:52 AM",
    "createdTimestamp": "Jan 24, 2021 2:00:52 AM",
    "isNewlyAdded": false,
    "isActive": true,
    "isDealsEnabled": false,
    "quantity": 0
  },
  {
    "id": 4224,
    "code": "Bom Petisco Choice Bone In Salted Codfish",
    "desc": "Bom Petisco Choice Bone In Salted Codfish",
    "shortDesc": "Bom Petisco Choice Bone In Salted Codfish",
    "tags": [
      "Codfish"
    ],
    "categories": [
      {
        "code": "Meat \u0026 Seafood",
        "desc": "Meat \u0026 Seafood"
      }
    ],
    "subCategories": [
      {
        "code": "Packaged Meat \u0026 Seafood",
        "desc": "Packaged Meat \u0026 Seafood"
      }
    ],
    "brands": [
      {
        "code": "Bom Petisco",
        "desc": "Bom Petisco"
      }
    ],
    "price": {
      "basePrice": 10.99,
      "discountPrice": 10.99
    },
    "type": {
      "code": "Codfish",
      "desc": "Codfish"
    },
    "weight": "24 oz",
    "UpcCode": "",
    "tax": 0.0,
    "spiceLevel": "",
    "aiselNo": "1",
    "store": "Market Basket",
    "weightType": "24 oz",
    "imageName": "No Image.jpg",
    "defaultImage": "No Image.jpg",
    "updatedTimestamp": "Jan 24, 2021 2:00:52 AM",
    "createdTimestamp": "Jan 24, 2021 2:00:52 AM",
    "isNewlyAdded": false,
    "isActive": true,
    "isDealsEnabled": false,
    "quantity": 0
  },
  {
    "id": 4069,
    "code": "Market Basket 80% Lean Ground Beef",
    "desc": "Market Basket 80% Lean Ground Beef",
    "shortDesc": "Market Basket 80% Lean Ground Beef",
    "tags": [
      "Beef"
    ],
    "categories": [
      {
        "code": "Meat \u0026 Seafood",
        "desc": "Meat \u0026 Seafood"
      }
    ],
    "subCategories": [
      {
        "code": "Meat \u0026 Seafood Counter",
        "desc": "Meat \u0026 Seafood Counter"
      }
    ],
    "brands": [
      {
        "code": "Market Basket",
        "desc": "Market Basket"
      }
    ],
    "price": {
      "basePrice": 3.69,
      "discountPrice": 3.69
    },
    "type": {
      "code": "Beef",
      "desc": "Beef"
    },
    "weight": "1 lb",
    "UpcCode": "",
    "tax": 0.0,
    "spiceLevel": "",
    "aiselNo": "22",
    "store": "Market Basket",
    "weightType": "1 lb",
    "imageName": "4047.jpg",
    "defaultImage": "4047.jpg",
    "updatedTimestamp": "Jan 24, 2021 2:00:52 AM",
    "createdTimestamp": "Jan 24, 2021 2:00:52 AM",
    "isNewlyAdded": false,
    "isActive": true,
    "isDealsEnabled": false,
    "quantity": 0
  },
  {
    "id": 4133,
    "code": "Chicken Thigh Fillets",
    "desc": "Chicken Thigh Fillets",
    "shortDesc": "Chicken Thigh Fillets",
    "tags": [
      "Chicken Thighs"
    ],
    "categories": [
      {
        "code": "Meat \u0026 Seafood",
        "desc": "Meat \u0026 Seafood"
      }
    ],
    "subCategories": [
      {
        "code": "Meat \u0026 Seafood Counter",
        "desc": "Meat \u0026 Seafood Counter"
      }
    ],
    "brands": [
      {
        "code": "Market Basket",
        "desc": "Market Basket"
      }
    ],
    "price": {
      "basePrice": 6.99,
      "discountPrice": 6.99
    },
    "type": {
      "code": "Chicken Thighs",
      "desc": "Chicken Thighs"
    },
    "weight": "1 lb",
    "UpcCode": "",
    "tax": 0.0,
    "spiceLevel": "",
    "aiselNo": "22",
    "store": "Market Basket",
    "weightType": "1 lb",
    "imageName": "Market Basket.jpg",
    "defaultImage": "Market Basket.jpg",
    "updatedTimestamp": "Jan 24, 2021 2:00:52 AM",
    "createdTimestamp": "Jan 24, 2021 2:00:52 AM",
    "isNewlyAdded": false,
    "isActive": true,
    "isDealsEnabled": false,
    "quantity": 0
  },
  {
    "id": 4064,
    "code": "Boneless Thin Chuck",
    "desc": "Boneless Thin Chuck",
    "shortDesc": "Boneless Thin Chuck",
    "tags": [
      "Beef"
    ],
    "categories": [
      {
        "code": "Meat \u0026 Seafood",
        "desc": "Meat \u0026 Seafood"
      }
    ],
    "subCategories": [
      {
        "code": "Meat \u0026 Seafood Counter",
        "desc": "Meat \u0026 Seafood Counter"
      }
    ],
    "brands": [
      {
        "code": "Market Basket",
        "desc": "Market Basket"
      }
    ],
    "price": {
      "basePrice": 6.09,
      "discountPrice": 6.09
    },
    "type": {
      "code": "Beef",
      "desc": "Beef"
    },
    "weight": "1 lb",
    "UpcCode": "",
    "tax": 0.0,
    "spiceLevel": "",
    "aiselNo": "22",
    "store": "Market Basket",
    "weightType": "1 lb",
    "imageName": "Market Basket.jpg",
    "defaultImage": "Market Basket.jpg",
    "updatedTimestamp": "Jan 24, 2021 2:00:52 AM",
    "createdTimestamp": "Jan 24, 2021 2:00:52 AM",
    "isNewlyAdded": false,
    "isActive": true,
    "isDealsEnabled": false,
    "quantity": 0
  },
  {
    "id": 4060,
    "code": "Beef Oxtail",
    "desc": "Beef Oxtail",
    "shortDesc": "Beef Oxtail",
    "tags": [
      "Beef"
    ],
    "categories": [
      {
        "code": "Meat \u0026 Seafood",
        "desc": "Meat \u0026 Seafood"
      }
    ],
    "subCategories": [
      {
        "code": "Meat \u0026 Seafood Counter",
        "desc": "Meat \u0026 Seafood Counter"
      }
    ],
    "brands": [
      {
        "code": "Market Basket",
        "desc": "Market Basket"
      }
    ],
    "price": {
      "basePrice": 13.41,
      "discountPrice": 13.41
    },
    "type": {
      "code": "Beef",
      "desc": "Beef"
    },
    "weight": "Approx: 1.37 lb at $9.79/lb",
    "UpcCode": "",
    "tax": 0.0,
    "spiceLevel": "",
    "aiselNo": "22",
    "store": "Market Basket",
    "weightType": "Approx: 1.37 lb at $9.79/lb",
    "imageName": "Market Basket.jpg",
    "defaultImage": "Market Basket.jpg",
    "updatedTimestamp": "Jan 24, 2021 2:00:52 AM",
    "createdTimestamp": "Jan 24, 2021 2:00:52 AM",
    "isNewlyAdded": false,
    "isActive": true,
    "isDealsEnabled": false,
    "quantity": 0
  },
  {
    "id": 34036,
    "code": "Plant Made Salmon-Less Burgers ",
    "desc": "Plant Made Salmon-Less Burgers ",
    "shortDesc": "Plant Made Salmon-Less Burgers ",
    "tags": [
      "Burger"
    ],
    "categories": [
      {
        "code": "Meat \u0026 Seafood",
        "desc": "Meat \u0026 Seafood"
      }
    ],
    "subCategories": [
      {
        "code": "Packaged Meat \u0026 Seafood",
        "desc": "Packaged Meat \u0026 Seafood"
      }
    ],
    "brands": [],
    "price": {
      "basePrice": 6.86,
      "discountPrice": 6.86
    },
    "type": {
      "code": "Burger",
      "desc": "Burger"
    },
    "weight": "6 oz",
    "UpcCode": "",
    "tax": 0.0,
    "spiceLevel": "",
    "aiselNo": "1",
    "store": "Market Basket",
    "weightType": "6 oz",
    "imageName": "X4726.jpg",
    "defaultImage": "X4726.jpg",
    "updatedTimestamp": "Jan 24, 2021 2:00:53 AM",
    "createdTimestamp": "Jan 24, 2021 2:00:53 AM",
    "isNewlyAdded": false,
    "isActive": true,
    "isDealsEnabled": false,
    "quantity": 0
  },
  {
    "id": 33338,
    "code": "Morning Stars Farms Veggie Chik\u0027n Strips ",
    "desc": "Morning Stars Farms Veggie Chik\u0027n Strips ",
    "shortDesc": "Morning Stars Farms Veggie Chik\u0027n Strips ",
    "tags": [
      "Burger"
    ],
    "categories": [
      {
        "code": "Meat \u0026 Seafood",
        "desc": "Meat \u0026 Seafood"
      }
    ],
    "subCategories": [
      {
        "code": "Packaged Meat \u0026 Seafood",
        "desc": "Packaged Meat \u0026 Seafood"
      }
    ],
    "brands": [],
    "price": {
      "basePrice": 4.61,
      "discountPrice": 4.61
    },
    "type": {
      "code": "Burger",
      "desc": "Burger"
    },
    "weight": "10 oz",
    "UpcCode": "",
    "tax": 0.0,
    "spiceLevel": "",
    "aiselNo": "1",
    "store": "Market Basket",
    "weightType": "10 oz",
    "imageName": "X4776.jpg",
    "defaultImage": "X4776.jpg",
    "updatedTimestamp": "Jan 24, 2021 2:00:53 AM",
    "createdTimestamp": "Jan 24, 2021 2:00:53 AM",
    "isNewlyAdded": false,
    "isActive": true,
    "isDealsEnabled": false,
    "quantity": 0
  },
  {
    "id": 30169,
    "code": "Applegate Organic Uncured Black Forest Ham",
    "desc": "Applegate Organic Uncured Black Forest Ham",
    "shortDesc": "Applegate Organic Uncured Black Forest Ham",
    "tags": [
      "Ham"
    ],
    "categories": [
      {
        "code": "Meat \u0026 Seafood",
        "desc": "Meat \u0026 Seafood"
      }
    ],
    "subCategories": [
      {
        "code": "Hot Dogs, Bacon \u0026 Sausage",
        "desc": "Hot Dogs, Bacon \u0026 Sausage"
      }
    ],
    "brands": [],
    "price": {
      "basePrice": 7.11,
      "discountPrice": 7.11
    },
    "type": {
      "code": "Ham",
      "desc": "Ham"
    },
    "weight": "6 oz",
    "UpcCode": "",
    "tax": 0.0,
    "spiceLevel": "",
    "aiselNo": "1",
    "store": "Market Basket",
    "weightType": "6 oz",
    "imageName": "X4476.jpg",
    "defaultImage": "X4476.jpg",
    "updatedTimestamp": "Jan 24, 2021 2:00:53 AM",
    "createdTimestamp": "Jan 24, 2021 2:00:53 AM",
    "isNewlyAdded": false,
    "isActive": true,
    "isDealsEnabled": false,
    "quantity": 0
  },
  {
    "id": 4419,
    "code": "Cedar Hommus",
    "desc": "Cedar Hommus",
    "shortDesc": "Cedar Hommus",
    "tags": [
      "Hot Dogs"
    ],
    "categories": [
      {
        "code": "Meat \u0026 Seafood",
        "desc": "Meat \u0026 Seafood"
      }
    ],
    "subCategories": [
      {
        "code": "Hot Dogs, Bacon \u0026 Sausage",
        "desc": "Hot Dogs, Bacon \u0026 Sausage"
      }
    ],
    "brands": [
      {
        "code": "Cedar",
        "desc": "Cedar"
      }
    ],
    "price": {
      "basePrice": 1.89,
      "discountPrice": 1.89
    },
    "type": {
      "code": "Hot Dogs",
      "desc": "Hot Dogs"
    },
    "weight": "1 lb",
    "UpcCode": "",
    "tax": 0.0,
    "spiceLevel": "",
    "aiselNo": "1",
    "store": "Market Basket",
    "weightType": "1 lb",
    "imageName": "No Image.jpg",
    "defaultImage": "No Image.jpg",
    "updatedTimestamp": "Jan 24, 2021 2:00:52 AM",
    "createdTimestamp": "Jan 24, 2021 2:00:52 AM",
    "isNewlyAdded": false,
    "isActive": true,
    "isDealsEnabled": false,
    "quantity": 0
  },
  {
    "id": 4098,
    "code": "Market Basket Certified Angus Beef Underblade Steak",
    "desc": "Market Basket Certified Angus Beef Underblade Steak",
    "shortDesc": "Market Basket Certified Angus Beef Underblade Steak",
    "tags": [
      "Beef"
    ],
    "categories": [
      {
        "code": "Meat \u0026 Seafood",
        "desc": "Meat \u0026 Seafood"
      }
    ],
    "subCategories": [
      {
        "code": "Meat \u0026 Seafood Counter",
        "desc": "Meat \u0026 Seafood Counter"
      }
    ],
    "brands": [
      {
        "code": "Market Basket",
        "desc": "Market Basket"
      }
    ],
    "price": {
      "basePrice": 8.28,
      "discountPrice": 8.28
    },
    "type": {
      "code": "Beef",
      "desc": "Beef"
    },
    "weight": "Approx: 1.41 lb at $5.89/lb",
    "UpcCode": "",
    "tax": 0.0,
    "spiceLevel": "",
    "aiselNo": "22",
    "store": "Market Basket",
    "weightType": "Approx: 1.41 lb at $5.89/lb",
    "imageName": "Market Basket.jpg",
    "defaultImage": "Market Basket.jpg",
    "updatedTimestamp": "Jan 24, 2021 2:00:52 AM",
    "createdTimestamp": "Jan 24, 2021 2:00:52 AM",
    "isNewlyAdded": false,
    "isActive": true,
    "isDealsEnabled": false,
    "quantity": 0
  },
  {
    "id": 4285,
    "code": "Shady Brook Farms Fresh 93% Lean Ground Turkey",
    "desc": "Shady Brook Farms Fresh 93% Lean Ground Turkey",
    "shortDesc": "Shady Brook Farms Fresh 93% Lean Ground Turkey",
    "tags": [
      "Turkey"
    ],
    "categories": [
      {
        "code": "Meat \u0026 Seafood",
        "desc": "Meat \u0026 Seafood"
      }
    ],
    "subCategories": [
      {
        "code": "Packaged Meat \u0026 Seafood",
        "desc": "Packaged Meat \u0026 Seafood"
      }
    ],
    "brands": [
      {
        "code": "Shady Brook Farms",
        "desc": "Shady Brook Farms"
      }
    ],
    "price": {
      "basePrice": 4.36,
      "discountPrice": 4.36
    },
    "type": {
      "code": "Turkey",
      "desc": "Turkey"
    },
    "weight": "20.8 oz",
    "UpcCode": "",
    "tax": 0.0,
    "spiceLevel": "",
    "aiselNo": "22",
    "store": "Market Basket",
    "weightType": "20.8 oz",
    "imageName": "4113.jpg",
    "defaultImage": "4113.jpg",
    "updatedTimestamp": "Jan 24, 2021 2:00:52 AM",
    "createdTimestamp": "Jan 24, 2021 2:00:52 AM",
    "isNewlyAdded": false,
    "isActive": true,
    "isDealsEnabled": false,
    "quantity": 0
  },
  {
    "id": 4362,
    "code": "Select First Cut Boneless Strip Steak",
    "desc": "Select First Cut Boneless Strip Steak",
    "shortDesc": "Select First Cut Boneless Strip Steak",
    "tags": [
      "Steak"
    ],
    "categories": [
      {
        "code": "Meat \u0026 Seafood",
        "desc": "Meat \u0026 Seafood"
      }
    ],
    "subCategories": [
      {
        "code": "Meat \u0026 Seafood Counter",
        "desc": "Meat \u0026 Seafood Counter"
      }
    ],
    "brands": [
      {
        "code": "Market Basket",
        "desc": "Market Basket"
      }
    ],
    "price": {
      "basePrice": 16.19,
      "discountPrice": 16.19
    },
    "type": {
      "code": "Steak",
      "desc": "Steak"
    },
    "weight": "1 lb",
    "UpcCode": "",
    "tax": 0.0,
    "spiceLevel": "",
    "aiselNo": "22",
    "store": "Market Basket",
    "weightType": "1 lb",
    "imageName": "16675.jpg",
    "defaultImage": "16675.jpg",
    "updatedTimestamp": "Jan 24, 2021 2:00:52 AM",
    "createdTimestamp": "Jan 24, 2021 2:00:52 AM",
    "isNewlyAdded": false,
    "isActive": true,
    "isDealsEnabled": false,
    "quantity": 0
  },
  {
    "id": 30048,
    "code": "Alfresco Chicken Milditalian Style Chicken Sausage ",
    "desc": "Alfresco Chicken Milditalian Style Chicken Sausage ",
    "shortDesc": "Alfresco Chicken Milditalian Style Chicken Sausage ",
    "tags": [
      "Sausage"
    ],
    "categories": [
      {
        "code": "Meat \u0026 Seafood",
        "desc": "Meat \u0026 Seafood"
      }
    ],
    "subCategories": [
      {
        "code": "Packaged Meat \u0026 Seafood",
        "desc": "Packaged Meat \u0026 Seafood"
      }
    ],
    "brands": [],
    "price": {
      "basePrice": 5.86,
      "discountPrice": 5.86
    },
    "type": {
      "code": "Sausage",
      "desc": "Sausage"
    },
    "weight": "12 oz",
    "UpcCode": "",
    "tax": 0.0,
    "spiceLevel": "",
    "aiselNo": "1",
    "store": "Market Basket",
    "weightType": "12 oz",
    "imageName": "X4624.jpg",
    "defaultImage": "X4624.jpg",
    "updatedTimestamp": "Jan 24, 2021 2:00:53 AM",
    "createdTimestamp": "Jan 24, 2021 2:00:53 AM",
    "isNewlyAdded": false,
    "isActive": true,
    "isDealsEnabled": false,
    "quantity": 0
  },
  {
    "id": 4738,
    "code": "Perdue Chicken Breast Patties",
    "desc": "Perdue Chicken Breast Patties",
    "shortDesc": "Perdue Chicken Breast Patties",
    "tags": [
      "Chicken Products"
    ],
    "categories": [
      {
        "code": "Meat \u0026 Seafood",
        "desc": "Meat \u0026 Seafood"
      }
    ],
    "subCategories": [
      {
        "code": "Frozen Meat \u0026 Seafood",
        "desc": "Frozen Meat \u0026 Seafood"
      }
    ],
    "brands": [
      {
        "code": "Perdue",
        "desc": "Perdue"
      }
    ],
    "price": {
      "basePrice": 6.09,
      "discountPrice": 6.09
    },
    "type": {
      "code": "Chicken Products",
      "desc": "Chicken Products"
    },
    "weight": "1.8 lb",
    "UpcCode": "",
    "tax": 0.0,
    "spiceLevel": "",
    "aiselNo": "22",
    "store": "Market Basket",
    "weightType": "1.8 lb",
    "imageName": "2889.jpg",
    "defaultImage": "2889.jpg",
    "updatedTimestamp": "Jan 24, 2021 2:00:52 AM",
    "createdTimestamp": "Jan 24, 2021 2:00:52 AM",
    "isNewlyAdded": false,
    "isActive": true,
    "isDealsEnabled": false,
    "quantity": 0
  },
  {
    "id": 4338,
    "code": "Market Basket Fresh Salmon Steak",
    "desc": "Market Basket Fresh Salmon Steak",
    "shortDesc": "Market Basket Fresh Salmon Steak",
    "tags": [
      "Salmon"
    ],
    "categories": [
      {
        "code": "Meat \u0026 Seafood",
        "desc": "Meat \u0026 Seafood"
      }
    ],
    "subCategories": [
      {
        "code": "Meat \u0026 Seafood Counter",
        "desc": "Meat \u0026 Seafood Counter"
      }
    ],
    "brands": [
      {
        "code": "Market Basket",
        "desc": "Market Basket"
      }
    ],
    "price": {
      "basePrice": 11.99,
      "discountPrice": 11.99
    },
    "type": {
      "code": "Salmon",
      "desc": "Salmon"
    },
    "weight": "Approx: 1.01 lb at $11.9/lb",
    "UpcCode": "",
    "tax": 0.0,
    "spiceLevel": "",
    "aiselNo": "22",
    "store": "Market Basket",
    "weightType": "Approx: 1.01 lb at $11.9/lb",
    "imageName": "Market Basket.jpg",
    "defaultImage": "Market Basket.jpg",
    "updatedTimestamp": "Jan 24, 2021 2:00:52 AM",
    "createdTimestamp": "Jan 24, 2021 2:00:52 AM",
    "isNewlyAdded": false,
    "isActive": true,
    "isDealsEnabled": false,
    "quantity": 0
  },
  {
    "id": 4501,
    "code": "Hatfield Classic Boneless Ham Steak",
    "desc": "Hatfield Classic Boneless Ham Steak",
    "shortDesc": "Hatfield Classic Boneless Ham Steak",
    "tags": [
      "Ham"
    ],
    "categories": [
      {
        "code": "Meat \u0026 Seafood",
        "desc": "Meat \u0026 Seafood"
      }
    ],
    "subCategories": [
      {
        "code": "Lunch Meat",
        "desc": "Lunch Meat"
      }
    ],
    "brands": [
      {
        "code": "Hatfield",
        "desc": "Hatfield"
      }
    ],
    "price": {
      "basePrice": 2.99,
      "discountPrice": 2.99
    },
    "type": {
      "code": "Ham",
      "desc": "Ham"
    },
    "weight": "8 oz",
    "UpcCode": "",
    "tax": 0.0,
    "spiceLevel": "",
    "aiselNo": "22",
    "store": "Market Basket",
    "weightType": "8 oz",
    "imageName": "17278.jpg",
    "defaultImage": "17278.jpg",
    "updatedTimestamp": "Jan 24, 2021 2:00:52 AM",
    "createdTimestamp": "Jan 24, 2021 2:00:52 AM",
    "isNewlyAdded": false,
    "isActive": true,
    "isDealsEnabled": false,
    "quantity": 0
  },
  {
    "id": 31727,
    "code": "Hillshire Farm Ultra Thin Honey Ham ",
    "desc": "Hillshire Farm Ultra Thin Honey Ham ",
    "shortDesc": "Hillshire Farm Ultra Thin Honey Ham ",
    "tags": [
      "Ham"
    ],
    "categories": [
      {
        "code": "Meat \u0026 Seafood",
        "desc": "Meat \u0026 Seafood"
      }
    ],
    "subCategories": [
      {
        "code": "Packaged Meat \u0026 Seafood",
        "desc": "Packaged Meat \u0026 Seafood"
      }
    ],
    "brands": [],
    "price": {
      "basePrice": 4.99,
      "discountPrice": 4.99
    },
    "type": {
      "code": "Ham",
      "desc": "Ham"
    },
    "weight": "9 oz",
    "UpcCode": "",
    "tax": 0.0,
    "spiceLevel": "",
    "aiselNo": "1",
    "store": "Market Basket",
    "weightType": "9 oz",
    "imageName": "X4533.jpg",
    "defaultImage": "X4533.jpg",
    "updatedTimestamp": "Jan 24, 2021 2:00:53 AM",
    "createdTimestamp": "Jan 24, 2021 2:00:53 AM",
    "isNewlyAdded": false,
    "isActive": true,
    "isDealsEnabled": false,
    "quantity": 0
  },
  {
    "id": 4336,
    "code": "Fresh Wild Salmon",
    "desc": "Fresh Wild Salmon",
    "shortDesc": "Fresh Wild Salmon",
    "tags": [
      "Salmon"
    ],
    "categories": [
      {
        "code": "Meat \u0026 Seafood",
        "desc": "Meat \u0026 Seafood"
      }
    ],
    "subCategories": [
      {
        "code": "Meat \u0026 Seafood Counter",
        "desc": "Meat \u0026 Seafood Counter"
      }
    ],
    "brands": [
      {
        "code": "Fresh",
        "desc": "Fresh"
      }
    ],
    "price": {
      "basePrice": 6.29,
      "discountPrice": 6.29
    },
    "type": {
      "code": "Salmon",
      "desc": "Salmon"
    },
    "weight": "1 lb",
    "UpcCode": "",
    "tax": 0.0,
    "spiceLevel": "",
    "aiselNo": "22",
    "store": "Market Basket",
    "weightType": "1 lb",
    "imageName": "No Image.jpg",
    "defaultImage": "No Image.jpg",
    "updatedTimestamp": "Jan 24, 2021 2:00:52 AM",
    "createdTimestamp": "Jan 24, 2021 2:00:52 AM",
    "isNewlyAdded": false,
    "isActive": true,
    "isDealsEnabled": false,
    "quantity": 0
  },
  {
    "id": 4534,
    "code": "Columbus Il Classico Antipasto Sampler",
    "desc": "Columbus Il Classico Antipasto Sampler",
    "shortDesc": "Columbus Il Classico Antipasto Sampler",
    "tags": [
      "Other Meat"
    ],
    "categories": [
      {
        "code": "Meat \u0026 Seafood",
        "desc": "Meat \u0026 Seafood"
      }
    ],
    "subCategories": [
      {
        "code": "Lunch Meat",
        "desc": "Lunch Meat"
      }
    ],
    "brands": [
      {
        "code": "Columbus",
        "desc": "Columbus"
      }
    ],
    "price": {
      "basePrice": 7.39,
      "discountPrice": 7.39
    },
    "type": {
      "code": "Other Meat",
      "desc": "Other Meat"
    },
    "weight": "12 oz",
    "UpcCode": "",
    "tax": 0.0,
    "spiceLevel": "",
    "aiselNo": "22",
    "store": "Market Basket",
    "weightType": "12 oz",
    "imageName": "5418.jpg",
    "defaultImage": "5418.jpg",
    "updatedTimestamp": "Jan 24, 2021 2:00:52 AM",
    "createdTimestamp": "Jan 24, 2021 2:00:52 AM",
    "isNewlyAdded": false,
    "isActive": true,
    "isDealsEnabled": false,
    "quantity": 0
  },
  {
    "id": 30162,
    "code": "Applegate Natural Hickory Smoked No Sugar Uncured Bacon ",
    "desc": "Applegate Natural Hickory Smoked No Sugar Uncured Bacon ",
    "shortDesc": "Applegate Natural Hickory Smoked No Sugar Uncured Bacon ",
    "tags": [
      "Bacon"
    ],
    "categories": [
      {
        "code": "Meat \u0026 Seafood",
        "desc": "Meat \u0026 Seafood"
      }
    ],
    "subCategories": [
      {
        "code": "Hot Dogs, Bacon \u0026 Sausage",
        "desc": "Hot Dogs, Bacon \u0026 Sausage"
      }
    ],
    "brands": [
      {
        "code": "Applegate",
        "desc": "Applegate"
      }
    ],
    "price": {
      "basePrice": 7.49,
      "discountPrice": 7.49
    },
    "type": {
      "code": "Bacon",
      "desc": "Bacon"
    },
    "weight": "8 oz",
    "UpcCode": "",
    "tax": 0.0,
    "spiceLevel": "",
    "aiselNo": "1",
    "store": "Market Basket",
    "weightType": "8 oz",
    "imageName": "X4461.jpg",
    "defaultImage": "X4461.jpg",
    "updatedTimestamp": "Jan 24, 2021 2:00:53 AM",
    "createdTimestamp": "Jan 24, 2021 2:00:53 AM",
    "isNewlyAdded": false,
    "isActive": true,
    "isDealsEnabled": false,
    "quantity": 0
  },
  {
    "id": 4275,
    "code": "Cox\u0027s 26/30 Wild Raw Peeled Shrimp",
    "desc": "Cox\u0027s 26/30 Wild Raw Peeled Shrimp",
    "shortDesc": "Cox\u0027s 26/30 Wild Raw Peeled Shrimp",
    "tags": [
      "Shrimp"
    ],
    "categories": [
      {
        "code": "Meat \u0026 Seafood",
        "desc": "Meat \u0026 Seafood"
      }
    ],
    "subCategories": [
      {
        "code": "Packaged Meat \u0026 Seafood",
        "desc": "Packaged Meat \u0026 Seafood"
      }
    ],
    "brands": [
      {
        "code": "Cox\u0027s",
        "desc": "Cox\u0027s"
      }
    ],
    "price": {
      "basePrice": 26.89,
      "discountPrice": 26.89
    },
    "type": {
      "code": "Shrimp",
      "desc": "Shrimp"
    },
    "weight": "12 oz",
    "UpcCode": "",
    "tax": 0.0,
    "spiceLevel": "",
    "aiselNo": "22",
    "store": "Market Basket",
    "weightType": "12 oz",
    "imageName": "16717.jpg",
    "defaultImage": "16717.jpg",
    "updatedTimestamp": "Jan 24, 2021 2:00:52 AM",
    "createdTimestamp": "Jan 24, 2021 2:00:52 AM",
    "isNewlyAdded": false,
    "isActive": true,
    "isDealsEnabled": false,
    "quantity": 0
  },
  {
    "id": 4174,
    "code": "Market Basket 80% Ground Beef",
    "desc": "Market Basket 80% Ground Beef",
    "shortDesc": "Market Basket 80% Ground Beef",
    "tags": [
      "Beef"
    ],
    "categories": [
      {
        "code": "Meat \u0026 Seafood",
        "desc": "Meat \u0026 Seafood"
      }
    ],
    "subCategories": [
      {
        "code": "Packaged Meat \u0026 Seafood",
        "desc": "Packaged Meat \u0026 Seafood"
      }
    ],
    "brands": [
      {
        "code": "Market Basket",
        "desc": "Market Basket"
      }
    ],
    "price": {
      "basePrice": 4.89,
      "discountPrice": 4.89
    },
    "type": {
      "code": "Beef",
      "desc": "Beef"
    },
    "weight": "4 lb",
    "UpcCode": "",
    "tax": 0.0,
    "spiceLevel": "",
    "aiselNo": "22",
    "store": "Market Basket",
    "weightType": "4 lb",
    "imageName": "4074.jpg",
    "defaultImage": "4074.jpg",
    "updatedTimestamp": "Jan 24, 2021 2:00:52 AM",
    "createdTimestamp": "Jan 24, 2021 2:00:52 AM",
    "isNewlyAdded": false,
    "isActive": true,
    "isDealsEnabled": false,
    "quantity": 0
  },
  {
    "id": 4062,
    "code": "Boneless Beef Chuck",
    "desc": "Boneless Beef Chuck",
    "shortDesc": "Boneless Beef Chuck",
    "tags": [
      "Beef"
    ],
    "categories": [
      {
        "code": "Meat \u0026 Seafood",
        "desc": "Meat \u0026 Seafood"
      }
    ],
    "subCategories": [
      {
        "code": "Meat \u0026 Seafood Counter",
        "desc": "Meat \u0026 Seafood Counter"
      }
    ],
    "brands": [
      {
        "code": "Market Basket",
        "desc": "Market Basket"
      }
    ],
    "price": {
      "basePrice": 4.89,
      "discountPrice": 4.89
    },
    "type": {
      "code": "Beef",
      "desc": "Beef"
    },
    "weight": "1 lb",
    "UpcCode": "",
    "tax": 0.0,
    "spiceLevel": "",
    "aiselNo": "22",
    "store": "Market Basket",
    "weightType": "1 lb",
    "imageName": "Market Basket.jpg",
    "defaultImage": "Market Basket.jpg",
    "updatedTimestamp": "Jan 24, 2021 2:00:52 AM",
    "createdTimestamp": "Jan 24, 2021 2:00:52 AM",
    "isNewlyAdded": false,
    "isActive": true,
    "isDealsEnabled": false,
    "quantity": 0
  },
  {
    "id": 31812,
    "code": "Hormel Natural Choise Original Uncured Bacon",
    "desc": "Hormel Natural Choise Original Uncured Bacon",
    "shortDesc": "Hormel Natural Choise Original Uncured Bacon",
    "tags": [
      "Bacon"
    ],
    "categories": [
      {
        "code": "Meat \u0026 Seafood",
        "desc": "Meat \u0026 Seafood"
      }
    ],
    "subCategories": [
      {
        "code": "Packaged Meat \u0026 Seafood",
        "desc": "Packaged Meat \u0026 Seafood"
      }
    ],
    "brands": [],
    "price": {
      "basePrice": 6.24,
      "discountPrice": 6.24
    },
    "type": {
      "code": "Bacon",
      "desc": "Bacon"
    },
    "weight": "12 oz",
    "UpcCode": "",
    "tax": 0.0,
    "spiceLevel": "",
    "aiselNo": "1",
    "store": "Market Basket",
    "weightType": "12 oz",
    "imageName": "X4472.jpg",
    "defaultImage": "X4472.jpg",
    "updatedTimestamp": "Jan 24, 2021 2:00:53 AM",
    "createdTimestamp": "Jan 24, 2021 2:00:53 AM",
    "isNewlyAdded": false,
    "isActive": true,
    "isDealsEnabled": false,
    "quantity": 0
  },
  {
    "id": 4587,
    "code": "Oscar Mayer Deli Fresh Shaved Honey Smoked Turkey Breast",
    "desc": "Oscar Mayer Deli Fresh Shaved Honey Smoked Turkey Breast",
    "shortDesc": "Oscar Mayer Deli Fresh Shaved Honey Smoked Turkey Breast",
    "tags": [
      "Turkey"
    ],
    "categories": [
      {
        "code": "Meat \u0026 Seafood",
        "desc": "Meat \u0026 Seafood"
      }
    ],
    "subCategories": [
      {
        "code": "Lunch Meat",
        "desc": "Lunch Meat"
      }
    ],
    "brands": [
      {
        "code": "Fresh",
        "desc": "Fresh"
      }
    ],
    "price": {
      "basePrice": 6.09,
      "discountPrice": 6.09
    },
    "type": {
      "code": "Turkey",
      "desc": "Turkey"
    },
    "weight": "9 oz",
    "UpcCode": "",
    "tax": 0.0,
    "spiceLevel": "",
    "aiselNo": "1",
    "store": "Market Basket",
    "weightType": "9 oz",
    "imageName": "5408.jpg",
    "defaultImage": "5408.jpg",
    "updatedTimestamp": "Jan 24, 2021 2:00:52 AM",
    "createdTimestamp": "Jan 24, 2021 2:00:52 AM",
    "isNewlyAdded": false,
    "isActive": true,
    "isDealsEnabled": false,
    "quantity": 0
  },
  {
    "id": 4553,
    "code": "San Daniele Calabrese Salame, Prosciutto, Capocollo",
    "desc": "San Daniele Calabrese Salame, Prosciutto, Capocollo",
    "shortDesc": "San Daniele Calabrese Salame, Prosciutto, Capocollo",
    "tags": [
      "Other Meat"
    ],
    "categories": [
      {
        "code": "Meat \u0026 Seafood",
        "desc": "Meat \u0026 Seafood"
      }
    ],
    "subCategories": [
      {
        "code": "Lunch Meat",
        "desc": "Lunch Meat"
      }
    ],
    "brands": [
      {
        "code": "San Daniele",
        "desc": "San Daniele"
      }
    ],
    "price": {
      "basePrice": 7.39,
      "discountPrice": 7.39
    },
    "type": {
      "code": "Other Meat",
      "desc": "Other Meat"
    },
    "weight": "6 oz",
    "UpcCode": "",
    "tax": 0.0,
    "spiceLevel": "",
    "aiselNo": "22",
    "store": "Market Basket",
    "weightType": "6 oz",
    "imageName": "5451.jpg",
    "defaultImage": "5451.jpg",
    "updatedTimestamp": "Jan 24, 2021 2:00:52 AM",
    "createdTimestamp": "Jan 24, 2021 2:00:52 AM",
    "isNewlyAdded": false,
    "isActive": true,
    "isDealsEnabled": false,
    "quantity": 0
  },
  {
    "id": 4176,
    "code": "Market Basket 93% Lean Ground Beef",
    "desc": "Market Basket 93% Lean Ground Beef",
    "shortDesc": "Market Basket 93% Lean Ground Beef",
    "tags": [
      "Beef"
    ],
    "categories": [
      {
        "code": "Meat \u0026 Seafood",
        "desc": "Meat \u0026 Seafood"
      }
    ],
    "subCategories": [
      {
        "code": "Packaged Meat \u0026 Seafood",
        "desc": "Packaged Meat \u0026 Seafood"
      }
    ],
    "brands": [
      {
        "code": "Market Basket",
        "desc": "Market Basket"
      }
    ],
    "price": {
      "basePrice": 6.75,
      "discountPrice": 6.75
    },
    "type": {
      "code": "Beef",
      "desc": "Beef"
    },
    "weight": "Approx: 1.23 lb at $5.49/lb",
    "UpcCode": "",
    "tax": 0.0,
    "spiceLevel": "",
    "aiselNo": "22",
    "store": "Market Basket",
    "weightType": "Approx: 1.23 lb at $5.49/lb",
    "imageName": "4073.jpg",
    "defaultImage": "4073.jpg",
    "updatedTimestamp": "Jan 24, 2021 2:00:52 AM",
    "createdTimestamp": "Jan 24, 2021 2:00:52 AM",
    "isNewlyAdded": false,
    "isActive": true,
    "isDealsEnabled": false,
    "quantity": 0
  },
  {
    "id": 4260,
    "code": "Boneless Center-Cut Pork Chops",
    "desc": "Boneless Center-Cut Pork Chops",
    "shortDesc": "Boneless Center-Cut Pork Chops",
    "tags": [
      "Pork"
    ],
    "categories": [
      {
        "code": "Meat \u0026 Seafood",
        "desc": "Meat \u0026 Seafood"
      }
    ],
    "subCategories": [
      {
        "code": "Packaged Meat \u0026 Seafood",
        "desc": "Packaged Meat \u0026 Seafood"
      }
    ],
    "brands": [
      {
        "code": "Market Basket",
        "desc": "Market Basket"
      }
    ],
    "price": {
      "basePrice": 2.49,
      "discountPrice": 2.49
    },
    "type": {
      "code": "Pork",
      "desc": "Pork"
    },
    "weight": "1 lb",
    "UpcCode": "",
    "tax": 0.0,
    "spiceLevel": "",
    "aiselNo": "22",
    "store": "Market Basket",
    "weightType": "1 lb",
    "imageName": "Market Basket.jpg",
    "defaultImage": "Market Basket.jpg",
    "updatedTimestamp": "Jan 24, 2021 2:00:52 AM",
    "createdTimestamp": "Jan 24, 2021 2:00:52 AM",
    "isNewlyAdded": false,
    "isActive": true,
    "isDealsEnabled": false,
    "quantity": 0
  },
  {
    "id": 4071,
    "code": "Market Basket 85% Lean Ground Beef",
    "desc": "Market Basket 85% Lean Ground Beef",
    "shortDesc": "Market Basket 85% Lean Ground Beef",
    "tags": [
      "Beef"
    ],
    "categories": [
      {
        "code": "Meat \u0026 Seafood",
        "desc": "Meat \u0026 Seafood"
      }
    ],
    "subCategories": [
      {
        "code": "Meat \u0026 Seafood Counter",
        "desc": "Meat \u0026 Seafood Counter"
      }
    ],
    "brands": [
      {
        "code": "Market Basket",
        "desc": "Market Basket"
      }
    ],
    "price": {
      "basePrice": 11.69,
      "discountPrice": 11.69
    },
    "type": {
      "code": "Beef",
      "desc": "Beef"
    },
    "weight": "1 lb",
    "UpcCode": "",
    "tax": 0.0,
    "spiceLevel": "",
    "aiselNo": "22",
    "store": "Market Basket",
    "weightType": "1 lb",
    "imageName": "4045.jpg",
    "defaultImage": "4045.jpg",
    "updatedTimestamp": "Jan 24, 2021 2:00:52 AM",
    "createdTimestamp": "Jan 24, 2021 2:00:52 AM",
    "isNewlyAdded": false,
    "isActive": true,
    "isDealsEnabled": false,
    "quantity": 0
  },
  {
    "id": 4526,
    "code": "Smithfield Sliced Hickory Smoked Boneless Ham",
    "desc": "Smithfield Sliced Hickory Smoked Boneless Ham",
    "shortDesc": "Smithfield Sliced Hickory Smoked Boneless Ham",
    "tags": [
      "Ham"
    ],
    "categories": [
      {
        "code": "Meat \u0026 Seafood",
        "desc": "Meat \u0026 Seafood"
      }
    ],
    "subCategories": [
      {
        "code": "Lunch Meat",
        "desc": "Lunch Meat"
      }
    ],
    "brands": [
      {
        "code": "Smithfield",
        "desc": "Smithfield"
      }
    ],
    "price": {
      "basePrice": 9.33,
      "discountPrice": 9.33
    },
    "type": {
      "code": "Ham",
      "desc": "Ham"
    },
    "weight": "Approx: 2.28 lb at $4.09/lb",
    "UpcCode": "",
    "tax": 0.0,
    "spiceLevel": "",
    "aiselNo": "22",
    "store": "Market Basket",
    "weightType": "Approx: 2.28 lb at $4.09/lb",
    "imageName": "No Image.jpg",
    "defaultImage": "No Image.jpg",
    "updatedTimestamp": "Jan 24, 2021 2:00:52 AM",
    "createdTimestamp": "Jan 24, 2021 2:00:52 AM",
    "isNewlyAdded": false,
    "isActive": true,
    "isDealsEnabled": false,
    "quantity": 0
  },
  {
    "id": 4223,
    "code": "Market Basket Wings",
    "desc": "Market Basket Wings",
    "shortDesc": "Market Basket Wings",
    "tags": [
      "Chicken Wings"
    ],
    "categories": [
      {
        "code": "Meat \u0026 Seafood",
        "desc": "Meat \u0026 Seafood"
      }
    ],
    "subCategories": [
      {
        "code": "Packaged Meat \u0026 Seafood",
        "desc": "Packaged Meat \u0026 Seafood"
      }
    ],
    "brands": [
      {
        "code": "Market Basket",
        "desc": "Market Basket"
      }
    ],
    "price": {
      "basePrice": 13.02,
      "discountPrice": 13.02
    },
    "type": {
      "code": "Chicken Wings",
      "desc": "Chicken Wings"
    },
    "weight": "Approx: 2.90 lb at $4.49/lb",
    "UpcCode": "",
    "tax": 0.0,
    "spiceLevel": "",
    "aiselNo": "22",
    "store": "Market Basket",
    "weightType": "Approx: 2.90 lb at $4.49/lb",
    "imageName": "Market Basket.jpg",
    "defaultImage": "Market Basket.jpg",
    "updatedTimestamp": "Jan 24, 2021 2:00:52 AM",
    "createdTimestamp": "Jan 24, 2021 2:00:52 AM",
    "isNewlyAdded": false,
    "isActive": true,
    "isDealsEnabled": false,
    "quantity": 0
  },
  {
    "id": 31132,
    "code": "DAVIO\u0027S NORTHERN ITALIAN STEAKHOUSE CHICKEN SAUSAGE Hot ltalian Style",
    "desc": "DAVIO\u0027S NORTHERN ITALIAN STEAKHOUSE CHICKEN SAUSAGE Hot ltalian Style",
    "shortDesc": "DAVIO\u0027S NORTHERN ITALIAN STEAKHOUSE CHICKEN SAUSAGE Hot ltalian Style",
    "tags": [
      "Sausage"
    ],
    "categories": [
      {
        "code": "Meat \u0026 Seafood",
        "desc": "Meat \u0026 Seafood"
      }
    ],
    "subCategories": [
      {
        "code": "Hot Dogs, Bacon \u0026 Sausage",
        "desc": "Hot Dogs, Bacon \u0026 Sausage"
      }
    ],
    "brands": [],
    "price": {
      "basePrice": 5.61,
      "discountPrice": 5.61
    },
    "type": {
      "code": "Sausage",
      "desc": "Sausage"
    },
    "weight": "14 oz",
    "UpcCode": "",
    "tax": 0.0,
    "spiceLevel": "",
    "aiselNo": "1",
    "store": "Market Basket",
    "weightType": "14 oz",
    "imageName": "X220.jpg",
    "defaultImage": "X220.jpg",
    "updatedTimestamp": "Jan 24, 2021 2:00:53 AM",
    "createdTimestamp": "Jan 24, 2021 2:00:53 AM",
    "isNewlyAdded": false,
    "isActive": true,
    "isDealsEnabled": false,
    "quantity": 0
  },
  {
    "id": 4123,
    "code": "Market Basket Split Young Chicken Breast With Ribs",
    "desc": "Market Basket Split Young Chicken Breast With Ribs",
    "shortDesc": "Market Basket Split Young Chicken Breast With Ribs",
    "tags": [
      "Chicken Breast"
    ],
    "categories": [
      {
        "code": "Meat \u0026 Seafood",
        "desc": "Meat \u0026 Seafood"
      }
    ],
    "subCategories": [
      {
        "code": "Meat \u0026 Seafood Counter",
        "desc": "Meat \u0026 Seafood Counter"
      }
    ],
    "brands": [
      {
        "code": "Market Basket",
        "desc": "Market Basket"
      }
    ],
    "price": {
      "basePrice": 4.16,
      "discountPrice": 4.16
    },
    "type": {
      "code": "Chicken Breast",
      "desc": "Chicken Breast"
    },
    "weight": "Approx: 2.09 lb at $1.99/lb",
    "UpcCode": "",
    "tax": 0.0,
    "spiceLevel": "",
    "aiselNo": "22",
    "store": "Market Basket",
    "weightType": "Approx: 2.09 lb at $1.99/lb",
    "imageName": "Market Basket.jpg",
    "defaultImage": "Market Basket.jpg",
    "updatedTimestamp": "Jan 24, 2021 2:00:52 AM",
    "createdTimestamp": "Jan 24, 2021 2:00:52 AM",
    "isNewlyAdded": false,
    "isActive": true,
    "isDealsEnabled": false,
    "quantity": 0
  },
  {
    "id": 4751,
    "code": "Weaver Fully Cooked Chicken Breast Fun Nuggets, 1.5 lb. (Frozen)",
    "desc": "Weaver Fully Cooked Chicken Breast Fun Nuggets, 1.5 lb. (Frozen)",
    "shortDesc": "Weaver Fully Cooked Chicken Breast Fun Nuggets, 1.5 lb. (Frozen)",
    "tags": [
      "Chicken Products"
    ],
    "categories": [
      {
        "code": "Meat \u0026 Seafood",
        "desc": "Meat \u0026 Seafood"
      }
    ],
    "subCategories": [
      {
        "code": "Frozen Meat \u0026 Seafood",
        "desc": "Frozen Meat \u0026 Seafood"
      }
    ],
    "brands": [
      {
        "code": "Weaver Fully Cooked",
        "desc": "Weaver Fully Cooked"
      }
    ],
    "price": {
      "basePrice": 4.89,
      "discountPrice": 4.89
    },
    "type": {
      "code": "Chicken Products",
      "desc": "Chicken Products"
    },
    "weight": "26 oz",
    "UpcCode": "",
    "tax": 0.0,
    "spiceLevel": "",
    "aiselNo": "22",
    "store": "Market Basket",
    "weightType": "26 oz",
    "imageName": "16036.jpg",
    "defaultImage": "16036.jpg",
    "updatedTimestamp": "Jan 24, 2021 2:00:52 AM",
    "createdTimestamp": "Jan 24, 2021 2:00:52 AM",
    "isNewlyAdded": false,
    "isActive": true,
    "isDealsEnabled": false,
    "quantity": 0
  },
  {
    "id": 4755,
    "code": "Winter Creek Farms Chicken Wings Portions",
    "desc": "Winter Creek Farms Chicken Wings Portions",
    "shortDesc": "Winter Creek Farms Chicken Wings Portions",
    "tags": [
      "Chicken Products"
    ],
    "categories": [
      {
        "code": "Meat \u0026 Seafood",
        "desc": "Meat \u0026 Seafood"
      }
    ],
    "subCategories": [
      {
        "code": "Frozen Meat \u0026 Seafood",
        "desc": "Frozen Meat \u0026 Seafood"
      }
    ],
    "brands": [
      {
        "code": "Winter Creek Farms",
        "desc": "Winter Creek Farms"
      }
    ],
    "price": {
      "basePrice": 14.09,
      "discountPrice": 14.09
    },
    "type": {
      "code": "Chicken Products",
      "desc": "Chicken Products"
    },
    "weight": "5 lb",
    "UpcCode": "",
    "tax": 0.0,
    "spiceLevel": "",
    "aiselNo": "18",
    "store": "Market Basket",
    "weightType": "5 lb",
    "imageName": "No Image.jpg",
    "defaultImage": "No Image.jpg",
    "updatedTimestamp": "Jan 24, 2021 2:00:52 AM",
    "createdTimestamp": "Jan 24, 2021 2:00:52 AM",
    "isNewlyAdded": false,
    "isActive": true,
    "isDealsEnabled": false,
    "quantity": 0
  },
  {
    "id": 30817,
    "code": "Carando Clasic Italian Genoa Salami ",
    "desc": "Carando Clasic Italian Genoa Salami ",
    "shortDesc": "Carando Clasic Italian Genoa Salami ",
    "tags": [
      "Salami"
    ],
    "categories": [
      {
        "code": "Meat \u0026 Seafood",
        "desc": "Meat \u0026 Seafood"
      }
    ],
    "subCategories": [
      {
        "code": "Packaged Meat \u0026 Seafood",
        "desc": "Packaged Meat \u0026 Seafood"
      }
    ],
    "brands": [],
    "price": {
      "basePrice": 3.11,
      "discountPrice": 3.11
    },
    "type": {
      "code": "Salami",
      "desc": "Salami"
    },
    "weight": "3.16 oz",
    "UpcCode": "",
    "tax": 0.0,
    "spiceLevel": "",
    "aiselNo": "1",
    "store": "Market Basket",
    "weightType": "3.16 oz",
    "imageName": "X4554.jpg",
    "defaultImage": "X4554.jpg",
    "updatedTimestamp": "Jan 24, 2021 2:00:53 AM",
    "createdTimestamp": "Jan 24, 2021 2:00:53 AM",
    "isNewlyAdded": false,
    "isActive": true,
    "isDealsEnabled": false,
    "quantity": 0
  },
  {
    "id": 4599,
    "code": "Market Basket Fresh Cut Turkey Ends",
    "desc": "Market Basket Fresh Cut Turkey Ends",
    "shortDesc": "Market Basket Fresh Cut Turkey Ends",
    "tags": [
      "Turkey"
    ],
    "categories": [
      {
        "code": "Meat \u0026 Seafood",
        "desc": "Meat \u0026 Seafood"
      }
    ],
    "subCategories": [
      {
        "code": "Lunch Meat",
        "desc": "Lunch Meat"
      }
    ],
    "brands": [
      {
        "code": "Market Basket",
        "desc": "Market Basket"
      }
    ],
    "price": {
      "basePrice": 3.69,
      "discountPrice": 3.69
    },
    "type": {
      "code": "Turkey",
      "desc": "Turkey"
    },
    "weight": "Approx: 1.00 lb at $3.69/lb",
    "UpcCode": "",
    "tax": 0.0,
    "spiceLevel": "",
    "aiselNo": "22",
    "store": "Market Basket",
    "weightType": "Approx: 1.00 lb at $3.69/lb",
    "imageName": "Market Basket.jpg",
    "defaultImage": "Market Basket.jpg",
    "updatedTimestamp": "Jan 24, 2021 2:00:52 AM",
    "createdTimestamp": "Jan 24, 2021 2:00:52 AM",
    "isNewlyAdded": false,
    "isActive": true,
    "isDealsEnabled": false,
    "quantity": 0
  },
  {
    "id": 30418,
    "code": "Beyond Meat Beyond Sausage Plant-Based Links Sweet Italian ",
    "desc": "Beyond Meat Beyond Sausage Plant-Based Links Sweet Italian ",
    "shortDesc": "Beyond Meat Beyond Sausage Plant-Based Links Sweet Italian ",
    "tags": [
      "Sausage"
    ],
    "categories": [
      {
        "code": "Meat \u0026 Seafood",
        "desc": "Meat \u0026 Seafood"
      }
    ],
    "subCategories": [
      {
        "code": "Packaged Meat \u0026 Seafood",
        "desc": "Packaged Meat \u0026 Seafood"
      }
    ],
    "brands": [
      {
        "code": "Beyond Meat",
        "desc": "Beyond Meat"
      }
    ],
    "price": {
      "basePrice": 8.74,
      "discountPrice": 8.74
    },
    "type": {
      "code": "Sausage",
      "desc": "Sausage"
    },
    "weight": "14 oz",
    "UpcCode": "",
    "tax": 0.0,
    "spiceLevel": "",
    "aiselNo": "1",
    "store": "Market Basket",
    "weightType": "14 oz",
    "imageName": "X4715.jpg",
    "defaultImage": "X4715.jpg",
    "updatedTimestamp": "Jan 24, 2021 2:00:53 AM",
    "createdTimestamp": "Jan 24, 2021 2:00:53 AM",
    "isNewlyAdded": false,
    "isActive": true,
    "isDealsEnabled": false,
    "quantity": 0
  },
  {
    "id": 4233,
    "code": "Kentucky Legend Brown Sugar Ham Steak",
    "desc": "Kentucky Legend Brown Sugar Ham Steak",
    "shortDesc": "Kentucky Legend Brown Sugar Ham Steak",
    "tags": [
      "Ham"
    ],
    "categories": [
      {
        "code": "Meat \u0026 Seafood",
        "desc": "Meat \u0026 Seafood"
      }
    ],
    "subCategories": [
      {
        "code": "Packaged Meat \u0026 Seafood",
        "desc": "Packaged Meat \u0026 Seafood"
      }
    ],
    "brands": [
      {
        "code": "Kentucky Legend",
        "desc": "Kentucky Legend"
      }
    ],
    "price": {
      "basePrice": 3.49,
      "discountPrice": 3.49
    },
    "type": {
      "code": "Ham",
      "desc": "Ham"
    },
    "weight": "8 oz",
    "UpcCode": "",
    "tax": 0.0,
    "spiceLevel": "",
    "aiselNo": "22",
    "store": "Market Basket",
    "weightType": "8 oz",
    "imageName": "16696.jpg",
    "defaultImage": "16696.jpg",
    "updatedTimestamp": "Jan 24, 2021 2:00:52 AM",
    "createdTimestamp": "Jan 24, 2021 2:00:52 AM",
    "isNewlyAdded": false,
    "isActive": true,
    "isDealsEnabled": false,
    "quantity": 0
  },
  {
    "id": 4048,
    "code": "Certified Angus Beef Boneless Strip Steak USDA Prime",
    "desc": "Certified Angus Beef Boneless Strip Steak USDA Prime",
    "shortDesc": "Certified Angus Beef Boneless Strip Steak USDA Prime",
    "tags": [
      "Beef"
    ],
    "categories": [
      {
        "code": "Meat \u0026 Seafood",
        "desc": "Meat \u0026 Seafood"
      }
    ],
    "subCategories": [
      {
        "code": "Meat \u0026 Seafood Counter",
        "desc": "Meat \u0026 Seafood Counter"
      }
    ],
    "brands": [
      {
        "code": "Certified Angus Beef",
        "desc": "Certified Angus Beef"
      }
    ],
    "price": {
      "basePrice": 9.99,
      "discountPrice": 9.99
    },
    "type": {
      "code": "Beef",
      "desc": "Beef"
    },
    "weight": "0.7 lb",
    "UpcCode": "",
    "tax": 0.0,
    "spiceLevel": "",
    "aiselNo": "22",
    "store": "Market Basket",
    "weightType": "0.7 lb",
    "imageName": "4048.jpg",
    "defaultImage": "4048.jpg",
    "updatedTimestamp": "Jan 24, 2021 2:00:52 AM",
    "createdTimestamp": "Jan 24, 2021 2:00:52 AM",
    "isNewlyAdded": false,
    "isActive": true,
    "isDealsEnabled": false,
    "quantity": 0
  },
  {
    "id": 4487,
    "code": "Deli Style Roast Beef",
    "desc": "Deli Style Roast Beef",
    "shortDesc": "Deli Style Roast Beef",
    "tags": [
      "Beef"
    ],
    "categories": [
      {
        "code": "Meat \u0026 Seafood",
        "desc": "Meat \u0026 Seafood"
      }
    ],
    "subCategories": [
      {
        "code": "Lunch Meat",
        "desc": "Lunch Meat"
      }
    ],
    "brands": [
      {
        "code": "Deli",
        "desc": "Deli"
      }
    ],
    "price": {
      "basePrice": 13.49,
      "discountPrice": 13.49
    },
    "type": {
      "code": "Beef",
      "desc": "Beef"
    },
    "weight": "1 lb",
    "UpcCode": "",
    "tax": 0.0,
    "spiceLevel": "",
    "aiselNo": "22",
    "store": "Market Basket",
    "weightType": "1 lb",
    "imageName": "17273.jpg",
    "defaultImage": "17273.jpg",
    "updatedTimestamp": "Jan 24, 2021 2:00:52 AM",
    "createdTimestamp": "Jan 24, 2021 2:00:52 AM",
    "isNewlyAdded": false,
    "isActive": true,
    "isDealsEnabled": false,
    "quantity": 0
  },
  {
    "id": 4088,
    "code": "Market Basket Beef Rib Eye Select Delmonico Steak",
    "desc": "Market Basket Beef Rib Eye Select Delmonico Steak",
    "shortDesc": "Market Basket Beef Rib Eye Select Delmonico Steak",
    "tags": [
      "Beef"
    ],
    "categories": [
      {
        "code": "Meat \u0026 Seafood",
        "desc": "Meat \u0026 Seafood"
      }
    ],
    "subCategories": [
      {
        "code": "Meat \u0026 Seafood Counter",
        "desc": "Meat \u0026 Seafood Counter"
      }
    ],
    "brands": [
      {
        "code": "Market Basket",
        "desc": "Market Basket"
      }
    ],
    "price": {
      "basePrice": 12.95,
      "discountPrice": 12.95
    },
    "type": {
      "code": "Beef",
      "desc": "Beef"
    },
    "weight": "Approx: 0.97 lb at $13.4/lb",
    "UpcCode": "",
    "tax": 0.0,
    "spiceLevel": "",
    "aiselNo": "22",
    "store": "Market Basket",
    "weightType": "Approx: 0.97 lb at $13.4/lb",
    "imageName": "Market Basket.jpg",
    "defaultImage": "Market Basket.jpg",
    "updatedTimestamp": "Jan 24, 2021 2:00:52 AM",
    "createdTimestamp": "Jan 24, 2021 2:00:52 AM",
    "isNewlyAdded": false,
    "isActive": true,
    "isDealsEnabled": false,
    "quantity": 0
  },
  {
    "id": 4288,
    "code": "Plainville Farms 94% Lean Ground Turkey",
    "desc": "Plainville Farms 94% Lean Ground Turkey",
    "shortDesc": "Plainville Farms 94% Lean Ground Turkey",
    "tags": [
      "Turkey"
    ],
    "categories": [
      {
        "code": "Meat \u0026 Seafood",
        "desc": "Meat \u0026 Seafood"
      }
    ],
    "subCategories": [
      {
        "code": "Packaged Meat \u0026 Seafood",
        "desc": "Packaged Meat \u0026 Seafood"
      }
    ],
    "brands": [
      {
        "code": "Plainville Farms",
        "desc": "Plainville Farms"
      }
    ],
    "price": {
      "basePrice": 5.39,
      "discountPrice": 5.39
    },
    "type": {
      "code": "Turkey",
      "desc": "Turkey"
    },
    "weight": "16 oz",
    "UpcCode": "",
    "tax": 0.0,
    "spiceLevel": "",
    "aiselNo": "22",
    "store": "Market Basket",
    "weightType": "16 oz",
    "imageName": "4120.jpg",
    "defaultImage": "4120.jpg",
    "updatedTimestamp": "Jan 24, 2021 2:00:52 AM",
    "createdTimestamp": "Jan 24, 2021 2:00:52 AM",
    "isNewlyAdded": false,
    "isActive": true,
    "isDealsEnabled": false,
    "quantity": 0
  },
  {
    "id": 4584,
    "code": "Deli Honey Turkey",
    "desc": "Deli Honey Turkey",
    "shortDesc": "Deli Honey Turkey",
    "tags": [
      "Turkey"
    ],
    "categories": [
      {
        "code": "Meat \u0026 Seafood",
        "desc": "Meat \u0026 Seafood"
      }
    ],
    "subCategories": [
      {
        "code": "Lunch Meat",
        "desc": "Lunch Meat"
      }
    ],
    "brands": [
      {
        "code": "Deli",
        "desc": "Deli"
      }
    ],
    "price": {
      "basePrice": 5.49,
      "discountPrice": 5.49
    },
    "type": {
      "code": "Turkey",
      "desc": "Turkey"
    },
    "weight": "0.59 lb",
    "UpcCode": "",
    "tax": 0.0,
    "spiceLevel": "",
    "aiselNo": "22",
    "store": "Market Basket",
    "weightType": "0.59 lb",
    "imageName": "No Image.jpg",
    "defaultImage": "No Image.jpg",
    "updatedTimestamp": "Jan 24, 2021 2:00:52 AM",
    "createdTimestamp": "Jan 24, 2021 2:00:52 AM",
    "isNewlyAdded": false,
    "isActive": true,
    "isDealsEnabled": false,
    "quantity": 0
  },
  {
    "id": 4179,
    "code": "Petite New York Sirloin",
    "desc": "Petite New York Sirloin",
    "shortDesc": "Petite New York Sirloin",
    "tags": [
      "Beef"
    ],
    "categories": [
      {
        "code": "Meat \u0026 Seafood",
        "desc": "Meat \u0026 Seafood"
      }
    ],
    "subCategories": [
      {
        "code": "Packaged Meat \u0026 Seafood",
        "desc": "Packaged Meat \u0026 Seafood"
      }
    ],
    "brands": [
      {
        "code": "York",
        "desc": "York"
      }
    ],
    "price": {
      "basePrice": 11.49,
      "discountPrice": 11.49
    },
    "type": {
      "code": "Beef",
      "desc": "Beef"
    },
    "weight": "1 lb",
    "UpcCode": "",
    "tax": 0.0,
    "spiceLevel": "",
    "aiselNo": "22",
    "store": "Market Basket",
    "weightType": "1 lb",
    "imageName": "No Image.jpg",
    "defaultImage": "No Image.jpg",
    "updatedTimestamp": "Jan 24, 2021 2:00:52 AM",
    "createdTimestamp": "Jan 24, 2021 2:00:52 AM",
    "isNewlyAdded": false,
    "isActive": true,
    "isDealsEnabled": false,
    "quantity": 0
  },
  {
    "id": 31936,
    "code": " Jimmy Dean Heat\u0027n Serve Turkey Sausage Links ",
    "desc": " Jimmy Dean Heat\u0027n Serve Turkey Sausage Links ",
    "shortDesc": " Jimmy Dean Heat\u0027n Serve Turkey Sausage Links ",
    "tags": [
      "Sausage"
    ],
    "categories": [
      {
        "code": "Meat \u0026 Seafood",
        "desc": "Meat \u0026 Seafood"
      }
    ],
    "subCategories": [
      {
        "code": "Packaged Meat \u0026 Seafood",
        "desc": "Packaged Meat \u0026 Seafood"
      }
    ],
    "brands": [],
    "price": {
      "basePrice": 6.86,
      "discountPrice": 6.86
    },
    "type": {
      "code": "Sausage",
      "desc": "Sausage"
    },
    "weight": "23.4 oz",
    "UpcCode": "",
    "tax": 0.0,
    "spiceLevel": "",
    "aiselNo": "1",
    "store": "Market Basket",
    "weightType": "23.4 oz",
    "imageName": "X4754.jpg",
    "defaultImage": "X4754.jpg",
    "updatedTimestamp": "Jan 24, 2021 2:00:53 AM",
    "createdTimestamp": "Jan 24, 2021 2:00:53 AM",
    "isNewlyAdded": false,
    "isActive": true,
    "isDealsEnabled": false,
    "quantity": 0
  },
  {
    "id": 33333,
    "code": "Morning Stars Farms Garden Veggie ",
    "desc": "Morning Stars Farms Garden Veggie ",
    "shortDesc": "Morning Stars Farms Garden Veggie ",
    "tags": [
      "Burger"
    ],
    "categories": [
      {
        "code": "Meat \u0026 Seafood",
        "desc": "Meat \u0026 Seafood"
      }
    ],
    "subCategories": [
      {
        "code": "Packaged Meat \u0026 Seafood",
        "desc": "Packaged Meat \u0026 Seafood"
      }
    ],
    "brands": [],
    "price": {
      "basePrice": 4.61,
      "discountPrice": 4.61
    },
    "type": {
      "code": "Burger",
      "desc": "Burger"
    },
    "weight": "9.5 oz",
    "UpcCode": "",
    "tax": 0.0,
    "spiceLevel": "",
    "aiselNo": "1",
    "store": "Market Basket",
    "weightType": "9.5 oz",
    "imageName": "X4771.jpg",
    "defaultImage": "X4771.jpg",
    "updatedTimestamp": "Jan 24, 2021 2:00:53 AM",
    "createdTimestamp": "Jan 24, 2021 2:00:53 AM",
    "isNewlyAdded": false,
    "isActive": true,
    "isDealsEnabled": false,
    "quantity": 0
  },
  {
    "id": 4406,
    "code": "Smithfield Bacon",
    "desc": "Smithfield Bacon",
    "shortDesc": "Smithfield Bacon",
    "tags": [
      "Bacon"
    ],
    "categories": [
      {
        "code": "Meat \u0026 Seafood",
        "desc": "Meat \u0026 Seafood"
      }
    ],
    "subCategories": [
      {
        "code": "Hot Dogs, Bacon \u0026 Sausage",
        "desc": "Hot Dogs, Bacon \u0026 Sausage"
      }
    ],
    "brands": [
      {
        "code": "Smithfield",
        "desc": "Smithfield"
      }
    ],
    "price": {
      "basePrice": 3.69,
      "discountPrice": 3.69
    },
    "type": {
      "code": "Bacon",
      "desc": "Bacon"
    },
    "weight": "12 oz",
    "UpcCode": "",
    "tax": 0.0,
    "spiceLevel": "",
    "aiselNo": "1",
    "store": "Market Basket",
    "weightType": "12 oz",
    "imageName": "4187.jpg",
    "defaultImage": "4187.jpg",
    "updatedTimestamp": "Jan 24, 2021 2:00:52 AM",
    "createdTimestamp": "Jan 24, 2021 2:00:52 AM",
    "isNewlyAdded": false,
    "isActive": true,
    "isDealsEnabled": false,
    "quantity": 0
  },
  {
    "id": 33743,
    "code": "Oscar Mayer Beef Bologna ",
    "desc": "Oscar Mayer Beef Bologna ",
    "shortDesc": "Oscar Mayer Beef Bologna ",
    "tags": [
      "Bologna"
    ],
    "categories": [
      {
        "code": "Meat \u0026 Seafood",
        "desc": "Meat \u0026 Seafood"
      }
    ],
    "subCategories": [
      {
        "code": "Packaged Meat \u0026 Seafood",
        "desc": "Packaged Meat \u0026 Seafood"
      }
    ],
    "brands": [
      {
        "code": "Oscar Mayer",
        "desc": "Oscar Mayer"
      }
    ],
    "price": {
      "basePrice": 4.86,
      "discountPrice": 4.86
    },
    "type": {
      "code": "Bologna",
      "desc": "Bologna"
    },
    "weight": "8 oz",
    "UpcCode": "",
    "tax": 0.0,
    "spiceLevel": "",
    "aiselNo": "1",
    "store": "Market Basket",
    "weightType": "8 oz",
    "imageName": "X4496.jpg",
    "defaultImage": "X4496.jpg",
    "updatedTimestamp": "Jan 24, 2021 2:00:53 AM",
    "createdTimestamp": "Jan 24, 2021 2:00:53 AM",
    "isNewlyAdded": false,
    "isActive": true,
    "isDealsEnabled": false,
    "quantity": 0
  },
  {
    "id": 31924,
    "code": "Jenni-O Home Style Turkey Meatballs",
    "desc": "Jenni-O Home Style Turkey Meatballs",
    "shortDesc": "Jenni-O Home Style Turkey Meatballs",
    "tags": [
      "Turkey"
    ],
    "categories": [
      {
        "code": "Meat \u0026 Seafood",
        "desc": "Meat \u0026 Seafood"
      }
    ],
    "subCategories": [
      {
        "code": "Packaged Meat \u0026 Seafood",
        "desc": "Packaged Meat \u0026 Seafood"
      }
    ],
    "brands": [],
    "price": {
      "basePrice": 6.86,
      "discountPrice": 6.86
    },
    "type": {
      "code": "Turkey",
      "desc": "Turkey"
    },
    "weight": "24 oz",
    "UpcCode": "",
    "tax": 0.0,
    "spiceLevel": "",
    "aiselNo": "1",
    "store": "Market Basket",
    "weightType": "24 oz",
    "imageName": "X4699.jpg",
    "defaultImage": "X4699.jpg",
    "updatedTimestamp": "Jan 24, 2021 2:00:53 AM",
    "createdTimestamp": "Jan 24, 2021 2:00:53 AM",
    "isNewlyAdded": false,
    "isActive": true,
    "isDealsEnabled": false,
    "quantity": 0
  },
  {
    "id": 4588,
    "code": "Oscar Mayer Deli Fresh Shaved Oven Roasted Turkey Breast",
    "desc": "Oscar Mayer Deli Fresh Shaved Oven Roasted Turkey Breast",
    "shortDesc": "Oscar Mayer Deli Fresh Shaved Oven Roasted Turkey Breast",
    "tags": [
      "Turkey"
    ],
    "categories": [
      {
        "code": "Meat \u0026 Seafood",
        "desc": "Meat \u0026 Seafood"
      }
    ],
    "subCategories": [
      {
        "code": "Lunch Meat",
        "desc": "Lunch Meat"
      }
    ],
    "brands": [
      {
        "code": "Fresh",
        "desc": "Fresh"
      }
    ],
    "price": {
      "basePrice": 7.09,
      "discountPrice": 7.09
    },
    "type": {
      "code": "Turkey",
      "desc": "Turkey"
    },
    "weight": "1 lb",
    "UpcCode": "",
    "tax": 0.0,
    "spiceLevel": "",
    "aiselNo": "1",
    "store": "Market Basket",
    "weightType": "1 lb",
    "imageName": "5405.jpg",
    "defaultImage": "5405.jpg",
    "updatedTimestamp": "Jan 24, 2021 2:00:52 AM",
    "createdTimestamp": "Jan 24, 2021 2:00:52 AM",
    "isNewlyAdded": false,
    "isActive": true,
    "isDealsEnabled": false,
    "quantity": 0
  },
  {
    "id": 4611,
    "code": "Thin \u0027n Trim Turkey Breast",
    "desc": "Thin \u0027n Trim Turkey Breast",
    "shortDesc": "Thin \u0027n Trim Turkey Breast",
    "tags": [
      "Turkey"
    ],
    "categories": [
      {
        "code": "Meat \u0026 Seafood",
        "desc": "Meat \u0026 Seafood"
      }
    ],
    "subCategories": [
      {
        "code": "Lunch Meat",
        "desc": "Lunch Meat"
      }
    ],
    "brands": [
      {
        "code": "Thin \u0027n Trim",
        "desc": "Thin \u0027n Trim"
      }
    ],
    "price": {
      "basePrice": 3.69,
      "discountPrice": 3.69
    },
    "type": {
      "code": "Turkey",
      "desc": "Turkey"
    },
    "weight": "6 oz",
    "UpcCode": "",
    "tax": 0.0,
    "spiceLevel": "",
    "aiselNo": "22",
    "store": "Market Basket",
    "weightType": "6 oz",
    "imageName": "No Image.jpg",
    "defaultImage": "No Image.jpg",
    "updatedTimestamp": "Jan 24, 2021 2:00:52 AM",
    "createdTimestamp": "Jan 24, 2021 2:00:52 AM",
    "isNewlyAdded": false,
    "isActive": true,
    "isDealsEnabled": false,
    "quantity": 0
  },
  {
    "id": 4167,
    "code": "85% Lean Ground Beef",
    "desc": "85% Lean Ground Beef",
    "shortDesc": "85% Lean Ground Beef",
    "tags": [
      "Beef"
    ],
    "categories": [
      {
        "code": "Meat \u0026 Seafood",
        "desc": "Meat \u0026 Seafood"
      }
    ],
    "subCategories": [
      {
        "code": "Packaged Meat \u0026 Seafood",
        "desc": "Packaged Meat \u0026 Seafood"
      }
    ],
    "brands": [
      {
        "code": "85% Lean",
        "desc": "85% Lean"
      }
    ],
    "price": {
      "basePrice": 5.36,
      "discountPrice": 5.36
    },
    "type": {
      "code": "Beef",
      "desc": "Beef"
    },
    "weight": "1 lb",
    "UpcCode": "",
    "tax": 0.0,
    "spiceLevel": "",
    "aiselNo": "22",
    "store": "Market Basket",
    "weightType": "1 lb",
    "imageName": "16689.jpg",
    "defaultImage": "16689.jpg",
    "updatedTimestamp": "Jan 24, 2021 2:00:52 AM",
    "createdTimestamp": "Jan 24, 2021 2:00:52 AM",
    "isNewlyAdded": false,
    "isActive": true,
    "isDealsEnabled": false,
    "quantity": 0
  },
  {
    "id": 4598,
    "code": "Market Basket Deli Turkey Meat",
    "desc": "Market Basket Deli Turkey Meat",
    "shortDesc": "Market Basket Deli Turkey Meat",
    "tags": [
      "Turkey"
    ],
    "categories": [
      {
        "code": "Meat \u0026 Seafood",
        "desc": "Meat \u0026 Seafood"
      }
    ],
    "subCategories": [
      {
        "code": "Lunch Meat",
        "desc": "Lunch Meat"
      }
    ],
    "brands": [
      {
        "code": "Market Basket",
        "desc": "Market Basket"
      }
    ],
    "price": {
      "basePrice": 7.39,
      "discountPrice": 7.39
    },
    "type": {
      "code": "Turkey",
      "desc": "Turkey"
    },
    "weight": "1 lb",
    "UpcCode": "",
    "tax": 0.0,
    "spiceLevel": "",
    "aiselNo": "22",
    "store": "Market Basket",
    "weightType": "1 lb",
    "imageName": "Market Basket.jpg",
    "defaultImage": "Market Basket.jpg",
    "updatedTimestamp": "Jan 24, 2021 2:00:52 AM",
    "createdTimestamp": "Jan 24, 2021 2:00:52 AM",
    "isNewlyAdded": false,
    "isActive": true,
    "isDealsEnabled": false,
    "quantity": 0
  },
  {
    "id": 30287,
    "code": "Bar S Jumbo Franks ",
    "desc": "Bar S Jumbo Franks ",
    "shortDesc": "Bar S Jumbo Franks ",
    "tags": [
      "Hot Dogs \u0026 Franks"
    ],
    "categories": [
      {
        "code": "Meat \u0026 Seafood",
        "desc": "Meat \u0026 Seafood"
      }
    ],
    "subCategories": [
      {
        "code": "Packaged Meat \u0026 Seafood",
        "desc": "Packaged Meat \u0026 Seafood"
      }
    ],
    "brands": [
      {
        "code": "Bar S",
        "desc": "Bar S"
      }
    ],
    "price": {
      "basePrice": 1.36,
      "discountPrice": 1.36
    },
    "type": {
      "code": "Hot Dogs \u0026 Franks",
      "desc": "Hot Dogs \u0026 Franks"
    },
    "weight": "16 oz",
    "UpcCode": "",
    "tax": 0.0,
    "spiceLevel": "",
    "aiselNo": "1",
    "store": "Market Basket",
    "weightType": "16 oz",
    "imageName": "X4590.jpg",
    "defaultImage": "X4590.jpg",
    "updatedTimestamp": "Jan 24, 2021 2:00:53 AM",
    "createdTimestamp": "Jan 24, 2021 2:00:53 AM",
    "isNewlyAdded": false,
    "isActive": true,
    "isDealsEnabled": false,
    "quantity": 0
  },
  {
    "id": 4734,
    "code": "Perdue Boneless Chicken Breasts",
    "desc": "Perdue Boneless Chicken Breasts",
    "shortDesc": "Perdue Boneless Chicken Breasts",
    "tags": [
      "Chicken Products"
    ],
    "categories": [
      {
        "code": "Meat \u0026 Seafood",
        "desc": "Meat \u0026 Seafood"
      }
    ],
    "subCategories": [
      {
        "code": "Frozen Meat \u0026 Seafood",
        "desc": "Frozen Meat \u0026 Seafood"
      }
    ],
    "brands": [
      {
        "code": "Perdue",
        "desc": "Perdue"
      }
    ],
    "price": {
      "basePrice": 8.59,
      "discountPrice": 8.59
    },
    "type": {
      "code": "Chicken Products",
      "desc": "Chicken Products"
    },
    "weight": "2 lb",
    "UpcCode": "",
    "tax": 0.0,
    "spiceLevel": "",
    "aiselNo": "22",
    "store": "Market Basket",
    "weightType": "2 lb",
    "imageName": "2887.jpg",
    "defaultImage": "2887.jpg",
    "updatedTimestamp": "Jan 24, 2021 2:00:52 AM",
    "createdTimestamp": "Jan 24, 2021 2:00:52 AM",
    "isNewlyAdded": false,
    "isActive": true,
    "isDealsEnabled": false,
    "quantity": 0
  },
  {
    "id": 31401,
    "code": "Gardein Classic Meatless Meatballs ",
    "desc": "Gardein Classic Meatless Meatballs ",
    "shortDesc": "Gardein Classic Meatless Meatballs ",
    "tags": [
      "Burger"
    ],
    "categories": [
      {
        "code": "Meat \u0026 Seafood",
        "desc": "Meat \u0026 Seafood"
      }
    ],
    "subCategories": [
      {
        "code": "Packaged Meat \u0026 Seafood",
        "desc": "Packaged Meat \u0026 Seafood"
      }
    ],
    "brands": [
      {
        "code": "Gardein",
        "desc": "Gardein"
      }
    ],
    "price": {
      "basePrice": 5.61,
      "discountPrice": 5.61
    },
    "type": {
      "code": "Burger",
      "desc": "Burger"
    },
    "weight": "12.7 oz",
    "UpcCode": "",
    "tax": 0.0,
    "spiceLevel": "",
    "aiselNo": "1",
    "store": "Market Basket",
    "weightType": "12.7 oz",
    "imageName": "X4764.jpg",
    "defaultImage": "X4764.jpg",
    "updatedTimestamp": "Jan 24, 2021 2:00:53 AM",
    "createdTimestamp": "Jan 24, 2021 2:00:53 AM",
    "isNewlyAdded": false,
    "isActive": true,
    "isDealsEnabled": false,
    "quantity": 0
  },
  {
    "id": 4266,
    "code": "Blue Hill Bay Smoked Wild Alaskan Salmon Spread, Tub",
    "desc": "Blue Hill Bay Smoked Wild Alaskan Salmon Spread, Tub",
    "shortDesc": "Blue Hill Bay Smoked Wild Alaskan Salmon Spread, Tub",
    "tags": [
      "Salmon"
    ],
    "categories": [
      {
        "code": "Meat \u0026 Seafood",
        "desc": "Meat \u0026 Seafood"
      }
    ],
    "subCategories": [
      {
        "code": "Packaged Meat \u0026 Seafood",
        "desc": "Packaged Meat \u0026 Seafood"
      }
    ],
    "brands": [
      {
        "code": "Blue Hill Bay",
        "desc": "Blue Hill Bay"
      }
    ],
    "price": {
      "basePrice": 4.89,
      "discountPrice": 4.89
    },
    "type": {
      "code": "Salmon",
      "desc": "Salmon"
    },
    "weight": "8 oz",
    "UpcCode": "",
    "tax": 0.0,
    "spiceLevel": "",
    "aiselNo": "22",
    "store": "Market Basket",
    "weightType": "8 oz",
    "imageName": "4127.jpg",
    "defaultImage": "4127.jpg",
    "updatedTimestamp": "Jan 24, 2021 2:00:52 AM",
    "createdTimestamp": "Jan 24, 2021 2:00:52 AM",
    "isNewlyAdded": false,
    "isActive": true,
    "isDealsEnabled": false,
    "quantity": 0
  },
  {
    "id": 31681,
    "code": "Healthy Ones Deli Thin Sliced Black Forest Ham ",
    "desc": "Healthy Ones Deli Thin Sliced Black Forest Ham ",
    "shortDesc": "Healthy Ones Deli Thin Sliced Black Forest Ham ",
    "tags": [
      "Ham"
    ],
    "categories": [
      {
        "code": "Meat \u0026 Seafood",
        "desc": "Meat \u0026 Seafood"
      }
    ],
    "subCategories": [
      {
        "code": "Packaged Meat \u0026 Seafood",
        "desc": "Packaged Meat \u0026 Seafood"
      }
    ],
    "brands": [],
    "price": {
      "basePrice": 3.74,
      "discountPrice": 3.74
    },
    "type": {
      "code": "Ham",
      "desc": "Ham"
    },
    "weight": "7 oz",
    "UpcCode": "",
    "tax": 0.0,
    "spiceLevel": "",
    "aiselNo": "1",
    "store": "Market Basket",
    "weightType": "7 oz",
    "imageName": "X4521.jpg",
    "defaultImage": "X4521.jpg",
    "updatedTimestamp": "Jan 24, 2021 2:00:53 AM",
    "createdTimestamp": "Jan 24, 2021 2:00:53 AM",
    "isNewlyAdded": false,
    "isActive": true,
    "isDealsEnabled": false,
    "quantity": 0
  },
  {
    "id": 4263,
    "code": "San Daniele Diced Pancetta Antipasto",
    "desc": "San Daniele Diced Pancetta Antipasto",
    "shortDesc": "San Daniele Diced Pancetta Antipasto",
    "tags": [
      "Pork"
    ],
    "categories": [
      {
        "code": "Meat \u0026 Seafood",
        "desc": "Meat \u0026 Seafood"
      }
    ],
    "subCategories": [
      {
        "code": "Packaged Meat \u0026 Seafood",
        "desc": "Packaged Meat \u0026 Seafood"
      }
    ],
    "brands": [
      {
        "code": "San Daniele",
        "desc": "San Daniele"
      }
    ],
    "price": {
      "basePrice": 4.89,
      "discountPrice": 4.89
    },
    "type": {
      "code": "Pork",
      "desc": "Pork"
    },
    "weight": "4 oz",
    "UpcCode": "",
    "tax": 0.0,
    "spiceLevel": "",
    "aiselNo": "22",
    "store": "Market Basket",
    "weightType": "4 oz",
    "imageName": "16698.jpg",
    "defaultImage": "16698.jpg",
    "updatedTimestamp": "Jan 24, 2021 2:00:52 AM",
    "createdTimestamp": "Jan 24, 2021 2:00:52 AM",
    "isNewlyAdded": false,
    "isActive": true,
    "isDealsEnabled": false,
    "quantity": 0
  },
  {
    "id": 30243,
    "code": "Ball Park Franks ",
    "desc": "Ball Park Franks ",
    "shortDesc": "Ball Park Franks ",
    "tags": [
      "Hot Dogs \u0026 Franks"
    ],
    "categories": [
      {
        "code": "Meat \u0026 Seafood",
        "desc": "Meat \u0026 Seafood"
      }
    ],
    "subCategories": [
      {
        "code": "Packaged Meat \u0026 Seafood",
        "desc": "Packaged Meat \u0026 Seafood"
      }
    ],
    "brands": [
      {
        "code": "Ball Park",
        "desc": "Ball Park"
      }
    ],
    "price": {
      "basePrice": 3.74,
      "discountPrice": 3.74
    },
    "type": {
      "code": "Hot Dogs \u0026 Franks",
      "desc": "Hot Dogs \u0026 Franks"
    },
    "weight": "15 oz",
    "UpcCode": "",
    "tax": 0.0,
    "spiceLevel": "",
    "aiselNo": "1",
    "store": "Market Basket",
    "weightType": "15 oz",
    "imageName": "X4568.jpg",
    "defaultImage": "X4568.jpg",
    "updatedTimestamp": "Jan 24, 2021 2:00:53 AM",
    "createdTimestamp": "Jan 24, 2021 2:00:53 AM",
    "isNewlyAdded": false,
    "isActive": true,
    "isDealsEnabled": false,
    "quantity": 0
  },
  {
    "id": 4045,
    "code": "Angus Beef Boneless Chuck Eye Steak",
    "desc": "Angus Beef Boneless Chuck Eye Steak",
    "shortDesc": "Angus Beef Boneless Chuck Eye Steak",
    "tags": [
      "Beef"
    ],
    "categories": [
      {
        "code": "Meat \u0026 Seafood",
        "desc": "Meat \u0026 Seafood"
      }
    ],
    "subCategories": [
      {
        "code": "Meat \u0026 Seafood Counter",
        "desc": "Meat \u0026 Seafood Counter"
      }
    ],
    "brands": [
      {
        "code": "Angus Beef",
        "desc": "Angus Beef"
      }
    ],
    "price": {
      "basePrice": 6.49,
      "discountPrice": 6.49
    },
    "type": {
      "code": "Beef",
      "desc": "Beef"
    },
    "weight": "1 lb",
    "UpcCode": "",
    "tax": 0.0,
    "spiceLevel": "",
    "aiselNo": "22",
    "store": "Market Basket",
    "weightType": "1 lb",
    "imageName": "No Image.jpg",
    "defaultImage": "No Image.jpg",
    "updatedTimestamp": "Jan 24, 2021 2:00:52 AM",
    "createdTimestamp": "Jan 24, 2021 2:00:52 AM",
    "isNewlyAdded": false,
    "isActive": true,
    "isDealsEnabled": false,
    "quantity": 0
  },
  {
    "id": 34531,
    "code": "Smithfield Fully Cooked Pork Sausage ",
    "desc": "Smithfield Fully Cooked Pork Sausage ",
    "shortDesc": "Smithfield Fully Cooked Pork Sausage ",
    "tags": [
      "Sausage"
    ],
    "categories": [
      {
        "code": "Meat \u0026 Seafood",
        "desc": "Meat \u0026 Seafood"
      }
    ],
    "subCategories": [
      {
        "code": "Packaged Meat \u0026 Seafood",
        "desc": "Packaged Meat \u0026 Seafood"
      }
    ],
    "brands": [
      {
        "code": "Smithfield",
        "desc": "Smithfield"
      }
    ],
    "price": {
      "basePrice": 6.24,
      "discountPrice": 6.24
    },
    "type": {
      "code": "Sausage",
      "desc": "Sausage"
    },
    "weight": "20 oz",
    "UpcCode": "",
    "tax": 0.0,
    "spiceLevel": "",
    "aiselNo": "1",
    "store": "Market Basket",
    "weightType": "20 oz",
    "imageName": "X4753.jpg",
    "defaultImage": "X4753.jpg",
    "updatedTimestamp": "Jan 24, 2021 2:00:53 AM",
    "createdTimestamp": "Jan 24, 2021 2:00:53 AM",
    "isNewlyAdded": false,
    "isActive": true,
    "isDealsEnabled": false,
    "quantity": 0
  },
  {
    "id": 4754,
    "code": "Willow Tree Poultry Farm Chicken Pie Premium White Meat With Classic Vegetables",
    "desc": "Willow Tree Poultry Farm Chicken Pie Premium White Meat With Classic Vegetables",
    "shortDesc": "Willow Tree Poultry Farm Chicken Pie Premium White Meat With Classic Vegetables",
    "tags": [
      "Chicken Products"
    ],
    "categories": [
      {
        "code": "Meat \u0026 Seafood",
        "desc": "Meat \u0026 Seafood"
      }
    ],
    "subCategories": [
      {
        "code": "Frozen Meat \u0026 Seafood",
        "desc": "Frozen Meat \u0026 Seafood"
      }
    ],
    "brands": [
      {
        "code": "Willow Tree Poultry Farm",
        "desc": "Willow Tree Poultry Farm"
      }
    ],
    "price": {
      "basePrice": 2.49,
      "discountPrice": 2.49
    },
    "type": {
      "code": "Chicken Products",
      "desc": "Chicken Products"
    },
    "weight": "8 oz",
    "UpcCode": "",
    "tax": 0.0,
    "spiceLevel": "",
    "aiselNo": "18",
    "store": "Market Basket",
    "weightType": "8 oz",
    "imageName": "16032.jpg",
    "defaultImage": "16032.jpg",
    "updatedTimestamp": "Jan 24, 2021 2:00:52 AM",
    "createdTimestamp": "Jan 24, 2021 2:00:52 AM",
    "isNewlyAdded": false,
    "isActive": true,
    "isDealsEnabled": false,
    "quantity": 0
  },
  {
    "id": 4089,
    "code": "Market Basket Beef Round Cube Steak",
    "desc": "Market Basket Beef Round Cube Steak",
    "shortDesc": "Market Basket Beef Round Cube Steak",
    "tags": [
      "Beef"
    ],
    "categories": [
      {
        "code": "Meat \u0026 Seafood",
        "desc": "Meat \u0026 Seafood"
      }
    ],
    "subCategories": [
      {
        "code": "Meat \u0026 Seafood Counter",
        "desc": "Meat \u0026 Seafood Counter"
      }
    ],
    "brands": [
      {
        "code": "Market Basket",
        "desc": "Market Basket"
      }
    ],
    "price": {
      "basePrice": 4.29,
      "discountPrice": 4.29
    },
    "type": {
      "code": "Beef",
      "desc": "Beef"
    },
    "weight": "Approx: 1.00 lb at $4.29/lb",
    "UpcCode": "",
    "tax": 0.0,
    "spiceLevel": "",
    "aiselNo": "22",
    "store": "Market Basket",
    "weightType": "Approx: 1.00 lb at $4.29/lb",
    "imageName": "Market Basket.jpg",
    "defaultImage": "Market Basket.jpg",
    "updatedTimestamp": "Jan 24, 2021 2:00:52 AM",
    "createdTimestamp": "Jan 24, 2021 2:00:52 AM",
    "isNewlyAdded": false,
    "isActive": true,
    "isDealsEnabled": false,
    "quantity": 0
  },
  {
    "id": 4315,
    "code": "Market Basket Center Cut Thin Pork Chops",
    "desc": "Market Basket Center Cut Thin Pork Chops",
    "shortDesc": "Market Basket Center Cut Thin Pork Chops",
    "tags": [
      "Pork"
    ],
    "categories": [
      {
        "code": "Meat \u0026 Seafood",
        "desc": "Meat \u0026 Seafood"
      }
    ],
    "subCategories": [
      {
        "code": "Meat \u0026 Seafood Counter",
        "desc": "Meat \u0026 Seafood Counter"
      }
    ],
    "brands": [
      {
        "code": "Market Basket",
        "desc": "Market Basket"
      }
    ],
    "price": {
      "basePrice": 5.35,
      "discountPrice": 5.35
    },
    "type": {
      "code": "Pork",
      "desc": "Pork"
    },
    "weight": "Approx: 1.38 lb at $3.89/lb",
    "UpcCode": "",
    "tax": 0.0,
    "spiceLevel": "",
    "aiselNo": "22",
    "store": "Market Basket",
    "weightType": "Approx: 1.38 lb at $3.89/lb",
    "imageName": "4037.jpg",
    "defaultImage": "4037.jpg",
    "updatedTimestamp": "Jan 24, 2021 2:00:52 AM",
    "createdTimestamp": "Jan 24, 2021 2:00:52 AM",
    "isNewlyAdded": false,
    "isActive": true,
    "isDealsEnabled": false,
    "quantity": 0
  },
  {
    "id": 4286,
    "code": "Shady Brook Farms Fresh 99% Lean Ground Turkey",
    "desc": "Shady Brook Farms Fresh 99% Lean Ground Turkey",
    "shortDesc": "Shady Brook Farms Fresh 99% Lean Ground Turkey",
    "tags": [
      "Turkey"
    ],
    "categories": [
      {
        "code": "Meat \u0026 Seafood",
        "desc": "Meat \u0026 Seafood"
      }
    ],
    "subCategories": [
      {
        "code": "Packaged Meat \u0026 Seafood",
        "desc": "Packaged Meat \u0026 Seafood"
      }
    ],
    "brands": [
      {
        "code": "Shady Brook Farms",
        "desc": "Shady Brook Farms"
      }
    ],
    "price": {
      "basePrice": 7.49,
      "discountPrice": 7.49
    },
    "type": {
      "code": "Turkey",
      "desc": "Turkey"
    },
    "weight": "1.3 lb",
    "UpcCode": "",
    "tax": 0.0,
    "spiceLevel": "",
    "aiselNo": "22",
    "store": "Market Basket",
    "weightType": "1.3 lb",
    "imageName": "4115.jpg",
    "defaultImage": "4115.jpg",
    "updatedTimestamp": "Jan 24, 2021 2:00:52 AM",
    "createdTimestamp": "Jan 24, 2021 2:00:52 AM",
    "isNewlyAdded": false,
    "isActive": true,
    "isDealsEnabled": false,
    "quantity": 0
  },
  {
    "id": 4321,
    "code": "Market Basket Pork Shoulder Chunk",
    "desc": "Market Basket Pork Shoulder Chunk",
    "shortDesc": "Market Basket Pork Shoulder Chunk",
    "tags": [
      "Pork"
    ],
    "categories": [
      {
        "code": "Meat \u0026 Seafood",
        "desc": "Meat \u0026 Seafood"
      }
    ],
    "subCategories": [
      {
        "code": "Meat \u0026 Seafood Counter",
        "desc": "Meat \u0026 Seafood Counter"
      }
    ],
    "brands": [
      {
        "code": "Market Basket",
        "desc": "Market Basket"
      }
    ],
    "price": {
      "basePrice": 6.13,
      "discountPrice": 6.13
    },
    "type": {
      "code": "Pork",
      "desc": "Pork"
    },
    "weight": "Approx: 2.80 lb at $2.19/lb",
    "UpcCode": "",
    "tax": 0.0,
    "spiceLevel": "",
    "aiselNo": "22",
    "store": "Market Basket",
    "weightType": "Approx: 2.80 lb at $2.19/lb",
    "imageName": "Market Basket.jpg",
    "defaultImage": "Market Basket.jpg",
    "updatedTimestamp": "Jan 24, 2021 2:00:52 AM",
    "createdTimestamp": "Jan 24, 2021 2:00:52 AM",
    "isNewlyAdded": false,
    "isActive": true,
    "isDealsEnabled": false,
    "quantity": 0
  },
  {
    "id": 30358,
    "code": "Bell \u0026 Evans Air Chilled Gourmet Chicken Burgers with Apple and Gouda Cheese",
    "desc": "Bell \u0026 Evans Air Chilled Gourmet Chicken Burgers with Apple and Gouda Cheese",
    "shortDesc": "Bell \u0026 Evans Air Chilled Gourmet Chicken Burgers with Apple and Gouda Cheese",
    "tags": [
      "Chicken"
    ],
    "categories": [
      {
        "code": "Meat \u0026 Seafood",
        "desc": "Meat \u0026 Seafood"
      }
    ],
    "subCategories": [
      {
        "code": "Packaged Meat \u0026 Seafood",
        "desc": "Packaged Meat \u0026 Seafood"
      }
    ],
    "brands": [
      {
        "code": "Bell \u0026 Evans",
        "desc": "Bell \u0026 Evans"
      }
    ],
    "price": {
      "basePrice": 8.74,
      "discountPrice": 8.74
    },
    "type": {
      "code": "Chicken",
      "desc": "Chicken"
    },
    "weight": "12 oz",
    "UpcCode": "738985222925",
    "tax": 0.0,
    "spiceLevel": "",
    "aiselNo": "1",
    "store": "Market Basket",
    "weightType": "12 oz",
    "imageName": "X36.jpg",
    "defaultImage": "X36.jpg",
    "updatedTimestamp": "Jan 24, 2021 2:00:53 AM",
    "createdTimestamp": "Jan 24, 2021 2:00:53 AM",
    "isNewlyAdded": false,
    "isActive": true,
    "isDealsEnabled": false,
    "quantity": 0
  },
  {
    "id": 4802,
    "code": "Matlaw\u0027s Stuffed Clams",
    "desc": "Matlaw\u0027s Stuffed Clams",
    "shortDesc": "Matlaw\u0027s Stuffed Clams",
    "tags": [
      "Other Frozen Seafood"
    ],
    "categories": [
      {
        "code": "Meat \u0026 Seafood",
        "desc": "Meat \u0026 Seafood"
      }
    ],
    "subCategories": [
      {
        "code": "Frozen Meat \u0026 Seafood",
        "desc": "Frozen Meat \u0026 Seafood"
      }
    ],
    "brands": [
      {
        "code": "Matlaw\u0027s",
        "desc": "Matlaw\u0027s"
      }
    ],
    "price": {
      "basePrice": 4.29,
      "discountPrice": 4.29
    },
    "type": {
      "code": "Other Frozen Seafood",
      "desc": "Other Frozen Seafood"
    },
    "weight": "9 x 20 oz",
    "UpcCode": "",
    "tax": 0.0,
    "spiceLevel": "",
    "aiselNo": "18",
    "store": "Market Basket",
    "weightType": "9 x 20 oz",
    "imageName": "16034.jpg",
    "defaultImage": "16034.jpg",
    "updatedTimestamp": "Jan 24, 2021 2:00:52 AM",
    "createdTimestamp": "Jan 24, 2021 2:00:52 AM",
    "isNewlyAdded": false,
    "isActive": true,
    "isDealsEnabled": false,
    "quantity": 0
  },
  {
    "id": 4201,
    "code": "Market Basket Chicken Breast Cutlets",
    "desc": "Market Basket Chicken Breast Cutlets",
    "shortDesc": "Market Basket Chicken Breast Cutlets",
    "tags": [
      "Chicken Breast"
    ],
    "categories": [
      {
        "code": "Meat \u0026 Seafood",
        "desc": "Meat \u0026 Seafood"
      }
    ],
    "subCategories": [
      {
        "code": "Packaged Meat \u0026 Seafood",
        "desc": "Packaged Meat \u0026 Seafood"
      }
    ],
    "brands": [
      {
        "code": "Market Basket",
        "desc": "Market Basket"
      }
    ],
    "price": {
      "basePrice": 5.84,
      "discountPrice": 5.84
    },
    "type": {
      "code": "Chicken Breast",
      "desc": "Chicken Breast"
    },
    "weight": "1.2 lb",
    "UpcCode": "",
    "tax": 0.0,
    "spiceLevel": "",
    "aiselNo": "22",
    "store": "Market Basket",
    "weightType": "1.2 lb",
    "imageName": "4097.jpg",
    "defaultImage": "4097.jpg",
    "updatedTimestamp": "Jan 24, 2021 2:00:52 AM",
    "createdTimestamp": "Jan 24, 2021 2:00:52 AM",
    "isNewlyAdded": false,
    "isActive": true,
    "isDealsEnabled": false,
    "quantity": 0
  },
  {
    "id": 31953,
    "code": "Johnsonville Original Recipe Breakfast Sausage ",
    "desc": "Johnsonville Original Recipe Breakfast Sausage ",
    "shortDesc": "Johnsonville Original Recipe Breakfast Sausage ",
    "tags": [
      "Sausage"
    ],
    "categories": [
      {
        "code": "Meat \u0026 Seafood",
        "desc": "Meat \u0026 Seafood"
      }
    ],
    "subCategories": [
      {
        "code": "Packaged Meat \u0026 Seafood",
        "desc": "Packaged Meat \u0026 Seafood"
      }
    ],
    "brands": [
      {
        "code": "Johnsonville",
        "desc": "Johnsonville"
      }
    ],
    "price": {
      "basePrice": 3.74,
      "discountPrice": 3.74
    },
    "type": {
      "code": "Sausage",
      "desc": "Sausage"
    },
    "weight": "12 oz",
    "UpcCode": "",
    "tax": 0.0,
    "spiceLevel": "",
    "aiselNo": "1",
    "store": "Market Basket",
    "weightType": "12 oz",
    "imageName": "X4742.jpg",
    "defaultImage": "X4742.jpg",
    "updatedTimestamp": "Jan 24, 2021 2:00:53 AM",
    "createdTimestamp": "Jan 24, 2021 2:00:53 AM",
    "isNewlyAdded": false,
    "isActive": true,
    "isDealsEnabled": false,
    "quantity": 0
  },
  {
    "id": 30753,
    "code": "Butterball Premium Stuffing Traditional Savory Herb ",
    "desc": "Butterball Premium Stuffing Traditional Savory Herb ",
    "shortDesc": "Butterball Premium Stuffing Traditional Savory Herb ",
    "tags": [
      "Stuffing"
    ],
    "categories": [
      {
        "code": "Meat \u0026 Seafood",
        "desc": "Meat \u0026 Seafood"
      }
    ],
    "subCategories": [
      {
        "code": "Packaged Meat \u0026 Seafood",
        "desc": "Packaged Meat \u0026 Seafood"
      }
    ],
    "brands": [
      {
        "code": "Butterball",
        "desc": "Butterball"
      }
    ],
    "price": {
      "basePrice": 8.74,
      "discountPrice": 8.74
    },
    "type": {
      "code": "Stuffing",
      "desc": "Stuffing"
    },
    "weight": "28 oz",
    "UpcCode": "",
    "tax": 0.0,
    "spiceLevel": "",
    "aiselNo": "1",
    "store": "Market Basket",
    "weightType": "28 oz",
    "imageName": "X4743.jpg",
    "defaultImage": "X4743.jpg",
    "updatedTimestamp": "Jan 24, 2021 2:00:53 AM",
    "createdTimestamp": "Jan 24, 2021 2:00:53 AM",
    "isNewlyAdded": false,
    "isActive": true,
    "isDealsEnabled": false,
    "quantity": 0
  },
  {
    "id": 31947,
    "code": "Johnsonville Italian Style Meatball ",
    "desc": "Johnsonville Italian Style Meatball ",
    "shortDesc": "Johnsonville Italian Style Meatball ",
    "tags": [
      "Meatballs"
    ],
    "categories": [
      {
        "code": "Meat \u0026 Seafood",
        "desc": "Meat \u0026 Seafood"
      }
    ],
    "subCategories": [
      {
        "code": "Packaged Meat \u0026 Seafood",
        "desc": "Packaged Meat \u0026 Seafood"
      }
    ],
    "brands": [
      {
        "code": "Johnsonville",
        "desc": "Johnsonville"
      }
    ],
    "price": {
      "basePrice": 8.74,
      "discountPrice": 8.74
    },
    "type": {
      "code": "Meatballs",
      "desc": "Meatballs"
    },
    "weight": "24 oz",
    "UpcCode": "",
    "tax": 0.0,
    "spiceLevel": "",
    "aiselNo": "1",
    "store": "Market Basket",
    "weightType": "24 oz",
    "imageName": "X4698.jpg",
    "defaultImage": "X4698.jpg",
    "updatedTimestamp": "Jan 24, 2021 2:00:53 AM",
    "createdTimestamp": "Jan 24, 2021 2:00:53 AM",
    "isNewlyAdded": false,
    "isActive": true,
    "isDealsEnabled": false,
    "quantity": 0
  },
  {
    "id": 30685,
    "code": "Bridgford Beef Summer Sausage Gluten Free",
    "desc": "Bridgford Beef Summer Sausage Gluten Free",
    "shortDesc": "Bridgford Beef Summer Sausage Gluten Free",
    "tags": [
      "Pepperoni"
    ],
    "categories": [
      {
        "code": "Meat \u0026 Seafood",
        "desc": "Meat \u0026 Seafood"
      }
    ],
    "subCategories": [
      {
        "code": "Packaged Meat \u0026 Seafood",
        "desc": "Packaged Meat \u0026 Seafood"
      }
    ],
    "brands": [],
    "price": {
      "basePrice": 4.99,
      "discountPrice": 4.99
    },
    "type": {
      "code": "Pepperoni",
      "desc": "Pepperoni"
    },
    "weight": "6 oz",
    "UpcCode": "04752630",
    "tax": 0.0,
    "spiceLevel": "",
    "aiselNo": "4",
    "store": "Market Basket",
    "weightType": "6 oz",
    "imageName": "X1313.jpg",
    "defaultImage": "X1313.jpg",
    "updatedTimestamp": "Jan 24, 2021 2:00:53 AM",
    "createdTimestamp": "Jan 24, 2021 2:00:53 AM",
    "isNewlyAdded": false,
    "isActive": true,
    "isDealsEnabled": false,
    "quantity": 0
  },
  {
    "id": 33708,
    "code": "Old Neighborhood Loconico",
    "desc": "Old Neighborhood Loconico",
    "shortDesc": "Old Neighborhood Loconico",
    "tags": [
      "Sausage"
    ],
    "categories": [
      {
        "code": "Meat \u0026 Seafood",
        "desc": "Meat \u0026 Seafood"
      }
    ],
    "subCategories": [
      {
        "code": "Packaged Meat \u0026 Seafood",
        "desc": "Packaged Meat \u0026 Seafood"
      }
    ],
    "brands": [],
    "price": {
      "basePrice": 4.74,
      "discountPrice": 4.74
    },
    "type": {
      "code": "Sausage",
      "desc": "Sausage"
    },
    "weight": "12 oz",
    "UpcCode": "",
    "tax": 0.0,
    "spiceLevel": "",
    "aiselNo": "1",
    "store": "Market Basket",
    "weightType": "12 oz",
    "imageName": "X4656.jpg",
    "defaultImage": "X4656.jpg",
    "updatedTimestamp": "Jan 24, 2021 2:00:53 AM",
    "createdTimestamp": "Jan 24, 2021 2:00:53 AM",
    "isNewlyAdded": false,
    "isActive": true,
    "isDealsEnabled": false,
    "quantity": 0
  },
  {
    "id": 4182,
    "code": "Perdue Carved Chicken BreastGrilled Italian Style",
    "desc": "Perdue Carved Chicken BreastGrilled Italian Style",
    "shortDesc": "Perdue Carved Chicken BreastGrilled Italian Style",
    "tags": [
      "Chicken"
    ],
    "categories": [
      {
        "code": "Meat \u0026 Seafood",
        "desc": "Meat \u0026 Seafood"
      }
    ],
    "subCategories": [
      {
        "code": "Packaged Meat \u0026 Seafood",
        "desc": "Packaged Meat \u0026 Seafood"
      }
    ],
    "brands": [
      {
        "code": "Perdue",
        "desc": "Perdue"
      }
    ],
    "price": {
      "basePrice": 3.49,
      "discountPrice": 3.49
    },
    "type": {
      "code": "Chicken",
      "desc": "Chicken"
    },
    "weight": "0.56 lb",
    "UpcCode": "",
    "tax": 0.0,
    "spiceLevel": "",
    "aiselNo": "22",
    "store": "Market Basket",
    "weightType": "0.56 lb",
    "imageName": "4093.jpg",
    "defaultImage": "4093.jpg",
    "updatedTimestamp": "Jan 24, 2021 2:00:52 AM",
    "createdTimestamp": "Jan 24, 2021 2:00:52 AM",
    "isNewlyAdded": false,
    "isActive": true,
    "isDealsEnabled": false,
    "quantity": 0
  },
  {
    "id": 4119,
    "code": "Chicken breast in Teriyaki Sauce",
    "desc": "Chicken breast in Teriyaki Sauce",
    "shortDesc": "Chicken breast in Teriyaki Sauce",
    "tags": [
      "Chicken Breast"
    ],
    "categories": [
      {
        "code": "Meat \u0026 Seafood",
        "desc": "Meat \u0026 Seafood"
      }
    ],
    "subCategories": [
      {
        "code": "Meat \u0026 Seafood Counter",
        "desc": "Meat \u0026 Seafood Counter"
      }
    ],
    "brands": [
      {
        "code": "Market Basket",
        "desc": "Market Basket"
      }
    ],
    "price": {
      "basePrice": 4.89,
      "discountPrice": 4.89
    },
    "type": {
      "code": "Chicken Breast",
      "desc": "Chicken Breast"
    },
    "weight": "1 lb",
    "UpcCode": "",
    "tax": 0.0,
    "spiceLevel": "",
    "aiselNo": "22",
    "store": "Market Basket",
    "weightType": "1 lb",
    "imageName": "Market Basket.jpg",
    "defaultImage": "Market Basket.jpg",
    "updatedTimestamp": "Jan 24, 2021 2:00:52 AM",
    "createdTimestamp": "Jan 24, 2021 2:00:52 AM",
    "isNewlyAdded": false,
    "isActive": true,
    "isDealsEnabled": false,
    "quantity": 0
  },
  {
    "id": 30998,
    "code": "Colman Natural Beef Uncured Hot Dogs ",
    "desc": "Colman Natural Beef Uncured Hot Dogs ",
    "shortDesc": "Colman Natural Beef Uncured Hot Dogs ",
    "tags": [
      "Hot Dogs"
    ],
    "categories": [
      {
        "code": "Meat \u0026 Seafood",
        "desc": "Meat \u0026 Seafood"
      }
    ],
    "subCategories": [
      {
        "code": "Hot Dogs, Bacon \u0026 Sausage",
        "desc": "Hot Dogs, Bacon \u0026 Sausage"
      }
    ],
    "brands": [
      {
        "code": "Coleman",
        "desc": "Coleman"
      }
    ],
    "price": {
      "basePrice": 7.49,
      "discountPrice": 7.49
    },
    "type": {
      "code": "Hot Dogs",
      "desc": "Hot Dogs"
    },
    "weight": "12 oz",
    "UpcCode": "",
    "tax": 0.0,
    "spiceLevel": "",
    "aiselNo": "1",
    "store": "Market Basket",
    "weightType": "12 oz",
    "imageName": "X4482.jpg",
    "defaultImage": "X4482.jpg",
    "updatedTimestamp": "Jan 24, 2021 2:00:53 AM",
    "createdTimestamp": "Jan 24, 2021 2:00:53 AM",
    "isNewlyAdded": false,
    "isActive": true,
    "isDealsEnabled": false,
    "quantity": 0
  },
  {
    "id": 4586,
    "code": "Butterball Oven Roasted Extra Thin Sliced Turkey Breast",
    "desc": "Butterball Oven Roasted Extra Thin Sliced Turkey Breast",
    "shortDesc": "Butterball Oven Roasted Extra Thin Sliced Turkey Breast",
    "tags": [
      "Turkey"
    ],
    "categories": [
      {
        "code": "Meat \u0026 Seafood",
        "desc": "Meat \u0026 Seafood"
      }
    ],
    "subCategories": [
      {
        "code": "Lunch Meat",
        "desc": "Lunch Meat"
      }
    ],
    "brands": [
      {
        "code": "Extra",
        "desc": "Extra"
      }
    ],
    "price": {
      "basePrice": 4.29,
      "discountPrice": 4.29
    },
    "type": {
      "code": "Turkey",
      "desc": "Turkey"
    },
    "weight": "9 oz",
    "UpcCode": "",
    "tax": 0.0,
    "spiceLevel": "",
    "aiselNo": "1",
    "store": "Market Basket",
    "weightType": "9 oz",
    "imageName": "5455.jpg",
    "defaultImage": "5455.jpg",
    "updatedTimestamp": "Jan 24, 2021 2:00:52 AM",
    "createdTimestamp": "Jan 24, 2021 2:00:52 AM",
    "isNewlyAdded": false,
    "isActive": true,
    "isDealsEnabled": false,
    "quantity": 0
  },
  {
    "id": 4126,
    "code": "Perdue Thin Sliced Chicken Breasts",
    "desc": "Perdue Thin Sliced Chicken Breasts",
    "shortDesc": "Perdue Thin Sliced Chicken Breasts",
    "tags": [
      "Chicken Breast"
    ],
    "categories": [
      {
        "code": "Meat \u0026 Seafood",
        "desc": "Meat \u0026 Seafood"
      }
    ],
    "subCategories": [
      {
        "code": "Meat \u0026 Seafood Counter",
        "desc": "Meat \u0026 Seafood Counter"
      }
    ],
    "brands": [
      {
        "code": "Perdue",
        "desc": "Perdue"
      }
    ],
    "price": {
      "basePrice": 4.89,
      "discountPrice": 4.89
    },
    "type": {
      "code": "Chicken Breast",
      "desc": "Chicken Breast"
    },
    "weight": "1 lb",
    "UpcCode": "",
    "tax": 0.0,
    "spiceLevel": "",
    "aiselNo": "22",
    "store": "Market Basket",
    "weightType": "1 lb",
    "imageName": "No Image.jpg",
    "defaultImage": "No Image.jpg",
    "updatedTimestamp": "Jan 24, 2021 2:00:52 AM",
    "createdTimestamp": "Jan 24, 2021 2:00:52 AM",
    "isNewlyAdded": false,
    "isActive": true,
    "isDealsEnabled": false,
    "quantity": 0
  },
  {
    "id": 4383,
    "code": "Coleman Uncured Hickory Smoked Bacon",
    "desc": "Coleman Uncured Hickory Smoked Bacon",
    "shortDesc": "Coleman Uncured Hickory Smoked Bacon",
    "tags": [
      "Bacon"
    ],
    "categories": [
      {
        "code": "Meat \u0026 Seafood",
        "desc": "Meat \u0026 Seafood"
      }
    ],
    "subCategories": [
      {
        "code": "Hot Dogs, Bacon \u0026 Sausage",
        "desc": "Hot Dogs, Bacon \u0026 Sausage"
      }
    ],
    "brands": [
      {
        "code": "Coleman",
        "desc": "Coleman"
      }
    ],
    "price": {
      "basePrice": 9.19,
      "discountPrice": 9.19
    },
    "type": {
      "code": "Bacon",
      "desc": "Bacon"
    },
    "weight": "0.75 lb",
    "UpcCode": "",
    "tax": 0.0,
    "spiceLevel": "",
    "aiselNo": "22",
    "store": "Market Basket",
    "weightType": "0.75 lb",
    "imageName": "4192.jpg",
    "defaultImage": "4192.jpg",
    "updatedTimestamp": "Jan 24, 2021 2:00:52 AM",
    "createdTimestamp": "Jan 24, 2021 2:00:52 AM",
    "isNewlyAdded": false,
    "isActive": true,
    "isDealsEnabled": false,
    "quantity": 0
  },
  {
    "id": 4234,
    "code": "Ham",
    "desc": "Ham",
    "shortDesc": "Ham",
    "tags": [
      "Ham"
    ],
    "categories": [
      {
        "code": "Meat \u0026 Seafood",
        "desc": "Meat \u0026 Seafood"
      }
    ],
    "subCategories": [
      {
        "code": "Packaged Meat \u0026 Seafood",
        "desc": "Packaged Meat \u0026 Seafood"
      }
    ],
    "brands": [
      {
        "code": "Market Basket",
        "desc": "Market Basket"
      }
    ],
    "price": {
      "basePrice": 5.59,
      "discountPrice": 5.59
    },
    "type": {
      "code": "Ham",
      "desc": "Ham"
    },
    "weight": "1 lb",
    "UpcCode": "",
    "tax": 0.0,
    "spiceLevel": "",
    "aiselNo": "1",
    "store": "Market Basket",
    "weightType": "1 lb",
    "imageName": "Market Basket.jpg",
    "defaultImage": "Market Basket.jpg",
    "updatedTimestamp": "Jan 24, 2021 2:00:52 AM",
    "createdTimestamp": "Jan 24, 2021 2:00:52 AM",
    "isNewlyAdded": false,
    "isActive": true,
    "isDealsEnabled": false,
    "quantity": 0
  },
  {
    "id": 31729,
    "code": "Hillishire Farm Ultra Thin Smoked Ham ",
    "desc": "Hillishire Farm Ultra Thin Smoked Ham ",
    "shortDesc": "Hillishire Farm Ultra Thin Smoked Ham ",
    "tags": [
      "Ham"
    ],
    "categories": [
      {
        "code": "Meat \u0026 Seafood",
        "desc": "Meat \u0026 Seafood"
      }
    ],
    "subCategories": [
      {
        "code": "Packaged Meat \u0026 Seafood",
        "desc": "Packaged Meat \u0026 Seafood"
      }
    ],
    "brands": [],
    "price": {
      "basePrice": 7.86,
      "discountPrice": 7.86
    },
    "type": {
      "code": "Ham",
      "desc": "Ham"
    },
    "weight": "16 oz",
    "UpcCode": "",
    "tax": 0.0,
    "spiceLevel": "",
    "aiselNo": "1",
    "store": "Market Basket",
    "weightType": "16 oz",
    "imageName": "X4540.jpg",
    "defaultImage": "X4540.jpg",
    "updatedTimestamp": "Jan 24, 2021 2:00:53 AM",
    "createdTimestamp": "Jan 24, 2021 2:00:53 AM",
    "isNewlyAdded": false,
    "isActive": true,
    "isDealsEnabled": false,
    "quantity": 0
  },
  {
    "id": 4097,
    "code": "Market Basket Certified Angus Beef Tenderloin Steak",
    "desc": "Market Basket Certified Angus Beef Tenderloin Steak",
    "shortDesc": "Market Basket Certified Angus Beef Tenderloin Steak",
    "tags": [
      "Beef"
    ],
    "categories": [
      {
        "code": "Meat \u0026 Seafood",
        "desc": "Meat \u0026 Seafood"
      }
    ],
    "subCategories": [
      {
        "code": "Meat \u0026 Seafood Counter",
        "desc": "Meat \u0026 Seafood Counter"
      }
    ],
    "brands": [
      {
        "code": "Market Basket",
        "desc": "Market Basket"
      }
    ],
    "price": {
      "basePrice": 23.19,
      "discountPrice": 23.19
    },
    "type": {
      "code": "Beef",
      "desc": "Beef"
    },
    "weight": "Approx: 1.00 lb at $23.1/lb",
    "UpcCode": "",
    "tax": 0.0,
    "spiceLevel": "",
    "aiselNo": "22",
    "store": "Market Basket",
    "weightType": "Approx: 1.00 lb at $23.1/lb",
    "imageName": "Market Basket.jpg",
    "defaultImage": "Market Basket.jpg",
    "updatedTimestamp": "Jan 24, 2021 2:00:52 AM",
    "createdTimestamp": "Jan 24, 2021 2:00:52 AM",
    "isNewlyAdded": false,
    "isActive": true,
    "isDealsEnabled": false,
    "quantity": 0
  },
  {
    "id": 4538,
    "code": "Columbus Sliced Lite Italian Dry Salame",
    "desc": "Columbus Sliced Lite Italian Dry Salame",
    "shortDesc": "Columbus Sliced Lite Italian Dry Salame",
    "tags": [
      "Other Meat"
    ],
    "categories": [
      {
        "code": "Meat \u0026 Seafood",
        "desc": "Meat \u0026 Seafood"
      }
    ],
    "subCategories": [
      {
        "code": "Lunch Meat",
        "desc": "Lunch Meat"
      }
    ],
    "brands": [
      {
        "code": "Columbus",
        "desc": "Columbus"
      }
    ],
    "price": {
      "basePrice": 4.39,
      "discountPrice": 4.39
    },
    "type": {
      "code": "Other Meat",
      "desc": "Other Meat"
    },
    "weight": "5 oz",
    "UpcCode": "",
    "tax": 0.0,
    "spiceLevel": "",
    "aiselNo": "22",
    "store": "Market Basket",
    "weightType": "5 oz",
    "imageName": "5423.jpg",
    "defaultImage": "5423.jpg",
    "updatedTimestamp": "Jan 24, 2021 2:00:52 AM",
    "createdTimestamp": "Jan 24, 2021 2:00:52 AM",
    "isNewlyAdded": false,
    "isActive": true,
    "isDealsEnabled": false,
    "quantity": 0
  },
  {
    "id": 31683,
    "code": "Healthy Ones Deli Thin Sliced Turkey Breast ",
    "desc": "Healthy Ones Deli Thin Sliced Turkey Breast ",
    "shortDesc": "Healthy Ones Deli Thin Sliced Turkey Breast ",
    "tags": [
      "Turkey"
    ],
    "categories": [
      {
        "code": "Meat \u0026 Seafood",
        "desc": "Meat \u0026 Seafood"
      }
    ],
    "subCategories": [
      {
        "code": "Packaged Meat \u0026 Seafood",
        "desc": "Packaged Meat \u0026 Seafood"
      }
    ],
    "brands": [],
    "price": {
      "basePrice": 3.74,
      "discountPrice": 3.74
    },
    "type": {
      "code": "Turkey",
      "desc": "Turkey"
    },
    "weight": "7 oz",
    "UpcCode": "",
    "tax": 0.0,
    "spiceLevel": "",
    "aiselNo": "1",
    "store": "Market Basket",
    "weightType": "7 oz",
    "imageName": "X4523.jpg",
    "defaultImage": "X4523.jpg",
    "updatedTimestamp": "Jan 24, 2021 2:00:53 AM",
    "createdTimestamp": "Jan 24, 2021 2:00:53 AM",
    "isNewlyAdded": false,
    "isActive": true,
    "isDealsEnabled": false,
    "quantity": 0
  },
  {
    "id": 4790,
    "code": "Market Basket Cooked Shrimp",
    "desc": "Market Basket Cooked Shrimp",
    "shortDesc": "Market Basket Cooked Shrimp",
    "tags": [
      "Frozen Shrimp"
    ],
    "categories": [
      {
        "code": "Meat \u0026 Seafood",
        "desc": "Meat \u0026 Seafood"
      }
    ],
    "subCategories": [
      {
        "code": "Frozen Meat \u0026 Seafood",
        "desc": "Frozen Meat \u0026 Seafood"
      }
    ],
    "brands": [
      {
        "code": "Market Basket",
        "desc": "Market Basket"
      }
    ],
    "price": {
      "basePrice": 10.99,
      "discountPrice": 10.99
    },
    "type": {
      "code": "Frozen Shrimp",
      "desc": "Frozen Shrimp"
    },
    "weight": "16 oz",
    "UpcCode": "",
    "tax": 0.0,
    "spiceLevel": "",
    "aiselNo": "22",
    "store": "Market Basket",
    "weightType": "16 oz",
    "imageName": "Market Basket.jpg",
    "defaultImage": "Market Basket.jpg",
    "updatedTimestamp": "Jan 24, 2021 2:00:52 AM",
    "createdTimestamp": "Jan 24, 2021 2:00:52 AM",
    "isNewlyAdded": false,
    "isActive": true,
    "isDealsEnabled": false,
    "quantity": 0
  },
  {
    "id": 4418,
    "code": "Carando Spiral Recipe Sliced Deli Ham",
    "desc": "Carando Spiral Recipe Sliced Deli Ham",
    "shortDesc": "Carando Spiral Recipe Sliced Deli Ham",
    "tags": [
      "Hot Dogs"
    ],
    "categories": [
      {
        "code": "Meat \u0026 Seafood",
        "desc": "Meat \u0026 Seafood"
      }
    ],
    "subCategories": [
      {
        "code": "Hot Dogs, Bacon \u0026 Sausage",
        "desc": "Hot Dogs, Bacon \u0026 Sausage"
      }
    ],
    "brands": [
      {
        "code": "Carando",
        "desc": "Carando"
      }
    ],
    "price": {
      "basePrice": 7.39,
      "discountPrice": 7.39
    },
    "type": {
      "code": "Hot Dogs",
      "desc": "Hot Dogs"
    },
    "weight": "1 lb",
    "UpcCode": "",
    "tax": 0.0,
    "spiceLevel": "",
    "aiselNo": "1",
    "store": "Market Basket",
    "weightType": "1 lb",
    "imageName": "No Image.jpg",
    "defaultImage": "No Image.jpg",
    "updatedTimestamp": "Jan 24, 2021 2:00:52 AM",
    "createdTimestamp": "Jan 24, 2021 2:00:52 AM",
    "isNewlyAdded": false,
    "isActive": true,
    "isDealsEnabled": false,
    "quantity": 0
  },
  {
    "id": 4237,
    "code": "Mb Smoked Ham",
    "desc": "Mb Smoked Ham",
    "shortDesc": "Mb Smoked Ham",
    "tags": [
      "Ham"
    ],
    "categories": [
      {
        "code": "Meat \u0026 Seafood",
        "desc": "Meat \u0026 Seafood"
      }
    ],
    "subCategories": [
      {
        "code": "Packaged Meat \u0026 Seafood",
        "desc": "Packaged Meat \u0026 Seafood"
      }
    ],
    "brands": [
      {
        "code": "Market Basket",
        "desc": "Market Basket"
      }
    ],
    "price": {
      "basePrice": 3.39,
      "discountPrice": 3.39
    },
    "type": {
      "code": "Ham",
      "desc": "Ham"
    },
    "weight": "1 lb",
    "UpcCode": "",
    "tax": 0.0,
    "spiceLevel": "",
    "aiselNo": "22",
    "store": "Market Basket",
    "weightType": "1 lb",
    "imageName": "Market Basket.jpg",
    "defaultImage": "Market Basket.jpg",
    "updatedTimestamp": "Jan 24, 2021 2:00:52 AM",
    "createdTimestamp": "Jan 24, 2021 2:00:52 AM",
    "isNewlyAdded": false,
    "isActive": true,
    "isDealsEnabled": false,
    "quantity": 0
  },
  {
    "id": 4376,
    "code": "Thin \u0027n Trim Thinly Sliced Smoked Turkey Breast",
    "desc": "Thin \u0027n Trim Thinly Sliced Smoked Turkey Breast",
    "shortDesc": "Thin \u0027n Trim Thinly Sliced Smoked Turkey Breast",
    "tags": [
      "Turkey Breast"
    ],
    "categories": [
      {
        "code": "Meat \u0026 Seafood",
        "desc": "Meat \u0026 Seafood"
      }
    ],
    "subCategories": [
      {
        "code": "Meat \u0026 Seafood Counter",
        "desc": "Meat \u0026 Seafood Counter"
      }
    ],
    "brands": [
      {
        "code": "Thin \u0027n Trim",
        "desc": "Thin \u0027n Trim"
      }
    ],
    "price": {
      "basePrice": 4.39,
      "discountPrice": 4.39
    },
    "type": {
      "code": "Turkey Breast",
      "desc": "Turkey Breast"
    },
    "weight": "1 lb",
    "UpcCode": "",
    "tax": 0.0,
    "spiceLevel": "",
    "aiselNo": "22",
    "store": "Market Basket",
    "weightType": "1 lb",
    "imageName": "No Image.jpg",
    "defaultImage": "No Image.jpg",
    "updatedTimestamp": "Jan 24, 2021 2:00:52 AM",
    "createdTimestamp": "Jan 24, 2021 2:00:52 AM",
    "isNewlyAdded": false,
    "isActive": true,
    "isDealsEnabled": false,
    "quantity": 0
  },
  {
    "id": 4207,
    "code": "Perdue Carved Chicken BreastHoney Roasted",
    "desc": "Perdue Carved Chicken BreastHoney Roasted",
    "shortDesc": "Perdue Carved Chicken BreastHoney Roasted",
    "tags": [
      "Chicken Breast"
    ],
    "categories": [
      {
        "code": "Meat \u0026 Seafood",
        "desc": "Meat \u0026 Seafood"
      }
    ],
    "subCategories": [
      {
        "code": "Packaged Meat \u0026 Seafood",
        "desc": "Packaged Meat \u0026 Seafood"
      }
    ],
    "brands": [
      {
        "code": "Perdue",
        "desc": "Perdue"
      }
    ],
    "price": {
      "basePrice": 4.89,
      "discountPrice": 4.89
    },
    "type": {
      "code": "Chicken Breast",
      "desc": "Chicken Breast"
    },
    "weight": "0.56 lb",
    "UpcCode": "",
    "tax": 0.0,
    "spiceLevel": "",
    "aiselNo": "22",
    "store": "Market Basket",
    "weightType": "0.56 lb",
    "imageName": "4111.jpg",
    "defaultImage": "4111.jpg",
    "updatedTimestamp": "Jan 24, 2021 2:00:52 AM",
    "createdTimestamp": "Jan 24, 2021 2:00:52 AM",
    "isNewlyAdded": false,
    "isActive": true,
    "isDealsEnabled": false,
    "quantity": 0
  },
  {
    "id": 4349,
    "code": "41 to 50 Count Previously Frozen Cooked Shrimp",
    "desc": "41 to 50 Count Previously Frozen Cooked Shrimp",
    "shortDesc": "41 to 50 Count Previously Frozen Cooked Shrimp",
    "tags": [
      "Shrimp"
    ],
    "categories": [
      {
        "code": "Meat \u0026 Seafood",
        "desc": "Meat \u0026 Seafood"
      }
    ],
    "subCategories": [
      {
        "code": "Meat \u0026 Seafood Counter",
        "desc": "Meat \u0026 Seafood Counter"
      }
    ],
    "brands": [
      {
        "code": "Market Basket",
        "desc": "Market Basket"
      }
    ],
    "price": {
      "basePrice": 10.99,
      "discountPrice": 10.99
    },
    "type": {
      "code": "Shrimp",
      "desc": "Shrimp"
    },
    "weight": "1 lb",
    "UpcCode": "",
    "tax": 0.0,
    "spiceLevel": "",
    "aiselNo": "22",
    "store": "Market Basket",
    "weightType": "1 lb",
    "imageName": "Market Basket.jpg",
    "defaultImage": "Market Basket.jpg",
    "updatedTimestamp": "Jan 24, 2021 2:00:52 AM",
    "createdTimestamp": "Jan 24, 2021 2:00:52 AM",
    "isNewlyAdded": false,
    "isActive": true,
    "isDealsEnabled": false,
    "quantity": 0
  },
  {
    "id": 4241,
    "code": "Smithfield Ham",
    "desc": "Smithfield Ham",
    "shortDesc": "Smithfield Ham",
    "tags": [
      "Ham"
    ],
    "categories": [
      {
        "code": "Meat \u0026 Seafood",
        "desc": "Meat \u0026 Seafood"
      }
    ],
    "subCategories": [
      {
        "code": "Packaged Meat \u0026 Seafood",
        "desc": "Packaged Meat \u0026 Seafood"
      }
    ],
    "brands": [
      {
        "code": "Smithfield",
        "desc": "Smithfield"
      }
    ],
    "price": {
      "basePrice": 2.89,
      "discountPrice": 2.89
    },
    "type": {
      "code": "Ham",
      "desc": "Ham"
    },
    "weight": "8 oz",
    "UpcCode": "",
    "tax": 0.0,
    "spiceLevel": "",
    "aiselNo": "22",
    "store": "Market Basket",
    "weightType": "8 oz",
    "imageName": "4076.jpg",
    "defaultImage": "4076.jpg",
    "updatedTimestamp": "Jan 24, 2021 2:00:52 AM",
    "createdTimestamp": "Jan 24, 2021 2:00:52 AM",
    "isNewlyAdded": false,
    "isActive": true,
    "isDealsEnabled": false,
    "quantity": 0
  },
  {
    "id": 33746,
    "code": "Oscar Maer Honey Ham",
    "desc": "Oscar Maer Honey Ham",
    "shortDesc": "Oscar Maer Honey Ham",
    "tags": [
      "Ham"
    ],
    "categories": [
      {
        "code": "Meat \u0026 Seafood",
        "desc": "Meat \u0026 Seafood"
      }
    ],
    "subCategories": [
      {
        "code": "Packaged Meat \u0026 Seafood",
        "desc": "Packaged Meat \u0026 Seafood"
      }
    ],
    "brands": [
      {
        "code": "Oscar Mayer",
        "desc": "Oscar Mayer"
      }
    ],
    "price": {
      "basePrice": 6.24,
      "discountPrice": 6.24
    },
    "type": {
      "code": "Ham",
      "desc": "Ham"
    },
    "weight": "16 oz",
    "UpcCode": "",
    "tax": 0.0,
    "spiceLevel": "",
    "aiselNo": "1",
    "store": "Market Basket",
    "weightType": "16 oz",
    "imageName": "X4498.jpg",
    "defaultImage": "X4498.jpg",
    "updatedTimestamp": "Jan 24, 2021 2:00:53 AM",
    "createdTimestamp": "Jan 24, 2021 2:00:53 AM",
    "isNewlyAdded": false,
    "isActive": true,
    "isDealsEnabled": false,
    "quantity": 0
  },
  {
    "id": 4122,
    "code": "Market Basket Boneless Skinless Chicken Breasts with Rib Meat",
    "desc": "Market Basket Boneless Skinless Chicken Breasts with Rib Meat",
    "shortDesc": "Market Basket Boneless Skinless Chicken Breasts with Rib Meat",
    "tags": [
      "Chicken Breast"
    ],
    "categories": [
      {
        "code": "Meat \u0026 Seafood",
        "desc": "Meat \u0026 Seafood"
      }
    ],
    "subCategories": [
      {
        "code": "Meat \u0026 Seafood Counter",
        "desc": "Meat \u0026 Seafood Counter"
      }
    ],
    "brands": [
      {
        "code": "Market Basket",
        "desc": "Market Basket"
      }
    ],
    "price": {
      "basePrice": 6.24,
      "discountPrice": 6.24
    },
    "type": {
      "code": "Chicken Breast",
      "desc": "Chicken Breast"
    },
    "weight": "Approx: 1.50 lb",
    "UpcCode": "",
    "tax": 0.0,
    "spiceLevel": "",
    "aiselNo": "22",
    "store": "Market Basket",
    "weightType": "Approx: 1.50 lb",
    "imageName": "4054.jpg",
    "defaultImage": "4054.jpg",
    "updatedTimestamp": "Jan 24, 2021 2:00:52 AM",
    "createdTimestamp": "Jan 24, 2021 2:00:52 AM",
    "isNewlyAdded": false,
    "isActive": true,
    "isDealsEnabled": false,
    "quantity": 0
  },
  {
    "id": 4051,
    "code": "Certified Angus Beef Sirloin Tip Steaks USDA Choice",
    "desc": "Certified Angus Beef Sirloin Tip Steaks USDA Choice",
    "shortDesc": "Certified Angus Beef Sirloin Tip Steaks USDA Choice",
    "tags": [
      "Beef"
    ],
    "categories": [
      {
        "code": "Meat \u0026 Seafood",
        "desc": "Meat \u0026 Seafood"
      }
    ],
    "subCategories": [
      {
        "code": "Meat \u0026 Seafood Counter",
        "desc": "Meat \u0026 Seafood Counter"
      }
    ],
    "brands": [
      {
        "code": "Certified Angus Beef",
        "desc": "Certified Angus Beef"
      }
    ],
    "price": {
      "basePrice": 14.98,
      "discountPrice": 14.98
    },
    "type": {
      "code": "Beef",
      "desc": "Beef"
    },
    "weight": "1 lb",
    "UpcCode": "",
    "tax": 0.0,
    "spiceLevel": "",
    "aiselNo": "22",
    "store": "Market Basket",
    "weightType": "1 lb",
    "imageName": "No Image.jpg",
    "defaultImage": "No Image.jpg",
    "updatedTimestamp": "Jan 24, 2021 2:00:52 AM",
    "createdTimestamp": "Jan 24, 2021 2:00:52 AM",
    "isNewlyAdded": false,
    "isActive": true,
    "isDealsEnabled": false,
    "quantity": 0
  },
  {
    "id": 4384,
    "code": "Farmland Bacon",
    "desc": "Farmland Bacon",
    "shortDesc": "Farmland Bacon",
    "tags": [
      "Bacon"
    ],
    "categories": [
      {
        "code": "Meat \u0026 Seafood",
        "desc": "Meat \u0026 Seafood"
      }
    ],
    "subCategories": [
      {
        "code": "Hot Dogs, Bacon \u0026 Sausage",
        "desc": "Hot Dogs, Bacon \u0026 Sausage"
      }
    ],
    "brands": [
      {
        "code": "Farmland",
        "desc": "Farmland"
      }
    ],
    "price": {
      "basePrice": 4.69,
      "discountPrice": 4.69
    },
    "type": {
      "code": "Bacon",
      "desc": "Bacon"
    },
    "weight": "16 oz",
    "UpcCode": "",
    "tax": 0.0,
    "spiceLevel": "",
    "aiselNo": "1",
    "store": "Market Basket",
    "weightType": "16 oz",
    "imageName": "18048.jpg",
    "defaultImage": "18048.jpg",
    "updatedTimestamp": "Jan 24, 2021 2:00:52 AM",
    "createdTimestamp": "Jan 24, 2021 2:00:52 AM",
    "isNewlyAdded": false,
    "isActive": true,
    "isDealsEnabled": false,
    "quantity": 0
  },
  {
    "id": 4280,
    "code": "Butterball Ground Turkey 93% Lean",
    "desc": "Butterball Ground Turkey 93% Lean",
    "shortDesc": "Butterball Ground Turkey 93% Lean",
    "tags": [
      "Turkey"
    ],
    "categories": [
      {
        "code": "Meat \u0026 Seafood",
        "desc": "Meat \u0026 Seafood"
      }
    ],
    "subCategories": [
      {
        "code": "Packaged Meat \u0026 Seafood",
        "desc": "Packaged Meat \u0026 Seafood"
      }
    ],
    "brands": [
      {
        "code": "Butterball",
        "desc": "Butterball"
      }
    ],
    "price": {
      "basePrice": 4.99,
      "discountPrice": 4.99
    },
    "type": {
      "code": "Turkey",
      "desc": "Turkey"
    },
    "weight": "16 oz",
    "UpcCode": "",
    "tax": 0.0,
    "spiceLevel": "",
    "aiselNo": "22",
    "store": "Market Basket",
    "weightType": "16 oz",
    "imageName": "4117.jpg",
    "defaultImage": "4117.jpg",
    "updatedTimestamp": "Jan 24, 2021 2:00:52 AM",
    "createdTimestamp": "Jan 24, 2021 2:00:52 AM",
    "isNewlyAdded": false,
    "isActive": true,
    "isDealsEnabled": false,
    "quantity": 0
  },
  {
    "id": 4180,
    "code": "Great Range Buffalo Premium Ground Bison",
    "desc": "Great Range Buffalo Premium Ground Bison",
    "shortDesc": "Great Range Buffalo Premium Ground Bison",
    "tags": [
      "Bison"
    ],
    "categories": [
      {
        "code": "Meat \u0026 Seafood",
        "desc": "Meat \u0026 Seafood"
      }
    ],
    "subCategories": [
      {
        "code": "Packaged Meat \u0026 Seafood",
        "desc": "Packaged Meat \u0026 Seafood"
      }
    ],
    "brands": [
      {
        "code": "Great Range Buffalo",
        "desc": "Great Range Buffalo"
      }
    ],
    "price": {
      "basePrice": 10.99,
      "discountPrice": 10.99
    },
    "type": {
      "code": "Bison",
      "desc": "Bison"
    },
    "weight": "16 oz",
    "UpcCode": "",
    "tax": 0.0,
    "spiceLevel": "",
    "aiselNo": "22",
    "store": "Market Basket",
    "weightType": "16 oz",
    "imageName": "4087.jpg",
    "defaultImage": "4087.jpg",
    "updatedTimestamp": "Jan 24, 2021 2:00:52 AM",
    "createdTimestamp": "Jan 24, 2021 2:00:52 AM",
    "isNewlyAdded": false,
    "isActive": true,
    "isDealsEnabled": false,
    "quantity": 0
  },
  {
    "id": 4225,
    "code": "Cristobal Brand Choice Boned Salted Codfish",
    "desc": "Cristobal Brand Choice Boned Salted Codfish",
    "shortDesc": "Cristobal Brand Choice Boned Salted Codfish",
    "tags": [
      "Codfish"
    ],
    "categories": [
      {
        "code": "Meat \u0026 Seafood",
        "desc": "Meat \u0026 Seafood"
      }
    ],
    "subCategories": [
      {
        "code": "Packaged Meat \u0026 Seafood",
        "desc": "Packaged Meat \u0026 Seafood"
      }
    ],
    "brands": [
      {
        "code": "Cristobal",
        "desc": "Cristobal"
      }
    ],
    "price": {
      "basePrice": 10.99,
      "discountPrice": 10.99
    },
    "type": {
      "code": "Codfish",
      "desc": "Codfish"
    },
    "weight": "16 oz",
    "UpcCode": "",
    "tax": 0.0,
    "spiceLevel": "",
    "aiselNo": "22",
    "store": "Market Basket",
    "weightType": "16 oz",
    "imageName": "4135.jpg",
    "defaultImage": "4135.jpg",
    "updatedTimestamp": "Jan 24, 2021 2:00:52 AM",
    "createdTimestamp": "Jan 24, 2021 2:00:52 AM",
    "isNewlyAdded": false,
    "isActive": true,
    "isDealsEnabled": false,
    "quantity": 0
  },
  {
    "id": 4351,
    "code": "Market Basket Previously Frozen 26/30 Count Shell On Shrimp",
    "desc": "Market Basket Previously Frozen 26/30 Count Shell On Shrimp",
    "shortDesc": "Market Basket Previously Frozen 26/30 Count Shell On Shrimp",
    "tags": [
      "Shrimp"
    ],
    "categories": [
      {
        "code": "Meat \u0026 Seafood",
        "desc": "Meat \u0026 Seafood"
      }
    ],
    "subCategories": [
      {
        "code": "Meat \u0026 Seafood Counter",
        "desc": "Meat \u0026 Seafood Counter"
      }
    ],
    "brands": [
      {
        "code": "Market Basket",
        "desc": "Market Basket"
      }
    ],
    "price": {
      "basePrice": 9.79,
      "discountPrice": 9.79
    },
    "type": {
      "code": "Shrimp",
      "desc": "Shrimp"
    },
    "weight": "Approx: 1.00 lb at $9.79/lb",
    "UpcCode": "",
    "tax": 0.0,
    "spiceLevel": "",
    "aiselNo": "22",
    "store": "Market Basket",
    "weightType": "Approx: 1.00 lb at $9.79/lb",
    "imageName": "4066.jpg",
    "defaultImage": "4066.jpg",
    "updatedTimestamp": "Jan 24, 2021 2:00:52 AM",
    "createdTimestamp": "Jan 24, 2021 2:00:52 AM",
    "isNewlyAdded": false,
    "isActive": true,
    "isDealsEnabled": false,
    "quantity": 0
  },
  {
    "id": 31961,
    "code": "Jones Dairy Farm Sliced Barunschweiger Liverwurst ",
    "desc": "Jones Dairy Farm Sliced Barunschweiger Liverwurst ",
    "shortDesc": "Jones Dairy Farm Sliced Barunschweiger Liverwurst ",
    "tags": [
      "Liverwurst"
    ],
    "categories": [
      {
        "code": "Meat \u0026 Seafood",
        "desc": "Meat \u0026 Seafood"
      }
    ],
    "subCategories": [
      {
        "code": "Packaged Meat \u0026 Seafood",
        "desc": "Packaged Meat \u0026 Seafood"
      }
    ],
    "brands": [
      {
        "code": "Jones Dairy Farm",
        "desc": "Jones Dairy Farm"
      }
    ],
    "price": {
      "basePrice": 3.36,
      "discountPrice": 3.36
    },
    "type": {
      "code": "Liverwurst",
      "desc": "Liverwurst"
    },
    "weight": "8 oz",
    "UpcCode": "",
    "tax": 0.0,
    "spiceLevel": "",
    "aiselNo": "1",
    "store": "Market Basket",
    "weightType": "8 oz",
    "imageName": "X4513.jpg",
    "defaultImage": "X4513.jpg",
    "updatedTimestamp": "Jan 24, 2021 2:00:53 AM",
    "createdTimestamp": "Jan 24, 2021 2:00:53 AM",
    "isNewlyAdded": false,
    "isActive": true,
    "isDealsEnabled": false,
    "quantity": 0
  },
  {
    "id": 4571,
    "code": "Columbus Calabrese Salami",
    "desc": "Columbus Calabrese Salami",
    "shortDesc": "Columbus Calabrese Salami",
    "tags": [
      "Salami"
    ],
    "categories": [
      {
        "code": "Meat \u0026 Seafood",
        "desc": "Meat \u0026 Seafood"
      }
    ],
    "subCategories": [
      {
        "code": "Lunch Meat",
        "desc": "Lunch Meat"
      }
    ],
    "brands": [
      {
        "code": "Columbus",
        "desc": "Columbus"
      }
    ],
    "price": {
      "basePrice": 4.39,
      "discountPrice": 4.39
    },
    "type": {
      "code": "Salami",
      "desc": "Salami"
    },
    "weight": "5 oz",
    "UpcCode": "",
    "tax": 0.0,
    "spiceLevel": "",
    "aiselNo": "22",
    "store": "Market Basket",
    "weightType": "5 oz",
    "imageName": "5420.jpg",
    "defaultImage": "5420.jpg",
    "updatedTimestamp": "Jan 24, 2021 2:00:52 AM",
    "createdTimestamp": "Jan 24, 2021 2:00:52 AM",
    "isNewlyAdded": false,
    "isActive": true,
    "isDealsEnabled": false,
    "quantity": 0
  },
  {
    "id": 4050,
    "code": "Certified Angus Beef First Cut Top Steak",
    "desc": "Certified Angus Beef First Cut Top Steak",
    "shortDesc": "Certified Angus Beef First Cut Top Steak",
    "tags": [
      "Beef"
    ],
    "categories": [
      {
        "code": "Meat \u0026 Seafood",
        "desc": "Meat \u0026 Seafood"
      }
    ],
    "subCategories": [
      {
        "code": "Meat \u0026 Seafood Counter",
        "desc": "Meat \u0026 Seafood Counter"
      }
    ],
    "brands": [
      {
        "code": "Certified Angus Beef",
        "desc": "Certified Angus Beef"
      }
    ],
    "price": {
      "basePrice": 4.89,
      "discountPrice": 4.89
    },
    "type": {
      "code": "Beef",
      "desc": "Beef"
    },
    "weight": "1 lb",
    "UpcCode": "",
    "tax": 0.0,
    "spiceLevel": "",
    "aiselNo": "22",
    "store": "Market Basket",
    "weightType": "1 lb",
    "imageName": "No Image.jpg",
    "defaultImage": "No Image.jpg",
    "updatedTimestamp": "Jan 24, 2021 2:00:52 AM",
    "createdTimestamp": "Jan 24, 2021 2:00:52 AM",
    "isNewlyAdded": false,
    "isActive": true,
    "isDealsEnabled": false,
    "quantity": 0
  },
  {
    "id": 4054,
    "code": "93% Lean 7% Fat Extra Lean Beef Patties",
    "desc": "93% Lean 7% Fat Extra Lean Beef Patties",
    "shortDesc": "93% Lean 7% Fat Extra Lean Beef Patties",
    "tags": [
      "Beef"
    ],
    "categories": [
      {
        "code": "Meat \u0026 Seafood",
        "desc": "Meat \u0026 Seafood"
      }
    ],
    "subCategories": [
      {
        "code": "Meat \u0026 Seafood Counter",
        "desc": "Meat \u0026 Seafood Counter"
      }
    ],
    "brands": [
      {
        "code": "Extra",
        "desc": "Extra"
      }
    ],
    "price": {
      "basePrice": 6.39,
      "discountPrice": 6.39
    },
    "type": {
      "code": "Beef",
      "desc": "Beef"
    },
    "weight": "1 lb",
    "UpcCode": "",
    "tax": 0.0,
    "spiceLevel": "",
    "aiselNo": "22",
    "store": "Market Basket",
    "weightType": "1 lb",
    "imageName": "No Image.jpg",
    "defaultImage": "No Image.jpg",
    "updatedTimestamp": "Jan 24, 2021 2:00:52 AM",
    "createdTimestamp": "Jan 24, 2021 2:00:52 AM",
    "isNewlyAdded": false,
    "isActive": true,
    "isDealsEnabled": false,
    "quantity": 0
  },
  {
    "id": 4741,
    "code": "Perdue Sweet Chili Glazed Chicken Chunks",
    "desc": "Perdue Sweet Chili Glazed Chicken Chunks",
    "shortDesc": "Perdue Sweet Chili Glazed Chicken Chunks",
    "tags": [
      "Chicken Products"
    ],
    "categories": [
      {
        "code": "Meat \u0026 Seafood",
        "desc": "Meat \u0026 Seafood"
      }
    ],
    "subCategories": [
      {
        "code": "Frozen Meat \u0026 Seafood",
        "desc": "Frozen Meat \u0026 Seafood"
      }
    ],
    "brands": [
      {
        "code": "Perdue",
        "desc": "Perdue"
      }
    ],
    "price": {
      "basePrice": 6.09,
      "discountPrice": 6.09
    },
    "type": {
      "code": "Chicken Products",
      "desc": "Chicken Products"
    },
    "weight": "26 lb",
    "UpcCode": "",
    "tax": 0.0,
    "spiceLevel": "",
    "aiselNo": "22",
    "store": "Market Basket",
    "weightType": "26 lb",
    "imageName": "2893.jpg",
    "defaultImage": "2893.jpg",
    "updatedTimestamp": "Jan 24, 2021 2:00:52 AM",
    "createdTimestamp": "Jan 24, 2021 2:00:52 AM",
    "isNewlyAdded": false,
    "isActive": true,
    "isDealsEnabled": false,
    "quantity": 0
  },
  {
    "id": 31809,
    "code": "Hormel Black Lable Original Bacon",
    "desc": "Hormel Black Lable Original Bacon",
    "shortDesc": "Hormel Black Lable Original Bacon",
    "tags": [
      "Bacon"
    ],
    "categories": [
      {
        "code": "Meat \u0026 Seafood",
        "desc": "Meat \u0026 Seafood"
      }
    ],
    "subCategories": [
      {
        "code": "Packaged Meat \u0026 Seafood",
        "desc": "Packaged Meat \u0026 Seafood"
      }
    ],
    "brands": [],
    "price": {
      "basePrice": 6.23,
      "discountPrice": 6.23
    },
    "type": {
      "code": "Bacon",
      "desc": "Bacon"
    },
    "weight": "16 oz",
    "UpcCode": "",
    "tax": 0.0,
    "spiceLevel": "",
    "aiselNo": "1",
    "store": "Market Basket",
    "weightType": "16 oz",
    "imageName": "X4452.jpg",
    "defaultImage": "X4452.jpg",
    "updatedTimestamp": "Jan 24, 2021 2:00:53 AM",
    "createdTimestamp": "Jan 24, 2021 2:00:53 AM",
    "isNewlyAdded": false,
    "isActive": true,
    "isDealsEnabled": false,
    "quantity": 0
  },
  {
    "id": 4723,
    "code": "Market Basket Beef Shaved Steak",
    "desc": "Market Basket Beef Shaved Steak",
    "shortDesc": "Market Basket Beef Shaved Steak",
    "tags": [
      "Beef"
    ],
    "categories": [
      {
        "code": "Meat \u0026 Seafood",
        "desc": "Meat \u0026 Seafood"
      }
    ],
    "subCategories": [
      {
        "code": "Frozen Meat \u0026 Seafood",
        "desc": "Frozen Meat \u0026 Seafood"
      }
    ],
    "brands": [
      {
        "code": "Market Basket",
        "desc": "Market Basket"
      }
    ],
    "price": {
      "basePrice": 6.31,
      "discountPrice": 6.31
    },
    "type": {
      "code": "Beef",
      "desc": "Beef"
    },
    "weight": "Approx: 1.09 lb at $5.79/lb",
    "UpcCode": "",
    "tax": 0.0,
    "spiceLevel": "",
    "aiselNo": "22",
    "store": "Market Basket",
    "weightType": "Approx: 1.09 lb at $5.79/lb",
    "imageName": "Market Basket.jpg",
    "defaultImage": "Market Basket.jpg",
    "updatedTimestamp": "Jan 24, 2021 2:00:52 AM",
    "createdTimestamp": "Jan 24, 2021 2:00:52 AM",
    "isNewlyAdded": false,
    "isActive": true,
    "isDealsEnabled": false,
    "quantity": 0
  },
  {
    "id": 4125,
    "code": "Perdue Chicken Breast",
    "desc": "Perdue Chicken Breast",
    "shortDesc": "Perdue Chicken Breast",
    "tags": [
      "Chicken Breast"
    ],
    "categories": [
      {
        "code": "Meat \u0026 Seafood",
        "desc": "Meat \u0026 Seafood"
      }
    ],
    "subCategories": [
      {
        "code": "Meat \u0026 Seafood Counter",
        "desc": "Meat \u0026 Seafood Counter"
      }
    ],
    "brands": [
      {
        "code": "Perdue",
        "desc": "Perdue"
      }
    ],
    "price": {
      "basePrice": 4.89,
      "discountPrice": 4.89
    },
    "type": {
      "code": "Chicken Breast",
      "desc": "Chicken Breast"
    },
    "weight": "1 lb",
    "UpcCode": "",
    "tax": 0.0,
    "spiceLevel": "",
    "aiselNo": "22",
    "store": "Market Basket",
    "weightType": "1 lb",
    "imageName": "No Image.jpg",
    "defaultImage": "No Image.jpg",
    "updatedTimestamp": "Jan 24, 2021 2:00:52 AM",
    "createdTimestamp": "Jan 24, 2021 2:00:52 AM",
    "isNewlyAdded": false,
    "isActive": true,
    "isDealsEnabled": false,
    "quantity": 0
  },
  {
    "id": 34039,
    "code": "Plant Made Jackfruit Enchilada",
    "desc": "Plant Made Jackfruit Enchilada",
    "shortDesc": "Plant Made Jackfruit Enchilada",
    "tags": [
      "Burger"
    ],
    "categories": [
      {
        "code": "Meat \u0026 Seafood",
        "desc": "Meat \u0026 Seafood"
      }
    ],
    "subCategories": [
      {
        "code": "Packaged Meat \u0026 Seafood",
        "desc": "Packaged Meat \u0026 Seafood"
      }
    ],
    "brands": [],
    "price": {
      "basePrice": 4.36,
      "discountPrice": 4.36
    },
    "type": {
      "code": "Burger",
      "desc": "Burger"
    },
    "weight": "11 oz",
    "UpcCode": "",
    "tax": 0.0,
    "spiceLevel": "",
    "aiselNo": "1",
    "store": "Market Basket",
    "weightType": "11 oz",
    "imageName": "X4729.jpg",
    "defaultImage": "X4729.jpg",
    "updatedTimestamp": "Jan 24, 2021 2:00:53 AM",
    "createdTimestamp": "Jan 24, 2021 2:00:53 AM",
    "isNewlyAdded": false,
    "isActive": true,
    "isDealsEnabled": false,
    "quantity": 0
  },
  {
    "id": 4312,
    "code": "Market Basket Center Cut Pork Chops",
    "desc": "Market Basket Center Cut Pork Chops",
    "shortDesc": "Market Basket Center Cut Pork Chops",
    "tags": [
      "Pork"
    ],
    "categories": [
      {
        "code": "Meat \u0026 Seafood",
        "desc": "Meat \u0026 Seafood"
      }
    ],
    "subCategories": [
      {
        "code": "Meat \u0026 Seafood Counter",
        "desc": "Meat \u0026 Seafood Counter"
      }
    ],
    "brands": [
      {
        "code": "Market Basket",
        "desc": "Market Basket"
      }
    ],
    "price": {
      "basePrice": 4.19,
      "discountPrice": 4.19
    },
    "type": {
      "code": "Pork",
      "desc": "Pork"
    },
    "weight": "Approx: 1.50 lb at $2.79/lb",
    "UpcCode": "",
    "tax": 0.0,
    "spiceLevel": "",
    "aiselNo": "22",
    "store": "Market Basket",
    "weightType": "Approx: 1.50 lb at $2.79/lb",
    "imageName": "4038.jpg",
    "defaultImage": "4038.jpg",
    "updatedTimestamp": "Jan 24, 2021 2:00:52 AM",
    "createdTimestamp": "Jan 24, 2021 2:00:52 AM",
    "isNewlyAdded": false,
    "isActive": true,
    "isDealsEnabled": false,
    "quantity": 0
  },
  {
    "id": 4795,
    "code": "Market Basket Salmon Fillets",
    "desc": "Market Basket Salmon Fillets",
    "shortDesc": "Market Basket Salmon Fillets",
    "tags": [
      "Frozen Fish (All)"
    ],
    "categories": [
      {
        "code": "Meat \u0026 Seafood",
        "desc": "Meat \u0026 Seafood"
      }
    ],
    "subCategories": [
      {
        "code": "Frozen Meat \u0026 Seafood",
        "desc": "Frozen Meat \u0026 Seafood"
      }
    ],
    "brands": [
      {
        "code": "Market Basket",
        "desc": "Market Basket"
      }
    ],
    "price": {
      "basePrice": 8.59,
      "discountPrice": 8.59
    },
    "type": {
      "code": "Frozen Fish (All)",
      "desc": "Frozen Fish (All)"
    },
    "weight": "16 oz",
    "UpcCode": "",
    "tax": 0.0,
    "spiceLevel": "",
    "aiselNo": "22",
    "store": "Market Basket",
    "weightType": "16 oz",
    "imageName": "Market Basket.jpg",
    "defaultImage": "Market Basket.jpg",
    "updatedTimestamp": "Jan 24, 2021 2:00:52 AM",
    "createdTimestamp": "Jan 24, 2021 2:00:52 AM",
    "isNewlyAdded": false,
    "isActive": true,
    "isDealsEnabled": false,
    "quantity": 0
  },
  {
    "id": 4359,
    "code": "Market Basket First Round Top Cut Steak",
    "desc": "Market Basket First Round Top Cut Steak",
    "shortDesc": "Market Basket First Round Top Cut Steak",
    "tags": [
      "Steak"
    ],
    "categories": [
      {
        "code": "Meat \u0026 Seafood",
        "desc": "Meat \u0026 Seafood"
      }
    ],
    "subCategories": [
      {
        "code": "Meat \u0026 Seafood Counter",
        "desc": "Meat \u0026 Seafood Counter"
      }
    ],
    "brands": [
      {
        "code": "Market Basket",
        "desc": "Market Basket"
      }
    ],
    "price": {
      "basePrice": 6.74,
      "discountPrice": 6.74
    },
    "type": {
      "code": "Steak",
      "desc": "Steak"
    },
    "weight": "Approx: 0.83 lb at $8.09/lb",
    "UpcCode": "",
    "tax": 0.0,
    "spiceLevel": "",
    "aiselNo": "22",
    "store": "Market Basket",
    "weightType": "Approx: 0.83 lb at $8.09/lb",
    "imageName": "Market Basket.jpg",
    "defaultImage": "Market Basket.jpg",
    "updatedTimestamp": "Jan 24, 2021 2:00:52 AM",
    "createdTimestamp": "Jan 24, 2021 2:00:52 AM",
    "isNewlyAdded": false,
    "isActive": true,
    "isDealsEnabled": false,
    "quantity": 0
  },
  {
    "id": 4231,
    "code": "Fiorucci Panino Antipasti Prosciutto",
    "desc": "Fiorucci Panino Antipasti Prosciutto",
    "shortDesc": "Fiorucci Panino Antipasti Prosciutto",
    "tags": [
      "Ham"
    ],
    "categories": [
      {
        "code": "Meat \u0026 Seafood",
        "desc": "Meat \u0026 Seafood"
      }
    ],
    "subCategories": [
      {
        "code": "Packaged Meat \u0026 Seafood",
        "desc": "Packaged Meat \u0026 Seafood"
      }
    ],
    "brands": [
      {
        "code": "Fiorucci",
        "desc": "Fiorucci"
      }
    ],
    "price": {
      "basePrice": 6.09,
      "discountPrice": 6.09
    },
    "type": {
      "code": "Ham",
      "desc": "Ham"
    },
    "weight": "5 oz",
    "UpcCode": "",
    "tax": 0.0,
    "spiceLevel": "",
    "aiselNo": "22",
    "store": "Market Basket",
    "weightType": "5 oz",
    "imageName": "18046.jpg",
    "defaultImage": "18046.jpg",
    "updatedTimestamp": "Jan 24, 2021 2:00:52 AM",
    "createdTimestamp": "Jan 24, 2021 2:00:52 AM",
    "isNewlyAdded": false,
    "isActive": true,
    "isDealsEnabled": false,
    "quantity": 0
  },
  {
    "id": 33699,
    "code": "Old Neighborhood Hot Italian Sausage ",
    "desc": "Old Neighborhood Hot Italian Sausage ",
    "shortDesc": "Old Neighborhood Hot Italian Sausage ",
    "tags": [
      "Sausage"
    ],
    "categories": [
      {
        "code": "Meat \u0026 Seafood",
        "desc": "Meat \u0026 Seafood"
      }
    ],
    "subCategories": [
      {
        "code": "Packaged Meat \u0026 Seafood",
        "desc": "Packaged Meat \u0026 Seafood"
      }
    ],
    "brands": [
      {
        "code": "Old Neighborhood",
        "desc": "Old Neighborhood"
      }
    ],
    "price": {
      "basePrice": 4.74,
      "discountPrice": 4.74
    },
    "type": {
      "code": "Sausage",
      "desc": "Sausage"
    },
    "weight": "12 oz",
    "UpcCode": "",
    "tax": 0.0,
    "spiceLevel": "",
    "aiselNo": "1",
    "store": "Market Basket",
    "weightType": "12 oz",
    "imageName": "X4651.jpg",
    "defaultImage": "X4651.jpg",
    "updatedTimestamp": "Jan 24, 2021 2:00:53 AM",
    "createdTimestamp": "Jan 24, 2021 2:00:53 AM",
    "isNewlyAdded": false,
    "isActive": true,
    "isDealsEnabled": false,
    "quantity": 0
  },
  {
    "id": 4716,
    "code": "Harvestland Boneless Chicken Breasts",
    "desc": "Harvestland Boneless Chicken Breasts",
    "shortDesc": "Harvestland Boneless Chicken Breasts",
    "tags": [
      "Chicken Products"
    ],
    "categories": [
      {
        "code": "Meat \u0026 Seafood",
        "desc": "Meat \u0026 Seafood"
      }
    ],
    "subCategories": [
      {
        "code": "Frozen Meat \u0026 Seafood",
        "desc": "Frozen Meat \u0026 Seafood"
      }
    ],
    "brands": [
      {
        "code": "Harvestland",
        "desc": "Harvestland"
      }
    ],
    "price": {
      "basePrice": 12.19,
      "discountPrice": 12.19
    },
    "type": {
      "code": "Chicken Products",
      "desc": "Chicken Products"
    },
    "weight": "2.25 lb",
    "UpcCode": "",
    "tax": 0.0,
    "spiceLevel": "",
    "aiselNo": "22",
    "store": "Market Basket",
    "weightType": "2.25 lb",
    "imageName": "16040.jpg",
    "defaultImage": "16040.jpg",
    "updatedTimestamp": "Jan 24, 2021 2:00:52 AM",
    "createdTimestamp": "Jan 24, 2021 2:00:52 AM",
    "isNewlyAdded": false,
    "isActive": true,
    "isDealsEnabled": false,
    "quantity": 0
  },
  {
    "id": 4353,
    "code": "Wild Caught Shrimp",
    "desc": "Wild Caught Shrimp",
    "shortDesc": "Wild Caught Shrimp",
    "tags": [
      "Shrimp"
    ],
    "categories": [
      {
        "code": "Meat \u0026 Seafood",
        "desc": "Meat \u0026 Seafood"
      }
    ],
    "subCategories": [
      {
        "code": "Meat \u0026 Seafood Counter",
        "desc": "Meat \u0026 Seafood Counter"
      }
    ],
    "brands": [
      {
        "code": "Market Basket",
        "desc": "Market Basket"
      }
    ],
    "price": {
      "basePrice": 14.69,
      "discountPrice": 14.69
    },
    "type": {
      "code": "Shrimp",
      "desc": "Shrimp"
    },
    "weight": "1 lb",
    "UpcCode": "",
    "tax": 0.0,
    "spiceLevel": "",
    "aiselNo": "22",
    "store": "Market Basket",
    "weightType": "1 lb",
    "imageName": "16686.jpg",
    "defaultImage": "16686.jpg",
    "updatedTimestamp": "Jan 24, 2021 2:00:52 AM",
    "createdTimestamp": "Jan 24, 2021 2:00:52 AM",
    "isNewlyAdded": false,
    "isActive": true,
    "isDealsEnabled": false,
    "quantity": 0
  },
  {
    "id": 4784,
    "code": "Market Basket 41 50 Per Pound Cooked Extra Large Shrimp",
    "desc": "Market Basket 41 50 Per Pound Cooked Extra Large Shrimp",
    "shortDesc": "Market Basket 41 50 Per Pound Cooked Extra Large Shrimp",
    "tags": [
      "Frozen Shrimp"
    ],
    "categories": [
      {
        "code": "Meat \u0026 Seafood",
        "desc": "Meat \u0026 Seafood"
      }
    ],
    "subCategories": [
      {
        "code": "Frozen Meat \u0026 Seafood",
        "desc": "Frozen Meat \u0026 Seafood"
      }
    ],
    "brands": [
      {
        "code": "Market Basket",
        "desc": "Market Basket"
      }
    ],
    "price": {
      "basePrice": 24.29,
      "discountPrice": 24.29
    },
    "type": {
      "code": "Frozen Shrimp",
      "desc": "Frozen Shrimp"
    },
    "weight": "32 oz",
    "UpcCode": "",
    "tax": 0.0,
    "spiceLevel": "",
    "aiselNo": "18",
    "store": "Market Basket",
    "weightType": "32 oz",
    "imageName": "Market Basket.jpg",
    "defaultImage": "Market Basket.jpg",
    "updatedTimestamp": "Jan 24, 2021 2:00:52 AM",
    "createdTimestamp": "Jan 24, 2021 2:00:52 AM",
    "isNewlyAdded": false,
    "isActive": true,
    "isDealsEnabled": false,
    "quantity": 0
  },
  {
    "id": 31816,
    "code": "Hormel Natural Choice Applewood Smoked Ham ",
    "desc": "Hormel Natural Choice Applewood Smoked Ham ",
    "shortDesc": "Hormel Natural Choice Applewood Smoked Ham ",
    "tags": [
      "Ham"
    ],
    "categories": [
      {
        "code": "Meat \u0026 Seafood",
        "desc": "Meat \u0026 Seafood"
      }
    ],
    "subCategories": [
      {
        "code": "Packaged Meat \u0026 Seafood",
        "desc": "Packaged Meat \u0026 Seafood"
      }
    ],
    "brands": [],
    "price": {
      "basePrice": 4.99,
      "discountPrice": 4.99
    },
    "type": {
      "code": "Ham",
      "desc": "Ham"
    },
    "weight": "6 oz",
    "UpcCode": "",
    "tax": 0.0,
    "spiceLevel": "",
    "aiselNo": "1",
    "store": "Market Basket",
    "weightType": "6 oz",
    "imageName": "X4507.jpg",
    "defaultImage": "X4507.jpg",
    "updatedTimestamp": "Jan 24, 2021 2:00:53 AM",
    "createdTimestamp": "Jan 24, 2021 2:00:53 AM",
    "isNewlyAdded": false,
    "isActive": true,
    "isDealsEnabled": false,
    "quantity": 0
  },
  {
    "id": 30056,
    "code": "Alfresco Sundried Tomato With Basil And Tomatoes Chicken Sausage ",
    "desc": "Alfresco Sundried Tomato With Basil And Tomatoes Chicken Sausage ",
    "shortDesc": "Alfresco Sundried Tomato With Basil And Tomatoes Chicken Sausage ",
    "tags": [
      "Sausage"
    ],
    "categories": [
      {
        "code": "Meat \u0026 Seafood",
        "desc": "Meat \u0026 Seafood"
      }
    ],
    "subCategories": [
      {
        "code": "Packaged Meat \u0026 Seafood",
        "desc": "Packaged Meat \u0026 Seafood"
      }
    ],
    "brands": [],
    "price": {
      "basePrice": 6.24,
      "discountPrice": 6.24
    },
    "type": {
      "code": "Sausage",
      "desc": "Sausage"
    },
    "weight": "11 oz",
    "UpcCode": "",
    "tax": 0.0,
    "spiceLevel": "",
    "aiselNo": "1",
    "store": "Market Basket",
    "weightType": "11 oz",
    "imageName": "X4633.jpg",
    "defaultImage": "X4633.jpg",
    "updatedTimestamp": "Jan 24, 2021 2:00:53 AM",
    "createdTimestamp": "Jan 24, 2021 2:00:53 AM",
    "isNewlyAdded": false,
    "isActive": true,
    "isDealsEnabled": false,
    "quantity": 0
  },
  {
    "id": 4095,
    "code": "Market Basket Certified Angus Beef Prime Boneless Rib Eye Steak",
    "desc": "Market Basket Certified Angus Beef Prime Boneless Rib Eye Steak",
    "shortDesc": "Market Basket Certified Angus Beef Prime Boneless Rib Eye Steak",
    "tags": [
      "Beef"
    ],
    "categories": [
      {
        "code": "Meat \u0026 Seafood",
        "desc": "Meat \u0026 Seafood"
      }
    ],
    "subCategories": [
      {
        "code": "Packaged Meat \u0026 Seafood",
        "desc": "Packaged Meat \u0026 Seafood"
      }
    ],
    "brands": [
      {
        "code": "Market Basket",
        "desc": "Market Basket"
      }
    ],
    "price": {
      "basePrice": 16.25,
      "discountPrice": 16.25
    },
    "type": {
      "code": "Beef",
      "desc": "Beef"
    },
    "weight": "0.75 lb",
    "UpcCode": "",
    "tax": 0.0,
    "spiceLevel": "",
    "aiselNo": "22",
    "store": "Market Basket",
    "weightType": "0.75 lb",
    "imageName": "Market Basket.jpg",
    "defaultImage": "Market Basket.jpg",
    "updatedTimestamp": "Jan 24, 2021 2:00:52 AM",
    "createdTimestamp": "Jan 24, 2021 2:00:52 AM",
    "isNewlyAdded": false,
    "isActive": true,
    "isDealsEnabled": false,
    "quantity": 0
  },
  {
    "id": 4739,
    "code": "Perdue Honey BBQ Style Boneless Chicken Wyngz",
    "desc": "Perdue Honey BBQ Style Boneless Chicken Wyngz",
    "shortDesc": "Perdue Honey BBQ Style Boneless Chicken Wyngz",
    "tags": [
      "Chicken Products"
    ],
    "categories": [
      {
        "code": "Meat \u0026 Seafood",
        "desc": "Meat \u0026 Seafood"
      }
    ],
    "subCategories": [
      {
        "code": "Frozen Meat \u0026 Seafood",
        "desc": "Frozen Meat \u0026 Seafood"
      }
    ],
    "brands": [
      {
        "code": "Perdue",
        "desc": "Perdue"
      }
    ],
    "price": {
      "basePrice": 7.99,
      "discountPrice": 7.99
    },
    "type": {
      "code": "Chicken Products",
      "desc": "Chicken Products"
    },
    "weight": "1.63 lb",
    "UpcCode": "",
    "tax": 0.0,
    "spiceLevel": "",
    "aiselNo": "22",
    "store": "Market Basket",
    "weightType": "1.63 lb",
    "imageName": "2895.jpg",
    "defaultImage": "2895.jpg",
    "updatedTimestamp": "Jan 24, 2021 2:00:52 AM",
    "createdTimestamp": "Jan 24, 2021 2:00:52 AM",
    "isNewlyAdded": false,
    "isActive": true,
    "isDealsEnabled": false,
    "quantity": 0
  },
  {
    "id": 4057,
    "code": "90% Lean Ground Sirloin",
    "desc": "90% Lean Ground Sirloin",
    "shortDesc": "90% Lean Ground Sirloin",
    "tags": [
      "Beef"
    ],
    "categories": [
      {
        "code": "Meat \u0026 Seafood",
        "desc": "Meat \u0026 Seafood"
      }
    ],
    "subCategories": [
      {
        "code": "Meat \u0026 Seafood Counter",
        "desc": "Meat \u0026 Seafood Counter"
      }
    ],
    "brands": [
      {
        "code": "Market Basket",
        "desc": "Market Basket"
      }
    ],
    "price": {
      "basePrice": 6.49,
      "discountPrice": 6.49
    },
    "type": {
      "code": "Beef",
      "desc": "Beef"
    },
    "weight": "1 lb",
    "UpcCode": "",
    "tax": 0.0,
    "spiceLevel": "",
    "aiselNo": "22",
    "store": "Market Basket",
    "weightType": "1 lb",
    "imageName": "16664.jpg",
    "defaultImage": "16664.jpg",
    "updatedTimestamp": "Jan 24, 2021 2:00:52 AM",
    "createdTimestamp": "Jan 24, 2021 2:00:52 AM",
    "isNewlyAdded": false,
    "isActive": true,
    "isDealsEnabled": false,
    "quantity": 0
  },
  {
    "id": 4052,
    "code": "Certified Angus Beef Thin Boneless Chuck Steak",
    "desc": "Certified Angus Beef Thin Boneless Chuck Steak",
    "shortDesc": "Certified Angus Beef Thin Boneless Chuck Steak",
    "tags": [
      "Beef"
    ],
    "categories": [
      {
        "code": "Meat \u0026 Seafood",
        "desc": "Meat \u0026 Seafood"
      }
    ],
    "subCategories": [
      {
        "code": "Meat \u0026 Seafood Counter",
        "desc": "Meat \u0026 Seafood Counter"
      }
    ],
    "brands": [
      {
        "code": "Certified Angus Beef",
        "desc": "Certified Angus Beef"
      }
    ],
    "price": {
      "basePrice": 6.69,
      "discountPrice": 6.69
    },
    "type": {
      "code": "Beef",
      "desc": "Beef"
    },
    "weight": "1 lb",
    "UpcCode": "",
    "tax": 0.0,
    "spiceLevel": "",
    "aiselNo": "22",
    "store": "Market Basket",
    "weightType": "1 lb",
    "imageName": "No Image.jpg",
    "defaultImage": "No Image.jpg",
    "updatedTimestamp": "Jan 24, 2021 2:00:52 AM",
    "createdTimestamp": "Jan 24, 2021 2:00:52 AM",
    "isNewlyAdded": false,
    "isActive": true,
    "isDealsEnabled": false,
    "quantity": 0
  },
  {
    "id": 4173,
    "code": "Market Basket Certified Angus Beef Prime Boneless Rib Eye Steak",
    "desc": "Market Basket Certified Angus Beef Prime Boneless Rib Eye Steak",
    "shortDesc": "Market Basket Certified Angus Beef Prime Boneless Rib Eye Steak",
    "tags": [
      "Beef"
    ],
    "categories": [
      {
        "code": "Meat \u0026 Seafood",
        "desc": "Meat \u0026 Seafood"
      }
    ],
    "subCategories": [
      {
        "code": "Packaged Meat \u0026 Seafood",
        "desc": "Packaged Meat \u0026 Seafood"
      }
    ],
    "brands": [
      {
        "code": "Market Basket",
        "desc": "Market Basket"
      }
    ],
    "price": {
      "basePrice": 21.49,
      "discountPrice": 21.49
    },
    "type": {
      "code": "Beef",
      "desc": "Beef"
    },
    "weight": "1 lb",
    "UpcCode": "",
    "tax": 0.0,
    "spiceLevel": "",
    "aiselNo": "22",
    "store": "Market Basket",
    "weightType": "1 lb",
    "imageName": "Market Basket.jpg",
    "defaultImage": "Market Basket.jpg",
    "updatedTimestamp": "Jan 24, 2021 2:00:52 AM",
    "createdTimestamp": "Jan 24, 2021 2:00:52 AM",
    "isNewlyAdded": false,
    "isActive": true,
    "isDealsEnabled": false,
    "quantity": 0
  },
  {
    "id": 4610,
    "code": "Thin \u0027n Trim Thinly Sliced Honey Turkey Breast",
    "desc": "Thin \u0027n Trim Thinly Sliced Honey Turkey Breast",
    "shortDesc": "Thin \u0027n Trim Thinly Sliced Honey Turkey Breast",
    "tags": [
      "Turkey"
    ],
    "categories": [
      {
        "code": "Meat \u0026 Seafood",
        "desc": "Meat \u0026 Seafood"
      }
    ],
    "subCategories": [
      {
        "code": "Lunch Meat",
        "desc": "Lunch Meat"
      }
    ],
    "brands": [
      {
        "code": "Thin \u0027n Trim",
        "desc": "Thin \u0027n Trim"
      }
    ],
    "price": {
      "basePrice": 3.69,
      "discountPrice": 3.69
    },
    "type": {
      "code": "Turkey",
      "desc": "Turkey"
    },
    "weight": "8 oz",
    "UpcCode": "",
    "tax": 0.0,
    "spiceLevel": "",
    "aiselNo": "22",
    "store": "Market Basket",
    "weightType": "8 oz",
    "imageName": "No Image.jpg",
    "defaultImage": "No Image.jpg",
    "updatedTimestamp": "Jan 24, 2021 2:00:52 AM",
    "createdTimestamp": "Jan 24, 2021 2:00:52 AM",
    "isNewlyAdded": false,
    "isActive": true,
    "isDealsEnabled": false,
    "quantity": 0
  },
  {
    "id": 30040,
    "code": "Alfresco all natural ROASTED GARLIC \u0026 HERB with oregano,thyme and basil CHICKEN SAUSAGE",
    "desc": "Alfresco all natural ROASTED GARLIC \u0026 HERB with oregano,thyme and basil CHICKEN SAUSAGE",
    "shortDesc": "Alfresco all natural ROASTED GARLIC \u0026 HERB with oregano,thyme and basil CHICKEN SAUSAGE",
    "tags": [
      "Sausage"
    ],
    "categories": [
      {
        "code": "Meat \u0026 Seafood",
        "desc": "Meat \u0026 Seafood"
      }
    ],
    "subCategories": [
      {
        "code": "Hot Dogs, Bacon \u0026 Sausage",
        "desc": "Hot Dogs, Bacon \u0026 Sausage"
      }
    ],
    "brands": [
      {
        "code": "Alfresco",
        "desc": "Alfresco"
      }
    ],
    "price": {
      "basePrice": 4.99,
      "discountPrice": 4.99
    },
    "type": {
      "code": "Sausage",
      "desc": "Sausage"
    },
    "weight": "13 oz",
    "UpcCode": "",
    "tax": 0.0,
    "spiceLevel": "",
    "aiselNo": "1",
    "store": "Market Basket",
    "weightType": "13 oz",
    "imageName": "X18.jpg",
    "defaultImage": "X18.jpg",
    "updatedTimestamp": "Jan 24, 2021 2:00:53 AM",
    "createdTimestamp": "Jan 24, 2021 2:00:53 AM",
    "isNewlyAdded": false,
    "isActive": true,
    "isDealsEnabled": false,
    "quantity": 0
  },
  {
    "id": 4127,
    "code": "Perdue Thin Sliced Skinless Chicken Breast",
    "desc": "Perdue Thin Sliced Skinless Chicken Breast",
    "shortDesc": "Perdue Thin Sliced Skinless Chicken Breast",
    "tags": [
      "Chicken Breast"
    ],
    "categories": [
      {
        "code": "Meat \u0026 Seafood",
        "desc": "Meat \u0026 Seafood"
      }
    ],
    "subCategories": [
      {
        "code": "Meat \u0026 Seafood Counter",
        "desc": "Meat \u0026 Seafood Counter"
      }
    ],
    "brands": [
      {
        "code": "Perdue",
        "desc": "Perdue"
      }
    ],
    "price": {
      "basePrice": 4.89,
      "discountPrice": 4.89
    },
    "type": {
      "code": "Chicken Breast",
      "desc": "Chicken Breast"
    },
    "weight": "1 lb",
    "UpcCode": "",
    "tax": 0.0,
    "spiceLevel": "",
    "aiselNo": "22",
    "store": "Market Basket",
    "weightType": "1 lb",
    "imageName": "No Image.jpg",
    "defaultImage": "No Image.jpg",
    "updatedTimestamp": "Jan 24, 2021 2:00:52 AM",
    "createdTimestamp": "Jan 24, 2021 2:00:52 AM",
    "isNewlyAdded": false,
    "isActive": true,
    "isDealsEnabled": false,
    "quantity": 0
  },
  {
    "id": 4202,
    "code": "Perdue Boneless Chicken BreastsItalian Style",
    "desc": "Perdue Boneless Chicken BreastsItalian Style",
    "shortDesc": "Perdue Boneless Chicken BreastsItalian Style",
    "tags": [
      "Chicken Breast"
    ],
    "categories": [
      {
        "code": "Meat \u0026 Seafood",
        "desc": "Meat \u0026 Seafood"
      }
    ],
    "subCategories": [
      {
        "code": "Packaged Meat \u0026 Seafood",
        "desc": "Packaged Meat \u0026 Seafood"
      }
    ],
    "brands": [
      {
        "code": "Perdue",
        "desc": "Perdue"
      }
    ],
    "price": {
      "basePrice": 8.59,
      "discountPrice": 8.59
    },
    "type": {
      "code": "Chicken Breast",
      "desc": "Chicken Breast"
    },
    "weight": "1.5 lb",
    "UpcCode": "",
    "tax": 0.0,
    "spiceLevel": "",
    "aiselNo": "22",
    "store": "Market Basket",
    "weightType": "1.5 lb",
    "imageName": "4098.jpg",
    "defaultImage": "4098.jpg",
    "updatedTimestamp": "Jan 24, 2021 2:00:52 AM",
    "createdTimestamp": "Jan 24, 2021 2:00:52 AM",
    "isNewlyAdded": false,
    "isActive": true,
    "isDealsEnabled": false,
    "quantity": 0
  },
  {
    "id": 4110,
    "code": "Harvestland Ground Chicken",
    "desc": "Harvestland Ground Chicken",
    "shortDesc": "Harvestland Ground Chicken",
    "tags": [
      "Chicken"
    ],
    "categories": [
      {
        "code": "Meat \u0026 Seafood",
        "desc": "Meat \u0026 Seafood"
      }
    ],
    "subCategories": [
      {
        "code": "Meat \u0026 Seafood Counter",
        "desc": "Meat \u0026 Seafood Counter"
      }
    ],
    "brands": [
      {
        "code": "Harvestland",
        "desc": "Harvestland"
      }
    ],
    "price": {
      "basePrice": 4.89,
      "discountPrice": 4.89
    },
    "type": {
      "code": "Chicken",
      "desc": "Chicken"
    },
    "weight": "1 lb",
    "UpcCode": "",
    "tax": 0.0,
    "spiceLevel": "",
    "aiselNo": "22",
    "store": "Market Basket",
    "weightType": "1 lb",
    "imageName": "4059.jpg",
    "defaultImage": "4059.jpg",
    "updatedTimestamp": "Jan 24, 2021 2:00:52 AM",
    "createdTimestamp": "Jan 24, 2021 2:00:52 AM",
    "isNewlyAdded": false,
    "isActive": true,
    "isDealsEnabled": false,
    "quantity": 0
  },
  {
    "id": 4476,
    "code": "Market Basket Ground Sweet Italian Sausage",
    "desc": "Market Basket Ground Sweet Italian Sausage",
    "shortDesc": "Market Basket Ground Sweet Italian Sausage",
    "tags": [
      "Sausage"
    ],
    "categories": [
      {
        "code": "Meat \u0026 Seafood",
        "desc": "Meat \u0026 Seafood"
      }
    ],
    "subCategories": [
      {
        "code": "Hot Dogs, Bacon \u0026 Sausage",
        "desc": "Hot Dogs, Bacon \u0026 Sausage"
      }
    ],
    "brands": [
      {
        "code": "Market Basket",
        "desc": "Market Basket"
      }
    ],
    "price": {
      "basePrice": 6.09,
      "discountPrice": 6.09
    },
    "type": {
      "code": "Sausage",
      "desc": "Sausage"
    },
    "weight": "1 pack",
    "UpcCode": "",
    "tax": 0.0,
    "spiceLevel": "",
    "aiselNo": "1",
    "store": "Market Basket",
    "weightType": "1 pack",
    "imageName": "Market Basket.jpg",
    "defaultImage": "Market Basket.jpg",
    "updatedTimestamp": "Jan 24, 2021 2:00:52 AM",
    "createdTimestamp": "Jan 24, 2021 2:00:52 AM",
    "isNewlyAdded": false,
    "isActive": true,
    "isDealsEnabled": false,
    "quantity": 0
  },
  {
    "id": 4264,
    "code": "Acme Salmon, Smoked Nova",
    "desc": "Acme Salmon, Smoked Nova",
    "shortDesc": "Acme Salmon, Smoked Nova",
    "tags": [
      "Salmon"
    ],
    "categories": [
      {
        "code": "Meat \u0026 Seafood",
        "desc": "Meat \u0026 Seafood"
      }
    ],
    "subCategories": [
      {
        "code": "Packaged Meat \u0026 Seafood",
        "desc": "Packaged Meat \u0026 Seafood"
      }
    ],
    "brands": [
      {
        "code": "Acme",
        "desc": "Acme"
      }
    ],
    "price": {
      "basePrice": 6.89,
      "discountPrice": 6.89
    },
    "type": {
      "code": "Salmon",
      "desc": "Salmon"
    },
    "weight": "3 oz",
    "UpcCode": "",
    "tax": 0.0,
    "spiceLevel": "",
    "aiselNo": "22",
    "store": "Market Basket",
    "weightType": "3 oz",
    "imageName": "4142.jpg",
    "defaultImage": "4142.jpg",
    "updatedTimestamp": "Jan 24, 2021 2:00:52 AM",
    "createdTimestamp": "Jan 24, 2021 2:00:52 AM",
    "isNewlyAdded": false,
    "isActive": true,
    "isDealsEnabled": false,
    "quantity": 0
  },
  {
    "id": 4047,
    "code": "Certified Angus Beef Boneless Chuck Stew",
    "desc": "Certified Angus Beef Boneless Chuck Stew",
    "shortDesc": "Certified Angus Beef Boneless Chuck Stew",
    "tags": [
      "Beef"
    ],
    "categories": [
      {
        "code": "Meat \u0026 Seafood",
        "desc": "Meat \u0026 Seafood"
      }
    ],
    "subCategories": [
      {
        "code": "Meat \u0026 Seafood Counter",
        "desc": "Meat \u0026 Seafood Counter"
      }
    ],
    "brands": [
      {
        "code": "Certified Angus Beef",
        "desc": "Certified Angus Beef"
      }
    ],
    "price": {
      "basePrice": 10.04,
      "discountPrice": 10.04
    },
    "type": {
      "code": "Beef",
      "desc": "Beef"
    },
    "weight": "1 lb",
    "UpcCode": "",
    "tax": 0.0,
    "spiceLevel": "",
    "aiselNo": "22",
    "store": "Market Basket",
    "weightType": "1 lb",
    "imageName": "16670.jpg",
    "defaultImage": "16670.jpg",
    "updatedTimestamp": "Jan 24, 2021 2:00:52 AM",
    "createdTimestamp": "Jan 24, 2021 2:00:52 AM",
    "isNewlyAdded": false,
    "isActive": true,
    "isDealsEnabled": false,
    "quantity": 0
  },
  {
    "id": 4106,
    "code": "Thin \u0027n Trim Chicken Sausage, Apple And Cinnamon",
    "desc": "Thin \u0027n Trim Chicken Sausage, Apple And Cinnamon",
    "shortDesc": "Thin \u0027n Trim Chicken Sausage, Apple And Cinnamon",
    "tags": [
      "Chicken"
    ],
    "categories": [
      {
        "code": "Meat \u0026 Seafood",
        "desc": "Meat \u0026 Seafood"
      }
    ],
    "subCategories": [
      {
        "code": "Meat \u0026 Seafood Counter",
        "desc": "Meat \u0026 Seafood Counter"
      }
    ],
    "brands": [
      {
        "code": "Thin \u0027n Trim",
        "desc": "Thin \u0027n Trim"
      }
    ],
    "price": {
      "basePrice": 3.29,
      "discountPrice": 3.29
    },
    "type": {
      "code": "Chicken",
      "desc": "Chicken"
    },
    "weight": "1 lb",
    "UpcCode": "",
    "tax": 0.0,
    "spiceLevel": "",
    "aiselNo": "22",
    "store": "Market Basket",
    "weightType": "1 lb",
    "imageName": "No Image.jpg",
    "defaultImage": "No Image.jpg",
    "updatedTimestamp": "Jan 24, 2021 2:00:52 AM",
    "createdTimestamp": "Jan 24, 2021 2:00:52 AM",
    "isNewlyAdded": false,
    "isActive": true,
    "isDealsEnabled": false,
    "quantity": 0
  },
  {
    "id": 4318,
    "code": "Market Basket Pork Baby Back Ribs",
    "desc": "Market Basket Pork Baby Back Ribs",
    "shortDesc": "Market Basket Pork Baby Back Ribs",
    "tags": [
      "Pork"
    ],
    "categories": [
      {
        "code": "Meat \u0026 Seafood",
        "desc": "Meat \u0026 Seafood"
      }
    ],
    "subCategories": [
      {
        "code": "Meat \u0026 Seafood Counter",
        "desc": "Meat \u0026 Seafood Counter"
      }
    ],
    "brands": [
      {
        "code": "Market Basket",
        "desc": "Market Basket"
      }
    ],
    "price": {
      "basePrice": 7.63,
      "discountPrice": 7.63
    },
    "type": {
      "code": "Pork",
      "desc": "Pork"
    },
    "weight": "Approx: 1.56 lb at $4.89/lb",
    "UpcCode": "",
    "tax": 0.0,
    "spiceLevel": "",
    "aiselNo": "22",
    "store": "Market Basket",
    "weightType": "Approx: 1.56 lb at $4.89/lb",
    "imageName": "Market Basket.jpg",
    "defaultImage": "Market Basket.jpg",
    "updatedTimestamp": "Jan 24, 2021 2:00:52 AM",
    "createdTimestamp": "Jan 24, 2021 2:00:52 AM",
    "isNewlyAdded": false,
    "isActive": true,
    "isDealsEnabled": false,
    "quantity": 0
  },
  {
    "id": 30043,
    "code": "Alfresco all natural SWEET APPLE With Vermont Maple Syrup CHICKEN SAUSAGE",
    "desc": "Alfresco all natural SWEET APPLE With Vermont Maple Syrup CHICKEN SAUSAGE",
    "shortDesc": "Alfresco all natural SWEET APPLE With Vermont Maple Syrup CHICKEN SAUSAGE",
    "tags": [
      "Sausage"
    ],
    "categories": [
      {
        "code": "Meat \u0026 Seafood",
        "desc": "Meat \u0026 Seafood"
      }
    ],
    "subCategories": [
      {
        "code": "Hot Dogs, Bacon \u0026 Sausage",
        "desc": "Hot Dogs, Bacon \u0026 Sausage"
      }
    ],
    "brands": [
      {
        "code": "Alfresco",
        "desc": "Alfresco"
      }
    ],
    "price": {
      "basePrice": 4.99,
      "discountPrice": 4.99
    },
    "type": {
      "code": "Sausage",
      "desc": "Sausage"
    },
    "weight": "13 oz",
    "UpcCode": "",
    "tax": 0.0,
    "spiceLevel": "",
    "aiselNo": "1",
    "store": "Market Basket",
    "weightType": "13 oz",
    "imageName": "X21.jpg",
    "defaultImage": "X21.jpg",
    "updatedTimestamp": "Jan 24, 2021 2:00:53 AM",
    "createdTimestamp": "Jan 24, 2021 2:00:53 AM",
    "isNewlyAdded": false,
    "isActive": true,
    "isDealsEnabled": false,
    "quantity": 0
  },
  {
    "id": 33758,
    "code": "Oscar Mayer Turkey Peanuts Cheddar ",
    "desc": "Oscar Mayer Turkey Peanuts Cheddar ",
    "shortDesc": "Oscar Mayer Turkey Peanuts Cheddar ",
    "tags": [
      "Turkey"
    ],
    "categories": [
      {
        "code": "Meat \u0026 Seafood",
        "desc": "Meat \u0026 Seafood"
      }
    ],
    "subCategories": [
      {
        "code": "Packaged Meat \u0026 Seafood",
        "desc": "Packaged Meat \u0026 Seafood"
      }
    ],
    "brands": [],
    "price": {
      "basePrice": 1.86,
      "discountPrice": 1.86
    },
    "type": {
      "code": "Turkey",
      "desc": "Turkey"
    },
    "weight": "2 oz",
    "UpcCode": "",
    "tax": 0.0,
    "spiceLevel": "",
    "aiselNo": "1",
    "store": "Market Basket",
    "weightType": "2 oz",
    "imageName": "X4555.jpg",
    "defaultImage": "X4555.jpg",
    "updatedTimestamp": "Jan 24, 2021 2:00:53 AM",
    "createdTimestamp": "Jan 24, 2021 2:00:53 AM",
    "isNewlyAdded": false,
    "isActive": true,
    "isDealsEnabled": false,
    "quantity": 0
  },
  {
    "id": 4364,
    "code": "Top Round Steak",
    "desc": "Top Round Steak",
    "shortDesc": "Top Round Steak",
    "tags": [
      "Steak"
    ],
    "categories": [
      {
        "code": "Meat \u0026 Seafood",
        "desc": "Meat \u0026 Seafood"
      }
    ],
    "subCategories": [
      {
        "code": "Meat \u0026 Seafood Counter",
        "desc": "Meat \u0026 Seafood Counter"
      }
    ],
    "brands": [
      {
        "code": "Market Basket",
        "desc": "Market Basket"
      }
    ],
    "price": {
      "basePrice": 5.29,
      "discountPrice": 5.29
    },
    "type": {
      "code": "Steak",
      "desc": "Steak"
    },
    "weight": "1 lb",
    "UpcCode": "",
    "tax": 0.0,
    "spiceLevel": "",
    "aiselNo": "22",
    "store": "Market Basket",
    "weightType": "1 lb",
    "imageName": "Market Basket.jpg",
    "defaultImage": "Market Basket.jpg",
    "updatedTimestamp": "Jan 24, 2021 2:00:52 AM",
    "createdTimestamp": "Jan 24, 2021 2:00:52 AM",
    "isNewlyAdded": false,
    "isActive": true,
    "isDealsEnabled": false,
    "quantity": 0
  },
  {
    "id": 4259,
    "code": "Lloyd\u0027s Barbeque Co. Seasoned \u0026 Smoked Babyback Pork Ribs",
    "desc": "Lloyd\u0027s Barbeque Co. Seasoned \u0026 Smoked Babyback Pork Ribs",
    "shortDesc": "Lloyd\u0027s Barbeque Co. Seasoned \u0026 Smoked Babyback Pork Ribs",
    "tags": [
      "Pork"
    ],
    "categories": [
      {
        "code": "Meat \u0026 Seafood",
        "desc": "Meat \u0026 Seafood"
      }
    ],
    "subCategories": [
      {
        "code": "Packaged Meat \u0026 Seafood",
        "desc": "Packaged Meat \u0026 Seafood"
      }
    ],
    "brands": [
      {
        "code": "Lloyd\u0027s",
        "desc": "Lloyd\u0027s"
      }
    ],
    "price": {
      "basePrice": 10.99,
      "discountPrice": 10.99
    },
    "type": {
      "code": "Pork",
      "desc": "Pork"
    },
    "weight": "24 oz",
    "UpcCode": "",
    "tax": 0.0,
    "spiceLevel": "",
    "aiselNo": "22",
    "store": "Market Basket",
    "weightType": "24 oz",
    "imageName": "4090.jpg",
    "defaultImage": "4090.jpg",
    "updatedTimestamp": "Jan 24, 2021 2:00:52 AM",
    "createdTimestamp": "Jan 24, 2021 2:00:52 AM",
    "isNewlyAdded": false,
    "isActive": true,
    "isDealsEnabled": false,
    "quantity": 0
  },
  {
    "id": 4572,
    "code": "Columbus Italian Dry Salami",
    "desc": "Columbus Italian Dry Salami",
    "shortDesc": "Columbus Italian Dry Salami",
    "tags": [
      "Salami"
    ],
    "categories": [
      {
        "code": "Meat \u0026 Seafood",
        "desc": "Meat \u0026 Seafood"
      }
    ],
    "subCategories": [
      {
        "code": "Lunch Meat",
        "desc": "Lunch Meat"
      }
    ],
    "brands": [
      {
        "code": "Columbus",
        "desc": "Columbus"
      }
    ],
    "price": {
      "basePrice": 4.39,
      "discountPrice": 4.39
    },
    "type": {
      "code": "Salami",
      "desc": "Salami"
    },
    "weight": "5 oz",
    "UpcCode": "",
    "tax": 0.0,
    "spiceLevel": "",
    "aiselNo": "22",
    "store": "Market Basket",
    "weightType": "5 oz",
    "imageName": "5419.jpg",
    "defaultImage": "5419.jpg",
    "updatedTimestamp": "Jan 24, 2021 2:00:52 AM",
    "createdTimestamp": "Jan 24, 2021 2:00:52 AM",
    "isNewlyAdded": false,
    "isActive": true,
    "isDealsEnabled": false,
    "quantity": 0
  },
  {
    "id": 4760,
    "code": "Cox\u0027s 70 90 Per Pound Key West Pink Shrimp",
    "desc": "Cox\u0027s 70 90 Per Pound Key West Pink Shrimp",
    "shortDesc": "Cox\u0027s 70 90 Per Pound Key West Pink Shrimp",
    "tags": [
      "Frozen Shrimp"
    ],
    "categories": [
      {
        "code": "Meat \u0026 Seafood",
        "desc": "Meat \u0026 Seafood"
      }
    ],
    "subCategories": [
      {
        "code": "Frozen Meat \u0026 Seafood",
        "desc": "Frozen Meat \u0026 Seafood"
      }
    ],
    "brands": [
      {
        "code": "Cox\u0027s",
        "desc": "Cox\u0027s"
      }
    ],
    "price": {
      "basePrice": 8.59,
      "discountPrice": 8.59
    },
    "type": {
      "code": "Frozen Shrimp",
      "desc": "Frozen Shrimp"
    },
    "weight": "12 oz",
    "UpcCode": "",
    "tax": 0.0,
    "spiceLevel": "",
    "aiselNo": "22",
    "store": "Market Basket",
    "weightType": "12 oz",
    "imageName": "No Image.jpg",
    "defaultImage": "No Image.jpg",
    "updatedTimestamp": "Jan 24, 2021 2:00:52 AM",
    "createdTimestamp": "Jan 24, 2021 2:00:52 AM",
    "isNewlyAdded": false,
    "isActive": true,
    "isDealsEnabled": false,
    "quantity": 0
  },
  {
    "id": 4172,
    "code": "Lloyd\u0027s Seasoned \u0026 Smoked Center Cut Beef Ribs with Original BBQ Sauce",
    "desc": "Lloyd\u0027s Seasoned \u0026 Smoked Center Cut Beef Ribs with Original BBQ Sauce",
    "shortDesc": "Lloyd\u0027s Seasoned \u0026 Smoked Center Cut Beef Ribs with Original BBQ Sauce",
    "tags": [
      "Beef"
    ],
    "categories": [
      {
        "code": "Meat \u0026 Seafood",
        "desc": "Meat \u0026 Seafood"
      }
    ],
    "subCategories": [
      {
        "code": "Packaged Meat \u0026 Seafood",
        "desc": "Packaged Meat \u0026 Seafood"
      }
    ],
    "brands": [
      {
        "code": "Lloyd\u0027s",
        "desc": "Lloyd\u0027s"
      }
    ],
    "price": {
      "basePrice": 17.69,
      "discountPrice": 17.69
    },
    "type": {
      "code": "Beef",
      "desc": "Beef"
    },
    "weight": "37.4 oz",
    "UpcCode": "",
    "tax": 0.0,
    "spiceLevel": "",
    "aiselNo": "22",
    "store": "Market Basket",
    "weightType": "37.4 oz",
    "imageName": "4091.jpg",
    "defaultImage": "4091.jpg",
    "updatedTimestamp": "Jan 24, 2021 2:00:52 AM",
    "createdTimestamp": "Jan 24, 2021 2:00:52 AM",
    "isNewlyAdded": false,
    "isActive": true,
    "isDealsEnabled": false,
    "quantity": 0
  },
  {
    "id": 33336,
    "code": "Morning Stars Farms Veggie Grillers Prime ",
    "desc": "Morning Stars Farms Veggie Grillers Prime ",
    "shortDesc": "Morning Stars Farms Veggie Grillers Prime ",
    "tags": [
      "Burger"
    ],
    "categories": [
      {
        "code": "Meat \u0026 Seafood",
        "desc": "Meat \u0026 Seafood"
      }
    ],
    "subCategories": [
      {
        "code": "Packaged Meat \u0026 Seafood",
        "desc": "Packaged Meat \u0026 Seafood"
      }
    ],
    "brands": [],
    "price": {
      "basePrice": 4.61,
      "discountPrice": 4.61
    },
    "type": {
      "code": "Burger",
      "desc": "Burger"
    },
    "weight": "10 oz",
    "UpcCode": "",
    "tax": 0.0,
    "spiceLevel": "",
    "aiselNo": "1",
    "store": "Market Basket",
    "weightType": "10 oz",
    "imageName": "X4774.jpg",
    "defaultImage": "X4774.jpg",
    "updatedTimestamp": "Jan 24, 2021 2:00:53 AM",
    "createdTimestamp": "Jan 24, 2021 2:00:53 AM",
    "isNewlyAdded": false,
    "isActive": true,
    "isDealsEnabled": false,
    "quantity": 0
  },
  {
    "id": 4317,
    "code": "Market Basket Maple Breakfast Pork Sausage",
    "desc": "Market Basket Maple Breakfast Pork Sausage",
    "shortDesc": "Market Basket Maple Breakfast Pork Sausage",
    "tags": [
      "Pork"
    ],
    "categories": [
      {
        "code": "Meat \u0026 Seafood",
        "desc": "Meat \u0026 Seafood"
      }
    ],
    "subCategories": [
      {
        "code": "Meat \u0026 Seafood Counter",
        "desc": "Meat \u0026 Seafood Counter"
      }
    ],
    "brands": [
      {
        "code": "Market Basket",
        "desc": "Market Basket"
      }
    ],
    "price": {
      "basePrice": 11.03,
      "discountPrice": 11.03
    },
    "type": {
      "code": "Pork",
      "desc": "Pork"
    },
    "weight": "Approx: 2.99 lb at $3.69/lb",
    "UpcCode": "",
    "tax": 0.0,
    "spiceLevel": "",
    "aiselNo": "22",
    "store": "Market Basket",
    "weightType": "Approx: 2.99 lb at $3.69/lb",
    "imageName": "Market Basket.jpg",
    "defaultImage": "Market Basket.jpg",
    "updatedTimestamp": "Jan 24, 2021 2:00:52 AM",
    "createdTimestamp": "Jan 24, 2021 2:00:52 AM",
    "isNewlyAdded": false,
    "isActive": true,
    "isDealsEnabled": false,
    "quantity": 0
  },
  {
    "id": 4477,
    "code": "Market Basket Hot Italian Sausage",
    "desc": "Market Basket Hot Italian Sausage",
    "shortDesc": "Market Basket Hot Italian Sausage",
    "tags": [
      "Sausage"
    ],
    "categories": [
      {
        "code": "Meat \u0026 Seafood",
        "desc": "Meat \u0026 Seafood"
      }
    ],
    "subCategories": [
      {
        "code": "Hot Dogs, Bacon \u0026 Sausage",
        "desc": "Hot Dogs, Bacon \u0026 Sausage"
      }
    ],
    "brands": [
      {
        "code": "Market Basket",
        "desc": "Market Basket"
      }
    ],
    "price": {
      "basePrice": 4.09,
      "discountPrice": 4.09
    },
    "type": {
      "code": "Sausage",
      "desc": "Sausage"
    },
    "weight": "1 lb",
    "UpcCode": "",
    "tax": 0.0,
    "spiceLevel": "",
    "aiselNo": "22",
    "store": "Market Basket",
    "weightType": "1 lb",
    "imageName": "Market Basket.jpg",
    "defaultImage": "Market Basket.jpg",
    "updatedTimestamp": "Jan 24, 2021 2:00:52 AM",
    "createdTimestamp": "Jan 24, 2021 2:00:52 AM",
    "isNewlyAdded": false,
    "isActive": true,
    "isDealsEnabled": false,
    "quantity": 0
  },
  {
    "id": 4783,
    "code": "Market Basket 41 50 Per Pound Cooked Extra Large Shrimp",
    "desc": "Market Basket 41 50 Per Pound Cooked Extra Large Shrimp",
    "shortDesc": "Market Basket 41 50 Per Pound Cooked Extra Large Shrimp",
    "tags": [
      "Frozen Shrimp"
    ],
    "categories": [
      {
        "code": "Meat \u0026 Seafood",
        "desc": "Meat \u0026 Seafood"
      }
    ],
    "subCategories": [
      {
        "code": "Frozen Meat \u0026 Seafood",
        "desc": "Frozen Meat \u0026 Seafood"
      }
    ],
    "brands": [
      {
        "code": "Market Basket",
        "desc": "Market Basket"
      }
    ],
    "price": {
      "basePrice": 10.99,
      "discountPrice": 10.99
    },
    "type": {
      "code": "Frozen Shrimp",
      "desc": "Frozen Shrimp"
    },
    "weight": "16 oz",
    "UpcCode": "",
    "tax": 0.0,
    "spiceLevel": "",
    "aiselNo": "22",
    "store": "Market Basket",
    "weightType": "16 oz",
    "imageName": "Market Basket.jpg",
    "defaultImage": "Market Basket.jpg",
    "updatedTimestamp": "Jan 24, 2021 2:00:52 AM",
    "createdTimestamp": "Jan 24, 2021 2:00:52 AM",
    "isNewlyAdded": false,
    "isActive": true,
    "isDealsEnabled": false,
    "quantity": 0
  },
  {
    "id": 4306,
    "code": "Market Basket Pollock Fillets",
    "desc": "Market Basket Pollock Fillets",
    "shortDesc": "Market Basket Pollock Fillets",
    "tags": [
      "Pollock"
    ],
    "categories": [
      {
        "code": "Meat \u0026 Seafood",
        "desc": "Meat \u0026 Seafood"
      }
    ],
    "subCategories": [
      {
        "code": "Meat \u0026 Seafood Counter",
        "desc": "Meat \u0026 Seafood Counter"
      }
    ],
    "brands": [
      {
        "code": "Market Basket",
        "desc": "Market Basket"
      }
    ],
    "price": {
      "basePrice": 7.39,
      "discountPrice": 7.39
    },
    "type": {
      "code": "Pollock",
      "desc": "Pollock"
    },
    "weight": "Approx: 1.00 lb at $7.39/lb",
    "UpcCode": "",
    "tax": 0.0,
    "spiceLevel": "",
    "aiselNo": "22",
    "store": "Market Basket",
    "weightType": "Approx: 1.00 lb at $7.39/lb",
    "imageName": "4069.jpg",
    "defaultImage": "4069.jpg",
    "updatedTimestamp": "Jan 24, 2021 2:00:52 AM",
    "createdTimestamp": "Jan 24, 2021 2:00:52 AM",
    "isNewlyAdded": false,
    "isActive": true,
    "isDealsEnabled": false,
    "quantity": 0
  },
  {
    "id": 4159,
    "code": "Market Basket Sweet Italian Sausage",
    "desc": "Market Basket Sweet Italian Sausage",
    "shortDesc": "Market Basket Sweet Italian Sausage",
    "tags": [
      "Italian Sausage"
    ],
    "categories": [
      {
        "code": "Meat \u0026 Seafood",
        "desc": "Meat \u0026 Seafood"
      }
    ],
    "subCategories": [
      {
        "code": "Meat \u0026 Seafood Counter",
        "desc": "Meat \u0026 Seafood Counter"
      }
    ],
    "brands": [
      {
        "code": "Market Basket",
        "desc": "Market Basket"
      }
    ],
    "price": {
      "basePrice": 4.39,
      "discountPrice": 4.39
    },
    "type": {
      "code": "Italian Sausage",
      "desc": "Italian Sausage"
    },
    "weight": "1 lb",
    "UpcCode": "",
    "tax": 0.0,
    "spiceLevel": "",
    "aiselNo": "22",
    "store": "Market Basket",
    "weightType": "1 lb",
    "imageName": "Market Basket.jpg",
    "defaultImage": "Market Basket.jpg",
    "updatedTimestamp": "Jan 24, 2021 2:00:52 AM",
    "createdTimestamp": "Jan 24, 2021 2:00:52 AM",
    "isNewlyAdded": false,
    "isActive": true,
    "isDealsEnabled": false,
    "quantity": 0
  },
  {
    "id": 4478,
    "code": "Market Basket Sweet Italian Sausage",
    "desc": "Market Basket Sweet Italian Sausage",
    "shortDesc": "Market Basket Sweet Italian Sausage",
    "tags": [
      "Sausage"
    ],
    "categories": [
      {
        "code": "Meat \u0026 Seafood",
        "desc": "Meat \u0026 Seafood"
      }
    ],
    "subCategories": [
      {
        "code": "Hot Dogs, Bacon \u0026 Sausage",
        "desc": "Hot Dogs, Bacon \u0026 Sausage"
      }
    ],
    "brands": [
      {
        "code": "Market Basket",
        "desc": "Market Basket"
      }
    ],
    "price": {
      "basePrice": 3.89,
      "discountPrice": 3.89
    },
    "type": {
      "code": "Sausage",
      "desc": "Sausage"
    },
    "weight": "1.23 lb",
    "UpcCode": "",
    "tax": 0.0,
    "spiceLevel": "",
    "aiselNo": "22",
    "store": "Market Basket",
    "weightType": "1.23 lb",
    "imageName": "Market Basket.jpg",
    "defaultImage": "Market Basket.jpg",
    "updatedTimestamp": "Jan 24, 2021 2:00:52 AM",
    "createdTimestamp": "Jan 24, 2021 2:00:52 AM",
    "isNewlyAdded": false,
    "isActive": true,
    "isDealsEnabled": false,
    "quantity": 0
  },
  {
    "id": 4337,
    "code": "Market Basket Fresh Farm Raised Norwegian Salmon",
    "desc": "Market Basket Fresh Farm Raised Norwegian Salmon",
    "shortDesc": "Market Basket Fresh Farm Raised Norwegian Salmon",
    "tags": [
      "Salmon"
    ],
    "categories": [
      {
        "code": "Meat \u0026 Seafood",
        "desc": "Meat \u0026 Seafood"
      }
    ],
    "subCategories": [
      {
        "code": "Meat \u0026 Seafood Counter",
        "desc": "Meat \u0026 Seafood Counter"
      }
    ],
    "brands": [
      {
        "code": "Market Basket",
        "desc": "Market Basket"
      }
    ],
    "price": {
      "basePrice": 12.31,
      "discountPrice": 12.31
    },
    "type": {
      "code": "Salmon",
      "desc": "Salmon"
    },
    "weight": "Approx: 1.02 lb at $12.1/lb",
    "UpcCode": "",
    "tax": 0.0,
    "spiceLevel": "",
    "aiselNo": "22",
    "store": "Market Basket",
    "weightType": "Approx: 1.02 lb at $12.1/lb",
    "imageName": "4065.jpg",
    "defaultImage": "4065.jpg",
    "updatedTimestamp": "Jan 24, 2021 2:00:52 AM",
    "createdTimestamp": "Jan 24, 2021 2:00:52 AM",
    "isNewlyAdded": false,
    "isActive": true,
    "isDealsEnabled": false,
    "quantity": 0
  },
  {
    "id": 4121,
    "code": "Market Basket Boneless Skinless Chicken Breast with rib meat",
    "desc": "Market Basket Boneless Skinless Chicken Breast with rib meat",
    "shortDesc": "Market Basket Boneless Skinless Chicken Breast with rib meat",
    "tags": [
      "Chicken Breast"
    ],
    "categories": [
      {
        "code": "Meat \u0026 Seafood",
        "desc": "Meat \u0026 Seafood"
      }
    ],
    "subCategories": [
      {
        "code": "Meat \u0026 Seafood Counter",
        "desc": "Meat \u0026 Seafood Counter"
      }
    ],
    "brands": [
      {
        "code": "Market Basket",
        "desc": "Market Basket"
      }
    ],
    "price": {
      "basePrice": 11.99,
      "discountPrice": 11.99
    },
    "type": {
      "code": "Chicken Breast",
      "desc": "Chicken Breast"
    },
    "weight": "Approx: 2.41 lb at $5.29/lb",
    "UpcCode": "",
    "tax": 0.0,
    "spiceLevel": "",
    "aiselNo": "22",
    "store": "Market Basket",
    "weightType": "Approx: 2.41 lb at $5.29/lb",
    "imageName": "4053.jpg",
    "defaultImage": "4053.jpg",
    "updatedTimestamp": "Jan 24, 2021 2:00:52 AM",
    "createdTimestamp": "Jan 24, 2021 2:00:52 AM",
    "isNewlyAdded": false,
    "isActive": true,
    "isDealsEnabled": false,
    "quantity": 0
  },
  {
    "id": 4492,
    "code": "Thin \u0027n Trim Thinly Sliced Buffalo Style Chicken Breast",
    "desc": "Thin \u0027n Trim Thinly Sliced Buffalo Style Chicken Breast",
    "shortDesc": "Thin \u0027n Trim Thinly Sliced Buffalo Style Chicken Breast",
    "tags": [
      "Chicken"
    ],
    "categories": [
      {
        "code": "Meat \u0026 Seafood",
        "desc": "Meat \u0026 Seafood"
      }
    ],
    "subCategories": [
      {
        "code": "Lunch Meat",
        "desc": "Lunch Meat"
      }
    ],
    "brands": [
      {
        "code": "Thin \u0027n Trim",
        "desc": "Thin \u0027n Trim"
      }
    ],
    "price": {
      "basePrice": 7.39,
      "discountPrice": 7.39
    },
    "type": {
      "code": "Chicken",
      "desc": "Chicken"
    },
    "weight": "Approx: 1.00 lb at $7.39/lb",
    "UpcCode": "",
    "tax": 0.0,
    "spiceLevel": "",
    "aiselNo": "22",
    "store": "Market Basket",
    "weightType": "Approx: 1.00 lb at $7.39/lb",
    "imageName": "No Image.jpg",
    "defaultImage": "No Image.jpg",
    "updatedTimestamp": "Jan 24, 2021 2:00:52 AM",
    "createdTimestamp": "Jan 24, 2021 2:00:52 AM",
    "isNewlyAdded": false,
    "isActive": true,
    "isDealsEnabled": false,
    "quantity": 0
  },
  {
    "id": 4183,
    "code": "Perdue Dino Shape Breaded Chicken Nuggets",
    "desc": "Perdue Dino Shape Breaded Chicken Nuggets",
    "shortDesc": "Perdue Dino Shape Breaded Chicken Nuggets",
    "tags": [
      "Chicken"
    ],
    "categories": [
      {
        "code": "Meat \u0026 Seafood",
        "desc": "Meat \u0026 Seafood"
      }
    ],
    "subCategories": [
      {
        "code": "Packaged Meat \u0026 Seafood",
        "desc": "Packaged Meat \u0026 Seafood"
      }
    ],
    "brands": [
      {
        "code": "Perdue",
        "desc": "Perdue"
      }
    ],
    "price": {
      "basePrice": 3.74,
      "discountPrice": 3.74
    },
    "type": {
      "code": "Chicken",
      "desc": "Chicken"
    },
    "weight": "12 oz",
    "UpcCode": "",
    "tax": 0.0,
    "spiceLevel": "",
    "aiselNo": "22",
    "store": "Market Basket",
    "weightType": "12 oz",
    "imageName": "4092.jpg",
    "defaultImage": "4092.jpg",
    "updatedTimestamp": "Jan 24, 2021 2:00:52 AM",
    "createdTimestamp": "Jan 24, 2021 2:00:52 AM",
    "isNewlyAdded": false,
    "isActive": true,
    "isDealsEnabled": false,
    "quantity": 0
  },
  {
    "id": 4358,
    "code": "Market Basket Boneless Chuck Eye Steak First Cut",
    "desc": "Market Basket Boneless Chuck Eye Steak First Cut",
    "shortDesc": "Market Basket Boneless Chuck Eye Steak First Cut",
    "tags": [
      "Steak"
    ],
    "categories": [
      {
        "code": "Meat \u0026 Seafood",
        "desc": "Meat \u0026 Seafood"
      }
    ],
    "subCategories": [
      {
        "code": "Meat \u0026 Seafood Counter",
        "desc": "Meat \u0026 Seafood Counter"
      }
    ],
    "brands": [
      {
        "code": "Market Basket",
        "desc": "Market Basket"
      }
    ],
    "price": {
      "basePrice": 8.5,
      "discountPrice": 8.5
    },
    "type": {
      "code": "Steak",
      "desc": "Steak"
    },
    "weight": "Approx: 1.40 lb at $6.09/lb",
    "UpcCode": "",
    "tax": 0.0,
    "spiceLevel": "",
    "aiselNo": "22",
    "store": "Market Basket",
    "weightType": "Approx: 1.40 lb at $6.09/lb",
    "imageName": "Market Basket.jpg",
    "defaultImage": "Market Basket.jpg",
    "updatedTimestamp": "Jan 24, 2021 2:00:52 AM",
    "createdTimestamp": "Jan 24, 2021 2:00:52 AM",
    "isNewlyAdded": false,
    "isActive": true,
    "isDealsEnabled": false,
    "quantity": 0
  },
  {
    "id": 4204,
    "code": "Perdue Breaded Chicken Breast Strips",
    "desc": "Perdue Breaded Chicken Breast Strips",
    "shortDesc": "Perdue Breaded Chicken Breast Strips",
    "tags": [
      "Chicken Breast"
    ],
    "categories": [
      {
        "code": "Meat \u0026 Seafood",
        "desc": "Meat \u0026 Seafood"
      }
    ],
    "subCategories": [
      {
        "code": "Packaged Meat \u0026 Seafood",
        "desc": "Packaged Meat \u0026 Seafood"
      }
    ],
    "brands": [
      {
        "code": "Perdue",
        "desc": "Perdue"
      }
    ],
    "price": {
      "basePrice": 3.69,
      "discountPrice": 3.69
    },
    "type": {
      "code": "Chicken Breast",
      "desc": "Chicken Breast"
    },
    "weight": "0.75 lb",
    "UpcCode": "",
    "tax": 0.0,
    "spiceLevel": "",
    "aiselNo": "22",
    "store": "Market Basket",
    "weightType": "0.75 lb",
    "imageName": "4104.jpg",
    "defaultImage": "4104.jpg",
    "updatedTimestamp": "Jan 24, 2021 2:00:52 AM",
    "createdTimestamp": "Jan 24, 2021 2:00:52 AM",
    "isNewlyAdded": false,
    "isActive": true,
    "isDealsEnabled": false,
    "quantity": 0
  },
  {
    "id": 30041,
    "code": "Alfresco all natural SWEET ITALIAN STYLE With red and green peppers  CHICKEN SAUSAGE",
    "desc": "Alfresco all natural SWEET ITALIAN STYLE With red and green peppers  CHICKEN SAUSAGE",
    "shortDesc": "Alfresco all natural SWEET ITALIAN STYLE With red and green peppers  CHICKEN SAUSAGE",
    "tags": [
      "Sausage"
    ],
    "categories": [
      {
        "code": "Meat \u0026 Seafood",
        "desc": "Meat \u0026 Seafood"
      }
    ],
    "subCategories": [
      {
        "code": "Hot Dogs, Bacon \u0026 Sausage",
        "desc": "Hot Dogs, Bacon \u0026 Sausage"
      }
    ],
    "brands": [
      {
        "code": "Alfresco",
        "desc": "Alfresco"
      }
    ],
    "price": {
      "basePrice": 4.99,
      "discountPrice": 4.99
    },
    "type": {
      "code": "Sausage",
      "desc": "Sausage"
    },
    "weight": "13 oz",
    "UpcCode": "",
    "tax": 0.0,
    "spiceLevel": "",
    "aiselNo": "1",
    "store": "Market Basket",
    "weightType": "13 oz",
    "imageName": "X19.jpg",
    "defaultImage": "X19.jpg",
    "updatedTimestamp": "Jan 24, 2021 2:00:53 AM",
    "createdTimestamp": "Jan 24, 2021 2:00:53 AM",
    "isNewlyAdded": false,
    "isActive": true,
    "isDealsEnabled": false,
    "quantity": 0
  },
  {
    "id": 31934,
    "code": "Jimmy Dean Biscuit Sausage, Egg \u0026 Cheese Sandwiches ",
    "desc": "Jimmy Dean Biscuit Sausage, Egg \u0026 Cheese Sandwiches ",
    "shortDesc": "Jimmy Dean Biscuit Sausage, Egg \u0026 Cheese Sandwiches ",
    "tags": [
      "Sausage"
    ],
    "categories": [
      {
        "code": "Meat \u0026 Seafood",
        "desc": "Meat \u0026 Seafood"
      }
    ],
    "subCategories": [
      {
        "code": "Packaged Meat \u0026 Seafood",
        "desc": "Packaged Meat \u0026 Seafood"
      }
    ],
    "brands": [],
    "price": {
      "basePrice": 6.24,
      "discountPrice": 6.24
    },
    "type": {
      "code": "Sausage",
      "desc": "Sausage"
    },
    "weight": "18 oz",
    "UpcCode": "",
    "tax": 0.0,
    "spiceLevel": "",
    "aiselNo": "1",
    "store": "Market Basket",
    "weightType": "18 oz",
    "imageName": "X4740.jpg",
    "defaultImage": "X4740.jpg",
    "updatedTimestamp": "Jan 24, 2021 2:00:53 AM",
    "createdTimestamp": "Jan 24, 2021 2:00:53 AM",
    "isNewlyAdded": false,
    "isActive": true,
    "isDealsEnabled": false,
    "quantity": 0
  },
  {
    "id": 31950,
    "code": "Johnsonville BRATS ORIGINAL Bratwurst HOT",
    "desc": "Johnsonville BRATS ORIGINAL Bratwurst HOT",
    "shortDesc": "Johnsonville BRATS ORIGINAL Bratwurst HOT",
    "tags": [
      "Sausage"
    ],
    "categories": [
      {
        "code": "Meat \u0026 Seafood",
        "desc": "Meat \u0026 Seafood"
      }
    ],
    "subCategories": [
      {
        "code": "Hot Dogs, Bacon \u0026 Sausage",
        "desc": "Hot Dogs, Bacon \u0026 Sausage"
      }
    ],
    "brands": [
      {
        "code": "Johnsonville",
        "desc": "Johnsonville"
      }
    ],
    "price": {
      "basePrice": 5.86,
      "discountPrice": 5.86
    },
    "type": {
      "code": "Sausage",
      "desc": "Sausage"
    },
    "weight": "19 oz",
    "UpcCode": "",
    "tax": 0.0,
    "spiceLevel": "",
    "aiselNo": "1",
    "store": "Market Basket",
    "weightType": "19 oz",
    "imageName": "X386.jpg",
    "defaultImage": "X386.jpg",
    "updatedTimestamp": "Jan 24, 2021 2:00:53 AM",
    "createdTimestamp": "Jan 24, 2021 2:00:53 AM",
    "isNewlyAdded": false,
    "isActive": true,
    "isDealsEnabled": false,
    "quantity": 0
  },
  {
    "id": 4187,
    "code": "Market Basket Stir Fry Chicken",
    "desc": "Market Basket Stir Fry Chicken",
    "shortDesc": "Market Basket Stir Fry Chicken",
    "tags": [
      "Chicken"
    ],
    "categories": [
      {
        "code": "Meat \u0026 Seafood",
        "desc": "Meat \u0026 Seafood"
      }
    ],
    "subCategories": [
      {
        "code": "Packaged Meat \u0026 Seafood",
        "desc": "Packaged Meat \u0026 Seafood"
      }
    ],
    "brands": [
      {
        "code": "Market Basket",
        "desc": "Market Basket"
      }
    ],
    "price": {
      "basePrice": 4.89,
      "discountPrice": 4.89
    },
    "type": {
      "code": "Chicken",
      "desc": "Chicken"
    },
    "weight": "Approx: 1.00 lb at $4.89/lb",
    "UpcCode": "",
    "tax": 0.0,
    "spiceLevel": "",
    "aiselNo": "22",
    "store": "Market Basket",
    "weightType": "Approx: 1.00 lb at $4.89/lb",
    "imageName": "Market Basket.jpg",
    "defaultImage": "Market Basket.jpg",
    "updatedTimestamp": "Jan 24, 2021 2:00:52 AM",
    "createdTimestamp": "Jan 24, 2021 2:00:52 AM",
    "isNewlyAdded": false,
    "isActive": true,
    "isDealsEnabled": false,
    "quantity": 0
  },
  {
    "id": 30816,
    "code": "Carando Classic Italian Dry Salami ",
    "desc": "Carando Classic Italian Dry Salami ",
    "shortDesc": "Carando Classic Italian Dry Salami ",
    "tags": [
      "Salami"
    ],
    "categories": [
      {
        "code": "Meat \u0026 Seafood",
        "desc": "Meat \u0026 Seafood"
      }
    ],
    "subCategories": [
      {
        "code": "Packaged Meat \u0026 Seafood",
        "desc": "Packaged Meat \u0026 Seafood"
      }
    ],
    "brands": [],
    "price": {
      "basePrice": 3.11,
      "discountPrice": 3.11
    },
    "type": {
      "code": "Salami",
      "desc": "Salami"
    },
    "weight": "3.16 oz",
    "UpcCode": "",
    "tax": 0.0,
    "spiceLevel": "",
    "aiselNo": "1",
    "store": "Market Basket",
    "weightType": "3.16 oz",
    "imageName": "X4553.jpg",
    "defaultImage": "X4553.jpg",
    "updatedTimestamp": "Jan 24, 2021 2:00:53 AM",
    "createdTimestamp": "Jan 24, 2021 2:00:53 AM",
    "isNewlyAdded": false,
    "isActive": true,
    "isDealsEnabled": false,
    "quantity": 0
  },
  {
    "id": 4543,
    "code": "Fiorucci Sopressata Panino",
    "desc": "Fiorucci Sopressata Panino",
    "shortDesc": "Fiorucci Sopressata Panino",
    "tags": [
      "Other Meat"
    ],
    "categories": [
      {
        "code": "Meat \u0026 Seafood",
        "desc": "Meat \u0026 Seafood"
      }
    ],
    "subCategories": [
      {
        "code": "Lunch Meat",
        "desc": "Lunch Meat"
      }
    ],
    "brands": [
      {
        "code": "Fiorucci",
        "desc": "Fiorucci"
      }
    ],
    "price": {
      "basePrice": 4.89,
      "discountPrice": 4.89
    },
    "type": {
      "code": "Other Meat",
      "desc": "Other Meat"
    },
    "weight": "6 oz",
    "UpcCode": "",
    "tax": 0.0,
    "spiceLevel": "",
    "aiselNo": "22",
    "store": "Market Basket",
    "weightType": "6 oz",
    "imageName": "17279.jpg",
    "defaultImage": "17279.jpg",
    "updatedTimestamp": "Jan 24, 2021 2:00:52 AM",
    "createdTimestamp": "Jan 24, 2021 2:00:52 AM",
    "isNewlyAdded": false,
    "isActive": true,
    "isDealsEnabled": false,
    "quantity": 0
  },
  {
    "id": 4325,
    "code": "Market Basket Sliced Pork Spare Ribs",
    "desc": "Market Basket Sliced Pork Spare Ribs",
    "shortDesc": "Market Basket Sliced Pork Spare Ribs",
    "tags": [
      "Pork"
    ],
    "categories": [
      {
        "code": "Meat \u0026 Seafood",
        "desc": "Meat \u0026 Seafood"
      }
    ],
    "subCategories": [
      {
        "code": "Meat \u0026 Seafood Counter",
        "desc": "Meat \u0026 Seafood Counter"
      }
    ],
    "brands": [
      {
        "code": "Market Basket",
        "desc": "Market Basket"
      }
    ],
    "price": {
      "basePrice": 12.75,
      "discountPrice": 12.75
    },
    "type": {
      "code": "Pork",
      "desc": "Pork"
    },
    "weight": "Approx: 2.41 lb at $5.29/lb",
    "UpcCode": "",
    "tax": 0.0,
    "spiceLevel": "",
    "aiselNo": "22",
    "store": "Market Basket",
    "weightType": "Approx: 2.41 lb at $5.29/lb",
    "imageName": "Market Basket.jpg",
    "defaultImage": "Market Basket.jpg",
    "updatedTimestamp": "Jan 24, 2021 2:00:52 AM",
    "createdTimestamp": "Jan 24, 2021 2:00:52 AM",
    "isNewlyAdded": false,
    "isActive": true,
    "isDealsEnabled": false,
    "quantity": 0
  },
  {
    "id": 4168,
    "code": "Angus Beef Xtra Lean Round Stew",
    "desc": "Angus Beef Xtra Lean Round Stew",
    "shortDesc": "Angus Beef Xtra Lean Round Stew",
    "tags": [
      "Beef"
    ],
    "categories": [
      {
        "code": "Meat \u0026 Seafood",
        "desc": "Meat \u0026 Seafood"
      }
    ],
    "subCategories": [
      {
        "code": "Packaged Meat \u0026 Seafood",
        "desc": "Packaged Meat \u0026 Seafood"
      }
    ],
    "brands": [
      {
        "code": "Angus Beef",
        "desc": "Angus Beef"
      }
    ],
    "price": {
      "basePrice": 4.89,
      "discountPrice": 4.89
    },
    "type": {
      "code": "Beef",
      "desc": "Beef"
    },
    "weight": "1 lb",
    "UpcCode": "",
    "tax": 0.0,
    "spiceLevel": "",
    "aiselNo": "22",
    "store": "Market Basket",
    "weightType": "1 lb",
    "imageName": "16690.jpg",
    "defaultImage": "16690.jpg",
    "updatedTimestamp": "Jan 24, 2021 2:00:52 AM",
    "createdTimestamp": "Jan 24, 2021 2:00:52 AM",
    "isNewlyAdded": false,
    "isActive": true,
    "isDealsEnabled": false,
    "quantity": 0
  },
  {
    "id": 4788,
    "code": "Market Basket Cheese Tortellini",
    "desc": "Market Basket Cheese Tortellini",
    "shortDesc": "Market Basket Cheese Tortellini",
    "tags": [
      "Frozen Fish (All)"
    ],
    "categories": [
      {
        "code": "Meat \u0026 Seafood",
        "desc": "Meat \u0026 Seafood"
      }
    ],
    "subCategories": [
      {
        "code": "Frozen Meat \u0026 Seafood",
        "desc": "Frozen Meat \u0026 Seafood"
      }
    ],
    "brands": [
      {
        "code": "Market Basket",
        "desc": "Market Basket"
      }
    ],
    "price": {
      "basePrice": 1.59,
      "discountPrice": 1.59
    },
    "type": {
      "code": "Frozen Fish (All)",
      "desc": "Frozen Fish (All)"
    },
    "weight": "13 oz",
    "UpcCode": "",
    "tax": 0.0,
    "spiceLevel": "",
    "aiselNo": "18",
    "store": "Market Basket",
    "weightType": "13 oz",
    "imageName": "Market Basket.jpg",
    "defaultImage": "Market Basket.jpg",
    "updatedTimestamp": "Jan 24, 2021 2:00:52 AM",
    "createdTimestamp": "Jan 24, 2021 2:00:52 AM",
    "isNewlyAdded": false,
    "isActive": true,
    "isDealsEnabled": false,
    "quantity": 0
  },
  {
    "id": 4074,
    "code": "Market Basket Beef Chuck Boneless Beef For Stew",
    "desc": "Market Basket Beef Chuck Boneless Beef For Stew",
    "shortDesc": "Market Basket Beef Chuck Boneless Beef For Stew",
    "tags": [
      "Beef"
    ],
    "categories": [
      {
        "code": "Meat \u0026 Seafood",
        "desc": "Meat \u0026 Seafood"
      }
    ],
    "subCategories": [
      {
        "code": "Meat \u0026 Seafood Counter",
        "desc": "Meat \u0026 Seafood Counter"
      }
    ],
    "brands": [
      {
        "code": "Market Basket",
        "desc": "Market Basket"
      }
    ],
    "price": {
      "basePrice": 9.48,
      "discountPrice": 9.48
    },
    "type": {
      "code": "Beef",
      "desc": "Beef"
    },
    "weight": "Approx: 1.46 lb at $6.49/lb",
    "UpcCode": "",
    "tax": 0.0,
    "spiceLevel": "",
    "aiselNo": "22",
    "store": "Market Basket",
    "weightType": "Approx: 1.46 lb at $6.49/lb",
    "imageName": "4036.jpg",
    "defaultImage": "4036.jpg",
    "updatedTimestamp": "Jan 24, 2021 2:00:52 AM",
    "createdTimestamp": "Jan 24, 2021 2:00:52 AM",
    "isNewlyAdded": false,
    "isActive": true,
    "isDealsEnabled": false,
    "quantity": 0
  },
  {
    "id": 30167,
    "code": "Applegate Hickory Smoked Uncured Turkey Bacon ",
    "desc": "Applegate Hickory Smoked Uncured Turkey Bacon ",
    "shortDesc": "Applegate Hickory Smoked Uncured Turkey Bacon ",
    "tags": [
      "Bacon"
    ],
    "categories": [
      {
        "code": "Meat \u0026 Seafood",
        "desc": "Meat \u0026 Seafood"
      }
    ],
    "subCategories": [
      {
        "code": "Hot Dogs, Bacon \u0026 Sausage",
        "desc": "Hot Dogs, Bacon \u0026 Sausage"
      }
    ],
    "brands": [],
    "price": {
      "basePrice": 8.49,
      "discountPrice": 8.49
    },
    "type": {
      "code": "Bacon",
      "desc": "Bacon"
    },
    "weight": "8 oz",
    "UpcCode": "",
    "tax": 0.0,
    "spiceLevel": "",
    "aiselNo": "1",
    "store": "Market Basket",
    "weightType": "8 oz",
    "imageName": "X4462.jpg",
    "defaultImage": "X4462.jpg",
    "updatedTimestamp": "Jan 24, 2021 2:00:53 AM",
    "createdTimestamp": "Jan 24, 2021 2:00:53 AM",
    "isNewlyAdded": false,
    "isActive": true,
    "isDealsEnabled": false,
    "quantity": 0
  },
  {
    "id": 4242,
    "code": "Smithfield Ham Slice",
    "desc": "Smithfield Ham Slice",
    "shortDesc": "Smithfield Ham Slice",
    "tags": [
      "Ham"
    ],
    "categories": [
      {
        "code": "Meat \u0026 Seafood",
        "desc": "Meat \u0026 Seafood"
      }
    ],
    "subCategories": [
      {
        "code": "Packaged Meat \u0026 Seafood",
        "desc": "Packaged Meat \u0026 Seafood"
      }
    ],
    "brands": [
      {
        "code": "Smithfield",
        "desc": "Smithfield"
      }
    ],
    "price": {
      "basePrice": 4.89,
      "discountPrice": 4.89
    },
    "type": {
      "code": "Ham",
      "desc": "Ham"
    },
    "weight": "12 oz",
    "UpcCode": "",
    "tax": 0.0,
    "spiceLevel": "",
    "aiselNo": "1",
    "store": "Market Basket",
    "weightType": "12 oz",
    "imageName": "4079.jpg",
    "defaultImage": "4079.jpg",
    "updatedTimestamp": "Jan 24, 2021 2:00:52 AM",
    "createdTimestamp": "Jan 24, 2021 2:00:52 AM",
    "isNewlyAdded": false,
    "isActive": true,
    "isDealsEnabled": false,
    "quantity": 0
  },
  {
    "id": 4785,
    "code": "Market Basket 41 50 Per Pound Shell On Medium Shrimp",
    "desc": "Market Basket 41 50 Per Pound Shell On Medium Shrimp",
    "shortDesc": "Market Basket 41 50 Per Pound Shell On Medium Shrimp",
    "tags": [
      "Frozen Shrimp"
    ],
    "categories": [
      {
        "code": "Meat \u0026 Seafood",
        "desc": "Meat \u0026 Seafood"
      }
    ],
    "subCategories": [
      {
        "code": "Frozen Meat \u0026 Seafood",
        "desc": "Frozen Meat \u0026 Seafood"
      }
    ],
    "brands": [
      {
        "code": "Market Basket",
        "desc": "Market Basket"
      }
    ],
    "price": {
      "basePrice": 19.39,
      "discountPrice": 19.39
    },
    "type": {
      "code": "Frozen Shrimp",
      "desc": "Frozen Shrimp"
    },
    "weight": "32 oz",
    "UpcCode": "",
    "tax": 0.0,
    "spiceLevel": "",
    "aiselNo": "22",
    "store": "Market Basket",
    "weightType": "32 oz",
    "imageName": "Market Basket.jpg",
    "defaultImage": "Market Basket.jpg",
    "updatedTimestamp": "Jan 24, 2021 2:00:52 AM",
    "createdTimestamp": "Jan 24, 2021 2:00:52 AM",
    "isNewlyAdded": false,
    "isActive": true,
    "isDealsEnabled": false,
    "quantity": 0
  },
  {
    "id": 4585,
    "code": "Butterball Honey Roasted Extra Thin Sliced Turkey Breast",
    "desc": "Butterball Honey Roasted Extra Thin Sliced Turkey Breast",
    "shortDesc": "Butterball Honey Roasted Extra Thin Sliced Turkey Breast",
    "tags": [
      "Turkey"
    ],
    "categories": [
      {
        "code": "Meat \u0026 Seafood",
        "desc": "Meat \u0026 Seafood"
      }
    ],
    "subCategories": [
      {
        "code": "Lunch Meat",
        "desc": "Lunch Meat"
      }
    ],
    "brands": [
      {
        "code": "Extra",
        "desc": "Extra"
      }
    ],
    "price": {
      "basePrice": 4.29,
      "discountPrice": 4.29
    },
    "type": {
      "code": "Turkey",
      "desc": "Turkey"
    },
    "weight": "9 oz",
    "UpcCode": "",
    "tax": 0.0,
    "spiceLevel": "",
    "aiselNo": "1",
    "store": "Market Basket",
    "weightType": "9 oz",
    "imageName": "5454.jpg",
    "defaultImage": "5454.jpg",
    "updatedTimestamp": "Jan 24, 2021 2:00:52 AM",
    "createdTimestamp": "Jan 24, 2021 2:00:52 AM",
    "isNewlyAdded": false,
    "isActive": true,
    "isDealsEnabled": false,
    "quantity": 0
  },
  {
    "id": 4341,
    "code": "Norwegian Salmon",
    "desc": "Norwegian Salmon",
    "shortDesc": "Norwegian Salmon",
    "tags": [
      "Salmon"
    ],
    "categories": [
      {
        "code": "Meat \u0026 Seafood",
        "desc": "Meat \u0026 Seafood"
      }
    ],
    "subCategories": [
      {
        "code": "Meat \u0026 Seafood Counter",
        "desc": "Meat \u0026 Seafood Counter"
      }
    ],
    "brands": [
      {
        "code": "Norwegian",
        "desc": "Norwegian"
      }
    ],
    "price": {
      "basePrice": 10.99,
      "discountPrice": 10.99
    },
    "type": {
      "code": "Salmon",
      "desc": "Salmon"
    },
    "weight": "1 lb",
    "UpcCode": "",
    "tax": 0.0,
    "spiceLevel": "",
    "aiselNo": "22",
    "store": "Market Basket",
    "weightType": "1 lb",
    "imageName": "No Image.jpg",
    "defaultImage": "No Image.jpg",
    "updatedTimestamp": "Jan 24, 2021 2:00:52 AM",
    "createdTimestamp": "Jan 24, 2021 2:00:52 AM",
    "isNewlyAdded": false,
    "isActive": true,
    "isDealsEnabled": false,
    "quantity": 0
  },
  {
    "id": 4375,
    "code": "Thin \u0027n Trim Honey Turkey Breast",
    "desc": "Thin \u0027n Trim Honey Turkey Breast",
    "shortDesc": "Thin \u0027n Trim Honey Turkey Breast",
    "tags": [
      "Turkey Breast"
    ],
    "categories": [
      {
        "code": "Meat \u0026 Seafood",
        "desc": "Meat \u0026 Seafood"
      }
    ],
    "subCategories": [
      {
        "code": "Meat \u0026 Seafood Counter",
        "desc": "Meat \u0026 Seafood Counter"
      }
    ],
    "brands": [
      {
        "code": "Thin \u0027n Trim",
        "desc": "Thin \u0027n Trim"
      }
    ],
    "price": {
      "basePrice": 7.39,
      "discountPrice": 7.39
    },
    "type": {
      "code": "Turkey Breast",
      "desc": "Turkey Breast"
    },
    "weight": "1 lb",
    "UpcCode": "",
    "tax": 0.0,
    "spiceLevel": "",
    "aiselNo": "22",
    "store": "Market Basket",
    "weightType": "1 lb",
    "imageName": "No Image.jpg",
    "defaultImage": "No Image.jpg",
    "updatedTimestamp": "Jan 24, 2021 2:00:52 AM",
    "createdTimestamp": "Jan 24, 2021 2:00:52 AM",
    "isNewlyAdded": false,
    "isActive": true,
    "isDealsEnabled": false,
    "quantity": 0
  },
  {
    "id": 4130,
    "code": "Chicken Tenderloins",
    "desc": "Chicken Tenderloins",
    "shortDesc": "Chicken Tenderloins",
    "tags": [
      "Chicken Tenderloins"
    ],
    "categories": [
      {
        "code": "Meat \u0026 Seafood",
        "desc": "Meat \u0026 Seafood"
      }
    ],
    "subCategories": [
      {
        "code": "Meat \u0026 Seafood Counter",
        "desc": "Meat \u0026 Seafood Counter"
      }
    ],
    "brands": [
      {
        "code": "Market Basket",
        "desc": "Market Basket"
      }
    ],
    "price": {
      "basePrice": 5.49,
      "discountPrice": 5.49
    },
    "type": {
      "code": "Chicken Tenderloins",
      "desc": "Chicken Tenderloins"
    },
    "weight": "1 lb",
    "UpcCode": "",
    "tax": 0.0,
    "spiceLevel": "",
    "aiselNo": "22",
    "store": "Market Basket",
    "weightType": "1 lb",
    "imageName": "Market Basket.jpg",
    "defaultImage": "Market Basket.jpg",
    "updatedTimestamp": "Jan 24, 2021 2:00:52 AM",
    "createdTimestamp": "Jan 24, 2021 2:00:52 AM",
    "isNewlyAdded": false,
    "isActive": true,
    "isDealsEnabled": false,
    "quantity": 0
  },
  {
    "id": 4749,
    "code": "Tyson Fully Cooked Chicken Patties, Frozen",
    "desc": "Tyson Fully Cooked Chicken Patties, Frozen",
    "shortDesc": "Tyson Fully Cooked Chicken Patties, Frozen",
    "tags": [
      "Chicken Products"
    ],
    "categories": [
      {
        "code": "Meat \u0026 Seafood",
        "desc": "Meat \u0026 Seafood"
      }
    ],
    "subCategories": [
      {
        "code": "Frozen Meat \u0026 Seafood",
        "desc": "Frozen Meat \u0026 Seafood"
      }
    ],
    "brands": [
      {
        "code": "Tyson",
        "desc": "Tyson"
      }
    ],
    "price": {
      "basePrice": 6.86,
      "discountPrice": 6.86
    },
    "type": {
      "code": "Chicken Products",
      "desc": "Chicken Products"
    },
    "weight": "26 oz",
    "UpcCode": "",
    "tax": 0.0,
    "spiceLevel": "",
    "aiselNo": "22",
    "store": "Market Basket",
    "weightType": "26 oz",
    "imageName": "2909.jpg",
    "defaultImage": "2909.jpg",
    "updatedTimestamp": "Jan 24, 2021 2:00:52 AM",
    "createdTimestamp": "Jan 24, 2021 2:00:52 AM",
    "isNewlyAdded": false,
    "isActive": true,
    "isDealsEnabled": false,
    "quantity": 0
  },
  {
    "id": 4210,
    "code": "Perdue Ground Chicken Breast",
    "desc": "Perdue Ground Chicken Breast",
    "shortDesc": "Perdue Ground Chicken Breast",
    "tags": [
      "Chicken Breast"
    ],
    "categories": [
      {
        "code": "Meat \u0026 Seafood",
        "desc": "Meat \u0026 Seafood"
      }
    ],
    "subCategories": [
      {
        "code": "Packaged Meat \u0026 Seafood",
        "desc": "Packaged Meat \u0026 Seafood"
      }
    ],
    "brands": [
      {
        "code": "Perdue",
        "desc": "Perdue"
      }
    ],
    "price": {
      "basePrice": 4.99,
      "discountPrice": 4.99
    },
    "type": {
      "code": "Chicken Breast",
      "desc": "Chicken Breast"
    },
    "weight": "1 lb",
    "UpcCode": "",
    "tax": 0.0,
    "spiceLevel": "",
    "aiselNo": "22",
    "store": "Market Basket",
    "weightType": "1 lb",
    "imageName": "4101.jpg",
    "defaultImage": "4101.jpg",
    "updatedTimestamp": "Jan 24, 2021 2:00:52 AM",
    "createdTimestamp": "Jan 24, 2021 2:00:52 AM",
    "isNewlyAdded": false,
    "isActive": true,
    "isDealsEnabled": false,
    "quantity": 0
  },
  {
    "id": 4208,
    "code": "Perdue Carved Chicken BreastOriginal Roasted",
    "desc": "Perdue Carved Chicken BreastOriginal Roasted",
    "shortDesc": "Perdue Carved Chicken BreastOriginal Roasted",
    "tags": [
      "Chicken Breast"
    ],
    "categories": [
      {
        "code": "Meat \u0026 Seafood",
        "desc": "Meat \u0026 Seafood"
      }
    ],
    "subCategories": [
      {
        "code": "Packaged Meat \u0026 Seafood",
        "desc": "Packaged Meat \u0026 Seafood"
      }
    ],
    "brands": [
      {
        "code": "Perdue",
        "desc": "Perdue"
      }
    ],
    "price": {
      "basePrice": 4.89,
      "discountPrice": 4.89
    },
    "type": {
      "code": "Chicken Breast",
      "desc": "Chicken Breast"
    },
    "weight": "0.56 lb",
    "UpcCode": "",
    "tax": 0.0,
    "spiceLevel": "",
    "aiselNo": "22",
    "store": "Market Basket",
    "weightType": "0.56 lb",
    "imageName": "4106.jpg",
    "defaultImage": "4106.jpg",
    "updatedTimestamp": "Jan 24, 2021 2:00:52 AM",
    "createdTimestamp": "Jan 24, 2021 2:00:52 AM",
    "isNewlyAdded": false,
    "isActive": true,
    "isDealsEnabled": false,
    "quantity": 0
  },
  {
    "id": 4198,
    "code": "Harvestland Boneless Skinless Chicken Breast",
    "desc": "Harvestland Boneless Skinless Chicken Breast",
    "shortDesc": "Harvestland Boneless Skinless Chicken Breast",
    "tags": [
      "Chicken Breast"
    ],
    "categories": [
      {
        "code": "Meat \u0026 Seafood",
        "desc": "Meat \u0026 Seafood"
      }
    ],
    "subCategories": [
      {
        "code": "Packaged Meat \u0026 Seafood",
        "desc": "Packaged Meat \u0026 Seafood"
      }
    ],
    "brands": [
      {
        "code": "Harvestland",
        "desc": "Harvestland"
      }
    ],
    "price": {
      "basePrice": 6.79,
      "discountPrice": 6.79
    },
    "type": {
      "code": "Chicken Breast",
      "desc": "Chicken Breast"
    },
    "weight": "1 lb",
    "UpcCode": "",
    "tax": 0.0,
    "spiceLevel": "",
    "aiselNo": "22",
    "store": "Market Basket",
    "weightType": "1 lb",
    "imageName": "4119.jpg",
    "defaultImage": "4119.jpg",
    "updatedTimestamp": "Jan 24, 2021 2:00:52 AM",
    "createdTimestamp": "Jan 24, 2021 2:00:52 AM",
    "isNewlyAdded": false,
    "isActive": true,
    "isDealsEnabled": false,
    "quantity": 0
  },
  {
    "id": 34529,
    "code": "Smithfield PRIMIUM PORK BREAKFAST SAUSAGE HOMETOWN Original",
    "desc": "Smithfield PRIMIUM PORK BREAKFAST SAUSAGE HOMETOWN Original",
    "shortDesc": "Smithfield PRIMIUM PORK BREAKFAST SAUSAGE HOMETOWN Original",
    "tags": [
      "Sausage"
    ],
    "categories": [
      {
        "code": "Meat \u0026 Seafood",
        "desc": "Meat \u0026 Seafood"
      }
    ],
    "subCategories": [
      {
        "code": "Hot Dogs, Bacon \u0026 Sausage",
        "desc": "Hot Dogs, Bacon \u0026 Sausage"
      }
    ],
    "brands": [
      {
        "code": "Smithfield",
        "desc": "Smithfield"
      }
    ],
    "price": {
      "basePrice": 4.61,
      "discountPrice": 4.61
    },
    "type": {
      "code": "Sausage",
      "desc": "Sausage"
    },
    "weight": "12 oz",
    "UpcCode": "",
    "tax": 0.0,
    "spiceLevel": "",
    "aiselNo": "1",
    "store": "Market Basket",
    "weightType": "12 oz",
    "imageName": "X781.jpg",
    "defaultImage": "X781.jpg",
    "updatedTimestamp": "Jan 24, 2021 2:00:53 AM",
    "createdTimestamp": "Jan 24, 2021 2:00:53 AM",
    "isNewlyAdded": false,
    "isActive": true,
    "isDealsEnabled": false,
    "quantity": 0
  },
  {
    "id": 4114,
    "code": "Perdue Chicken",
    "desc": "Perdue Chicken",
    "shortDesc": "Perdue Chicken",
    "tags": [
      "Chicken"
    ],
    "categories": [
      {
        "code": "Meat \u0026 Seafood",
        "desc": "Meat \u0026 Seafood"
      }
    ],
    "subCategories": [
      {
        "code": "Meat \u0026 Seafood Counter",
        "desc": "Meat \u0026 Seafood Counter"
      }
    ],
    "brands": [
      {
        "code": "Perdue",
        "desc": "Perdue"
      }
    ],
    "price": {
      "basePrice": 5.59,
      "discountPrice": 5.59
    },
    "type": {
      "code": "Chicken",
      "desc": "Chicken"
    },
    "weight": "1 lb",
    "UpcCode": "",
    "tax": 0.0,
    "spiceLevel": "",
    "aiselNo": "22",
    "store": "Market Basket",
    "weightType": "1 lb",
    "imageName": "No Image.jpg",
    "defaultImage": "No Image.jpg",
    "updatedTimestamp": "Jan 24, 2021 2:00:52 AM",
    "createdTimestamp": "Jan 24, 2021 2:00:52 AM",
    "isNewlyAdded": false,
    "isActive": true,
    "isDealsEnabled": false,
    "quantity": 0
  },
  {
    "id": 4345,
    "code": "Chinese Bay Scallops",
    "desc": "Chinese Bay Scallops",
    "shortDesc": "Chinese Bay Scallops",
    "tags": [
      "Scallops"
    ],
    "categories": [
      {
        "code": "Meat \u0026 Seafood",
        "desc": "Meat \u0026 Seafood"
      }
    ],
    "subCategories": [
      {
        "code": "Meat \u0026 Seafood Counter",
        "desc": "Meat \u0026 Seafood Counter"
      }
    ],
    "brands": [
      {
        "code": "Market Basket",
        "desc": "Market Basket"
      }
    ],
    "price": {
      "basePrice": 10.99,
      "discountPrice": 10.99
    },
    "type": {
      "code": "Scallops",
      "desc": "Scallops"
    },
    "weight": "1 lb",
    "UpcCode": "",
    "tax": 0.0,
    "spiceLevel": "",
    "aiselNo": "22",
    "store": "Market Basket",
    "weightType": "1 lb",
    "imageName": "16687.jpg",
    "defaultImage": "16687.jpg",
    "updatedTimestamp": "Jan 24, 2021 2:00:52 AM",
    "createdTimestamp": "Jan 24, 2021 2:00:52 AM",
    "isNewlyAdded": false,
    "isActive": true,
    "isDealsEnabled": false,
    "quantity": 0
  },
  {
    "id": 4190,
    "code": "On Cor Clear Bags Chicken Nibblers",
    "desc": "On Cor Clear Bags Chicken Nibblers",
    "shortDesc": "On Cor Clear Bags Chicken Nibblers",
    "tags": [
      "Chicken"
    ],
    "categories": [
      {
        "code": "Meat \u0026 Seafood",
        "desc": "Meat \u0026 Seafood"
      }
    ],
    "subCategories": [
      {
        "code": "Packaged Meat \u0026 Seafood",
        "desc": "Packaged Meat \u0026 Seafood"
      }
    ],
    "brands": [
      {
        "code": "On Cor",
        "desc": "On Cor"
      }
    ],
    "price": {
      "basePrice": 6.09,
      "discountPrice": 6.09
    },
    "type": {
      "code": "Chicken",
      "desc": "Chicken"
    },
    "weight": "36 oz",
    "UpcCode": "",
    "tax": 0.0,
    "spiceLevel": "",
    "aiselNo": "1",
    "store": "Market Basket",
    "weightType": "36 oz",
    "imageName": "16712.jpg",
    "defaultImage": "16712.jpg",
    "updatedTimestamp": "Jan 24, 2021 2:00:52 AM",
    "createdTimestamp": "Jan 24, 2021 2:00:52 AM",
    "isNewlyAdded": false,
    "isActive": true,
    "isDealsEnabled": false,
    "quantity": 0
  },
  {
    "id": 4136,
    "code": "Hot-N-Ready Buffalo Chicken Wings",
    "desc": "Hot-N-Ready Buffalo Chicken Wings",
    "shortDesc": "Hot-N-Ready Buffalo Chicken Wings",
    "tags": [
      "Chicken Wings"
    ],
    "categories": [
      {
        "code": "Meat \u0026 Seafood",
        "desc": "Meat \u0026 Seafood"
      }
    ],
    "subCategories": [
      {
        "code": "Meat \u0026 Seafood Counter",
        "desc": "Meat \u0026 Seafood Counter"
      }
    ],
    "brands": [
      {
        "code": "Market Basket",
        "desc": "Market Basket"
      }
    ],
    "price": {
      "basePrice": 7.39,
      "discountPrice": 7.39
    },
    "type": {
      "code": "Chicken Wings",
      "desc": "Chicken Wings"
    },
    "weight": "1 lb",
    "UpcCode": "",
    "tax": 0.0,
    "spiceLevel": "",
    "aiselNo": "22",
    "store": "Market Basket",
    "weightType": "1 lb",
    "imageName": "Market Basket.jpg",
    "defaultImage": "Market Basket.jpg",
    "updatedTimestamp": "Jan 24, 2021 2:00:52 AM",
    "createdTimestamp": "Jan 24, 2021 2:00:52 AM",
    "isNewlyAdded": false,
    "isActive": true,
    "isDealsEnabled": false,
    "quantity": 0
  },
  {
    "id": 4269,
    "code": "Ruby Bay All Natural Smoked Salmon",
    "desc": "Ruby Bay All Natural Smoked Salmon",
    "shortDesc": "Ruby Bay All Natural Smoked Salmon",
    "tags": [
      "Salmon"
    ],
    "categories": [
      {
        "code": "Meat \u0026 Seafood",
        "desc": "Meat \u0026 Seafood"
      }
    ],
    "subCategories": [
      {
        "code": "Packaged Meat \u0026 Seafood",
        "desc": "Packaged Meat \u0026 Seafood"
      }
    ],
    "brands": [
      {
        "code": "Ruby Bay",
        "desc": "Ruby Bay"
      }
    ],
    "price": {
      "basePrice": 6.89,
      "discountPrice": 6.89
    },
    "type": {
      "code": "Salmon",
      "desc": "Salmon"
    },
    "weight": "3 oz",
    "UpcCode": "",
    "tax": 0.0,
    "spiceLevel": "",
    "aiselNo": "22",
    "store": "Market Basket",
    "weightType": "3 oz",
    "imageName": "4130.jpg",
    "defaultImage": "4130.jpg",
    "updatedTimestamp": "Jan 24, 2021 2:00:52 AM",
    "createdTimestamp": "Jan 24, 2021 2:00:52 AM",
    "isNewlyAdded": false,
    "isActive": true,
    "isDealsEnabled": false,
    "quantity": 0
  },
  {
    "id": 4151,
    "code": "Krakus Polish Ham",
    "desc": "Krakus Polish Ham",
    "shortDesc": "Krakus Polish Ham",
    "tags": [
      "Ham"
    ],
    "categories": [
      {
        "code": "Meat \u0026 Seafood",
        "desc": "Meat \u0026 Seafood"
      }
    ],
    "subCategories": [
      {
        "code": "Meat \u0026 Seafood Counter",
        "desc": "Meat \u0026 Seafood Counter"
      }
    ],
    "brands": [
      {
        "code": "Krakus",
        "desc": "Krakus"
      }
    ],
    "price": {
      "basePrice": 7.39,
      "discountPrice": 7.39
    },
    "type": {
      "code": "Ham",
      "desc": "Ham"
    },
    "weight": "1 lb",
    "UpcCode": "",
    "tax": 0.0,
    "spiceLevel": "",
    "aiselNo": "22",
    "store": "Market Basket",
    "weightType": "1 lb",
    "imageName": "No Image.jpg",
    "defaultImage": "No Image.jpg",
    "updatedTimestamp": "Jan 24, 2021 2:00:52 AM",
    "createdTimestamp": "Jan 24, 2021 2:00:52 AM",
    "isNewlyAdded": false,
    "isActive": true,
    "isDealsEnabled": false,
    "quantity": 0
  },
  {
    "id": 4373,
    "code": "Shady Brooks Farms Ground Turkey",
    "desc": "Shady Brooks Farms Ground Turkey",
    "shortDesc": "Shady Brooks Farms Ground Turkey",
    "tags": [
      "Turkey"
    ],
    "categories": [
      {
        "code": "Meat \u0026 Seafood",
        "desc": "Meat \u0026 Seafood"
      }
    ],
    "subCategories": [
      {
        "code": "Meat \u0026 Seafood Counter",
        "desc": "Meat \u0026 Seafood Counter"
      }
    ],
    "brands": [
      {
        "code": "Shady Brook Farms",
        "desc": "Shady Brook Farms"
      }
    ],
    "price": {
      "basePrice": 4.09,
      "discountPrice": 4.09
    },
    "type": {
      "code": "Turkey",
      "desc": "Turkey"
    },
    "weight": "1 lb",
    "UpcCode": "",
    "tax": 0.0,
    "spiceLevel": "",
    "aiselNo": "22",
    "store": "Market Basket",
    "weightType": "1 lb",
    "imageName": "16681.jpg",
    "defaultImage": "16681.jpg",
    "updatedTimestamp": "Jan 24, 2021 2:00:52 AM",
    "createdTimestamp": "Jan 24, 2021 2:00:52 AM",
    "isNewlyAdded": false,
    "isActive": true,
    "isDealsEnabled": false,
    "quantity": 0
  },
  {
    "id": 4070,
    "code": "Market Basket 85% Lean Ground Beef",
    "desc": "Market Basket 85% Lean Ground Beef",
    "shortDesc": "Market Basket 85% Lean Ground Beef",
    "tags": [
      "Beef"
    ],
    "categories": [
      {
        "code": "Meat \u0026 Seafood",
        "desc": "Meat \u0026 Seafood"
      }
    ],
    "subCategories": [
      {
        "code": "Meat \u0026 Seafood Counter",
        "desc": "Meat \u0026 Seafood Counter"
      }
    ],
    "brands": [
      {
        "code": "Market Basket",
        "desc": "Market Basket"
      }
    ],
    "price": {
      "basePrice": 6.14,
      "discountPrice": 6.14
    },
    "type": {
      "code": "Beef",
      "desc": "Beef"
    },
    "weight": "Approx: 1.16 lb at $5.29/lb",
    "UpcCode": "",
    "tax": 0.0,
    "spiceLevel": "",
    "aiselNo": "22",
    "store": "Market Basket",
    "weightType": "Approx: 1.16 lb at $5.29/lb",
    "imageName": "4035.jpg",
    "defaultImage": "4035.jpg",
    "updatedTimestamp": "Jan 24, 2021 2:00:52 AM",
    "createdTimestamp": "Jan 24, 2021 2:00:52 AM",
    "isNewlyAdded": false,
    "isActive": true,
    "isDealsEnabled": false,
    "quantity": 0
  },
  {
    "id": 30700,
    "code": "Buddig Smoked Chopped ,Pressed Turkey ",
    "desc": "Buddig Smoked Chopped ,Pressed Turkey ",
    "shortDesc": "Buddig Smoked Chopped ,Pressed Turkey ",
    "tags": [
      "Turkey"
    ],
    "categories": [
      {
        "code": "Meat \u0026 Seafood",
        "desc": "Meat \u0026 Seafood"
      }
    ],
    "subCategories": [
      {
        "code": "Packaged Meat \u0026 Seafood",
        "desc": "Packaged Meat \u0026 Seafood"
      }
    ],
    "brands": [
      {
        "code": "Buddig",
        "desc": "Buddig"
      }
    ],
    "price": {
      "basePrice": 0.8,
      "discountPrice": 0.8
    },
    "type": {
      "code": "Turkey",
      "desc": "Turkey"
    },
    "weight": "2 oz",
    "UpcCode": "",
    "tax": 0.0,
    "spiceLevel": "",
    "aiselNo": "1",
    "store": "Market Basket",
    "weightType": "2 oz",
    "imageName": "X4508.jpg",
    "defaultImage": "X4508.jpg",
    "updatedTimestamp": "Jan 24, 2021 2:00:53 AM",
    "createdTimestamp": "Jan 24, 2021 2:00:53 AM",
    "isNewlyAdded": false,
    "isActive": true,
    "isDealsEnabled": false,
    "quantity": 0
  },
  {
    "id": 4542,
    "code": "Domestic Prosciutto",
    "desc": "Domestic Prosciutto",
    "shortDesc": "Domestic Prosciutto",
    "tags": [
      "Other Meat"
    ],
    "categories": [
      {
        "code": "Meat \u0026 Seafood",
        "desc": "Meat \u0026 Seafood"
      }
    ],
    "subCategories": [
      {
        "code": "Lunch Meat",
        "desc": "Lunch Meat"
      }
    ],
    "brands": [
      {
        "code": "Domestic",
        "desc": "Domestic"
      }
    ],
    "price": {
      "basePrice": 3.49,
      "discountPrice": 3.49
    },
    "type": {
      "code": "Other Meat",
      "desc": "Other Meat"
    },
    "weight": "1 lb",
    "UpcCode": "",
    "tax": 0.0,
    "spiceLevel": "",
    "aiselNo": "22",
    "store": "Market Basket",
    "weightType": "1 lb",
    "imageName": "17276.jpg",
    "defaultImage": "17276.jpg",
    "updatedTimestamp": "Jan 24, 2021 2:00:52 AM",
    "createdTimestamp": "Jan 24, 2021 2:00:52 AM",
    "isNewlyAdded": false,
    "isActive": true,
    "isDealsEnabled": false,
    "quantity": 0
  },
  {
    "id": 4727,
    "code": "El Monterey Egg, Bacon \u0026 Cheese Breakfast Taquitos",
    "desc": "El Monterey Egg, Bacon \u0026 Cheese Breakfast Taquitos",
    "shortDesc": "El Monterey Egg, Bacon \u0026 Cheese Breakfast Taquitos",
    "tags": [
      "Bacon"
    ],
    "categories": [
      {
        "code": "Meat \u0026 Seafood",
        "desc": "Meat \u0026 Seafood"
      }
    ],
    "subCategories": [
      {
        "code": "Frozen Meat \u0026 Seafood",
        "desc": "Frozen Meat \u0026 Seafood"
      }
    ],
    "brands": [
      {
        "code": "Monterey",
        "desc": "Monterey"
      }
    ],
    "price": {
      "basePrice": 6.99,
      "discountPrice": 6.99
    },
    "type": {
      "code": "Bacon",
      "desc": "Bacon"
    },
    "weight": "21 oz",
    "UpcCode": "",
    "tax": 0.0,
    "spiceLevel": "",
    "aiselNo": "1",
    "store": "Market Basket",
    "weightType": "21 oz",
    "imageName": "15795.jpg",
    "defaultImage": "15795.jpg",
    "updatedTimestamp": "Jan 24, 2021 2:00:52 AM",
    "createdTimestamp": "Jan 24, 2021 2:00:52 AM",
    "isNewlyAdded": false,
    "isActive": true,
    "isDealsEnabled": false,
    "quantity": 0
  },
  {
    "id": 4166,
    "code": "Market Basket Center Cut Bacon",
    "desc": "Market Basket Center Cut Bacon",
    "shortDesc": "Market Basket Center Cut Bacon",
    "tags": [
      "Bacon"
    ],
    "categories": [
      {
        "code": "Meat \u0026 Seafood",
        "desc": "Meat \u0026 Seafood"
      }
    ],
    "subCategories": [
      {
        "code": "Packaged Meat \u0026 Seafood",
        "desc": "Packaged Meat \u0026 Seafood"
      }
    ],
    "brands": [
      {
        "code": "Market Basket",
        "desc": "Market Basket"
      }
    ],
    "price": {
      "basePrice": 6.24,
      "discountPrice": 6.24
    },
    "type": {
      "code": "Bacon",
      "desc": "Bacon"
    },
    "weight": "1 pack",
    "UpcCode": "",
    "tax": 0.0,
    "spiceLevel": "",
    "aiselNo": "1",
    "store": "Market Basket",
    "weightType": "1 pack",
    "imageName": "Market Basket.jpg",
    "defaultImage": "Market Basket.jpg",
    "updatedTimestamp": "Jan 24, 2021 2:00:52 AM",
    "createdTimestamp": "Jan 24, 2021 2:00:52 AM",
    "isNewlyAdded": false,
    "isActive": true,
    "isDealsEnabled": false,
    "quantity": 0
  },
  {
    "id": 4163,
    "code": "Market Basket Fresh American Choice Ground Lamb",
    "desc": "Market Basket Fresh American Choice Ground Lamb",
    "shortDesc": "Market Basket Fresh American Choice Ground Lamb",
    "tags": [
      "Lamb"
    ],
    "categories": [
      {
        "code": "Meat \u0026 Seafood",
        "desc": "Meat \u0026 Seafood"
      }
    ],
    "subCategories": [
      {
        "code": "Meat \u0026 Seafood Counter",
        "desc": "Meat \u0026 Seafood Counter"
      }
    ],
    "brands": [
      {
        "code": "Market Basket",
        "desc": "Market Basket"
      }
    ],
    "price": {
      "basePrice": 9.06,
      "discountPrice": 9.06
    },
    "type": {
      "code": "Lamb",
      "desc": "Lamb"
    },
    "weight": "Approx: 1.05 lb at $8.59/lb",
    "UpcCode": "",
    "tax": 0.0,
    "spiceLevel": "",
    "aiselNo": "22",
    "store": "Market Basket",
    "weightType": "Approx: 1.05 lb at $8.59/lb",
    "imageName": "Market Basket.jpg",
    "defaultImage": "Market Basket.jpg",
    "updatedTimestamp": "Jan 24, 2021 2:00:52 AM",
    "createdTimestamp": "Jan 24, 2021 2:00:52 AM",
    "isNewlyAdded": false,
    "isActive": true,
    "isDealsEnabled": false,
    "quantity": 0
  },
  {
    "id": 4203,
    "code": "Perdue Breaded Chicken Breast Nuggets",
    "desc": "Perdue Breaded Chicken Breast Nuggets",
    "shortDesc": "Perdue Breaded Chicken Breast Nuggets",
    "tags": [
      "Chicken Breast"
    ],
    "categories": [
      {
        "code": "Meat \u0026 Seafood",
        "desc": "Meat \u0026 Seafood"
      }
    ],
    "subCategories": [
      {
        "code": "Packaged Meat \u0026 Seafood",
        "desc": "Packaged Meat \u0026 Seafood"
      }
    ],
    "brands": [
      {
        "code": "Perdue",
        "desc": "Perdue"
      }
    ],
    "price": {
      "basePrice": 3.69,
      "discountPrice": 3.69
    },
    "type": {
      "code": "Chicken Breast",
      "desc": "Chicken Breast"
    },
    "weight": "0.75 lb",
    "UpcCode": "",
    "tax": 0.0,
    "spiceLevel": "",
    "aiselNo": "22",
    "store": "Market Basket",
    "weightType": "0.75 lb",
    "imageName": "4103.jpg",
    "defaultImage": "4103.jpg",
    "updatedTimestamp": "Jan 24, 2021 2:00:52 AM",
    "createdTimestamp": "Jan 24, 2021 2:00:52 AM",
    "isNewlyAdded": false,
    "isActive": true,
    "isDealsEnabled": false,
    "quantity": 0
  },
  {
    "id": 4365,
    "code": "Thin \u0027n Trim Thin Cut Bottom Round Steak",
    "desc": "Thin \u0027n Trim Thin Cut Bottom Round Steak",
    "shortDesc": "Thin \u0027n Trim Thin Cut Bottom Round Steak",
    "tags": [
      "Steak"
    ],
    "categories": [
      {
        "code": "Meat \u0026 Seafood",
        "desc": "Meat \u0026 Seafood"
      }
    ],
    "subCategories": [
      {
        "code": "Meat \u0026 Seafood Counter",
        "desc": "Meat \u0026 Seafood Counter"
      }
    ],
    "brands": [
      {
        "code": "Thin \u0027n Trim",
        "desc": "Thin \u0027n Trim"
      }
    ],
    "price": {
      "basePrice": 7.39,
      "discountPrice": 7.39
    },
    "type": {
      "code": "Steak",
      "desc": "Steak"
    },
    "weight": "1 lb",
    "UpcCode": "",
    "tax": 0.0,
    "spiceLevel": "",
    "aiselNo": "1",
    "store": "Market Basket",
    "weightType": "1 lb",
    "imageName": "No Image.jpg",
    "defaultImage": "No Image.jpg",
    "updatedTimestamp": "Jan 24, 2021 2:00:52 AM",
    "createdTimestamp": "Jan 24, 2021 2:00:52 AM",
    "isNewlyAdded": false,
    "isActive": true,
    "isDealsEnabled": false,
    "quantity": 0
  },
  {
    "id": 4112,
    "code": "Market Basket Asian Sweet Chili Chicken Tips",
    "desc": "Market Basket Asian Sweet Chili Chicken Tips",
    "shortDesc": "Market Basket Asian Sweet Chili Chicken Tips",
    "tags": [
      "Chicken"
    ],
    "categories": [
      {
        "code": "Meat \u0026 Seafood",
        "desc": "Meat \u0026 Seafood"
      }
    ],
    "subCategories": [
      {
        "code": "Meat \u0026 Seafood Counter",
        "desc": "Meat \u0026 Seafood Counter"
      }
    ],
    "brands": [
      {
        "code": "Market Basket",
        "desc": "Market Basket"
      }
    ],
    "price": {
      "basePrice": 6.6,
      "discountPrice": 6.6
    },
    "type": {
      "code": "Chicken",
      "desc": "Chicken"
    },
    "weight": "Approx: 1.20 lb at $5.49/lb",
    "UpcCode": "",
    "tax": 0.0,
    "spiceLevel": "",
    "aiselNo": "22",
    "store": "Market Basket",
    "weightType": "Approx: 1.20 lb at $5.49/lb",
    "imageName": "Market Basket.jpg",
    "defaultImage": "Market Basket.jpg",
    "updatedTimestamp": "Jan 24, 2021 2:00:52 AM",
    "createdTimestamp": "Jan 24, 2021 2:00:52 AM",
    "isNewlyAdded": false,
    "isActive": true,
    "isDealsEnabled": false,
    "quantity": 0
  },
  {
    "id": 4191,
    "code": "Perdue Chicken Drumsticks",
    "desc": "Perdue Chicken Drumsticks",
    "shortDesc": "Perdue Chicken Drumsticks",
    "tags": [
      "Chicken"
    ],
    "categories": [
      {
        "code": "Meat \u0026 Seafood",
        "desc": "Meat \u0026 Seafood"
      }
    ],
    "subCategories": [
      {
        "code": "Packaged Meat \u0026 Seafood",
        "desc": "Packaged Meat \u0026 Seafood"
      }
    ],
    "brands": [
      {
        "code": "Perdue",
        "desc": "Perdue"
      }
    ],
    "price": {
      "basePrice": 3.19,
      "discountPrice": 3.19
    },
    "type": {
      "code": "Chicken",
      "desc": "Chicken"
    },
    "weight": "1.5 lb",
    "UpcCode": "",
    "tax": 0.0,
    "spiceLevel": "",
    "aiselNo": "22",
    "store": "Market Basket",
    "weightType": "1.5 lb",
    "imageName": "4110.jpg",
    "defaultImage": "4110.jpg",
    "updatedTimestamp": "Jan 24, 2021 2:00:52 AM",
    "createdTimestamp": "Jan 24, 2021 2:00:52 AM",
    "isNewlyAdded": false,
    "isActive": true,
    "isDealsEnabled": false,
    "quantity": 0
  },
  {
    "id": 4746,
    "code": "Steak-umm Steaks Sliced",
    "desc": "Steak-umm Steaks Sliced",
    "shortDesc": "Steak-umm Steaks Sliced",
    "tags": [
      "Other Frozen Meat"
    ],
    "categories": [
      {
        "code": "Meat \u0026 Seafood",
        "desc": "Meat \u0026 Seafood"
      }
    ],
    "subCategories": [
      {
        "code": "Frozen Meat \u0026 Seafood",
        "desc": "Frozen Meat \u0026 Seafood"
      }
    ],
    "brands": [
      {
        "code": "Steak-umm",
        "desc": "Steak-umm"
      }
    ],
    "price": {
      "basePrice": 3.69,
      "discountPrice": 3.69
    },
    "type": {
      "code": "Other Frozen Meat",
      "desc": "Other Frozen Meat"
    },
    "weight": "14 count",
    "UpcCode": "",
    "tax": 0.0,
    "spiceLevel": "",
    "aiselNo": "18",
    "store": "Market Basket",
    "weightType": "14 count",
    "imageName": "16030.jpg",
    "defaultImage": "16030.jpg",
    "updatedTimestamp": "Jan 24, 2021 2:00:52 AM",
    "createdTimestamp": "Jan 24, 2021 2:00:52 AM",
    "isNewlyAdded": false,
    "isActive": true,
    "isDealsEnabled": false,
    "quantity": 0
  },
  {
    "id": 30750,
    "code": "Butterball Fully Cooked Turkey Bacon ",
    "desc": "Butterball Fully Cooked Turkey Bacon ",
    "shortDesc": "Butterball Fully Cooked Turkey Bacon ",
    "tags": [
      "Bacon"
    ],
    "categories": [
      {
        "code": "Meat \u0026 Seafood",
        "desc": "Meat \u0026 Seafood"
      }
    ],
    "subCategories": [
      {
        "code": "Packaged Meat \u0026 Seafood",
        "desc": "Packaged Meat \u0026 Seafood"
      }
    ],
    "brands": [
      {
        "code": "Butterball",
        "desc": "Butterball"
      }
    ],
    "price": {
      "basePrice": 4.99,
      "discountPrice": 4.99
    },
    "type": {
      "code": "Bacon",
      "desc": "Bacon"
    },
    "weight": "3 oz",
    "UpcCode": "",
    "tax": 0.0,
    "spiceLevel": "",
    "aiselNo": "1",
    "store": "Market Basket",
    "weightType": "3 oz",
    "imageName": "X4692.jpg",
    "defaultImage": "X4692.jpg",
    "updatedTimestamp": "Jan 24, 2021 2:00:53 AM",
    "createdTimestamp": "Jan 24, 2021 2:00:53 AM",
    "isNewlyAdded": false,
    "isActive": true,
    "isDealsEnabled": false,
    "quantity": 0
  },
  {
    "id": 4213,
    "code": "Purdue Fit in Easy Boneless Skinless Chicken Breasts",
    "desc": "Purdue Fit in Easy Boneless Skinless Chicken Breasts",
    "shortDesc": "Purdue Fit in Easy Boneless Skinless Chicken Breasts",
    "tags": [
      "Chicken Breast"
    ],
    "categories": [
      {
        "code": "Meat \u0026 Seafood",
        "desc": "Meat \u0026 Seafood"
      }
    ],
    "subCategories": [
      {
        "code": "Packaged Meat \u0026 Seafood",
        "desc": "Packaged Meat \u0026 Seafood"
      }
    ],
    "brands": [
      {
        "code": "Purdue",
        "desc": "Purdue"
      }
    ],
    "price": {
      "basePrice": 5.19,
      "discountPrice": 5.19
    },
    "type": {
      "code": "Chicken Breast",
      "desc": "Chicken Breast"
    },
    "weight": "1 pack",
    "UpcCode": "",
    "tax": 0.0,
    "spiceLevel": "",
    "aiselNo": "22",
    "store": "Market Basket",
    "weightType": "1 pack",
    "imageName": "16708.jpg",
    "defaultImage": "16708.jpg",
    "updatedTimestamp": "Jan 24, 2021 2:00:52 AM",
    "createdTimestamp": "Jan 24, 2021 2:00:52 AM",
    "isNewlyAdded": false,
    "isActive": true,
    "isDealsEnabled": false,
    "quantity": 0
  },
  {
    "id": 4171,
    "code": "Lauras Beef Beef, Ground, 92/8",
    "desc": "Lauras Beef Beef, Ground, 92/8",
    "shortDesc": "Lauras Beef Beef, Ground, 92/8",
    "tags": [
      "Beef"
    ],
    "categories": [
      {
        "code": "Meat \u0026 Seafood",
        "desc": "Meat \u0026 Seafood"
      }
    ],
    "subCategories": [
      {
        "code": "Packaged Meat \u0026 Seafood",
        "desc": "Packaged Meat \u0026 Seafood"
      }
    ],
    "brands": [
      {
        "code": "Lauras Beef",
        "desc": "Lauras Beef"
      }
    ],
    "price": {
      "basePrice": 8.29,
      "discountPrice": 8.29
    },
    "type": {
      "code": "Beef",
      "desc": "Beef"
    },
    "weight": "16 oz",
    "UpcCode": "",
    "tax": 0.0,
    "spiceLevel": "",
    "aiselNo": "22",
    "store": "Market Basket",
    "weightType": "16 oz",
    "imageName": "4089.jpg",
    "defaultImage": "4089.jpg",
    "updatedTimestamp": "Jan 24, 2021 2:00:52 AM",
    "createdTimestamp": "Jan 24, 2021 2:00:52 AM",
    "isNewlyAdded": false,
    "isActive": true,
    "isDealsEnabled": false,
    "quantity": 0
  },
  {
    "id": 33702,
    "code": "Old Neighborhood Beef Franks ",
    "desc": "Old Neighborhood Beef Franks ",
    "shortDesc": "Old Neighborhood Beef Franks ",
    "tags": [
      "Hot Dogs \u0026 Franks"
    ],
    "categories": [
      {
        "code": "Meat \u0026 Seafood",
        "desc": "Meat \u0026 Seafood"
      }
    ],
    "subCategories": [
      {
        "code": "Packaged Meat \u0026 Seafood",
        "desc": "Packaged Meat \u0026 Seafood"
      }
    ],
    "brands": [],
    "price": {
      "basePrice": 5.74,
      "discountPrice": 5.74
    },
    "type": {
      "code": "Hot Dogs \u0026 Franks",
      "desc": "Hot Dogs \u0026 Franks"
    },
    "weight": "12 oz",
    "UpcCode": "",
    "tax": 0.0,
    "spiceLevel": "",
    "aiselNo": "1",
    "store": "Market Basket",
    "weightType": "12 oz",
    "imageName": "X4560.jpg",
    "defaultImage": "X4560.jpg",
    "updatedTimestamp": "Jan 24, 2021 2:00:53 AM",
    "createdTimestamp": "Jan 24, 2021 2:00:53 AM",
    "isNewlyAdded": false,
    "isActive": true,
    "isDealsEnabled": false,
    "quantity": 0
  },
  {
    "id": 4178,
    "code": "Verde 93% Lean | 7% Fat Organic Ground Beef",
    "desc": "Verde 93% Lean | 7% Fat Organic Ground Beef",
    "shortDesc": "Verde 93% Lean | 7% Fat Organic Ground Beef",
    "tags": [
      "Beef"
    ],
    "categories": [
      {
        "code": "Meat \u0026 Seafood",
        "desc": "Meat \u0026 Seafood"
      }
    ],
    "subCategories": [
      {
        "code": "Packaged Meat \u0026 Seafood",
        "desc": "Packaged Meat \u0026 Seafood"
      }
    ],
    "brands": [
      {
        "code": "Verde",
        "desc": "Verde"
      }
    ],
    "price": {
      "basePrice": 9.79,
      "discountPrice": 9.79
    },
    "type": {
      "code": "Beef",
      "desc": "Beef"
    },
    "weight": "16 oz",
    "UpcCode": "",
    "tax": 0.0,
    "spiceLevel": "",
    "aiselNo": "22",
    "store": "Market Basket",
    "weightType": "16 oz",
    "imageName": "16703.jpg",
    "defaultImage": "16703.jpg",
    "updatedTimestamp": "Jan 24, 2021 2:00:52 AM",
    "createdTimestamp": "Jan 24, 2021 2:00:52 AM",
    "isNewlyAdded": false,
    "isActive": true,
    "isDealsEnabled": false,
    "quantity": 0
  },
  {
    "id": 4206,
    "code": "Perdue Carved Chicken BreastGrilled",
    "desc": "Perdue Carved Chicken BreastGrilled",
    "shortDesc": "Perdue Carved Chicken BreastGrilled",
    "tags": [
      "Chicken Breast"
    ],
    "categories": [
      {
        "code": "Meat \u0026 Seafood",
        "desc": "Meat \u0026 Seafood"
      }
    ],
    "subCategories": [
      {
        "code": "Packaged Meat \u0026 Seafood",
        "desc": "Packaged Meat \u0026 Seafood"
      }
    ],
    "brands": [
      {
        "code": "Perdue",
        "desc": "Perdue"
      }
    ],
    "price": {
      "basePrice": 4.89,
      "discountPrice": 4.89
    },
    "type": {
      "code": "Chicken Breast",
      "desc": "Chicken Breast"
    },
    "weight": "0.56 lb",
    "UpcCode": "",
    "tax": 0.0,
    "spiceLevel": "",
    "aiselNo": "22",
    "store": "Market Basket",
    "weightType": "0.56 lb",
    "imageName": "4100.jpg",
    "defaultImage": "4100.jpg",
    "updatedTimestamp": "Jan 24, 2021 2:00:52 AM",
    "createdTimestamp": "Jan 24, 2021 2:00:52 AM",
    "isNewlyAdded": false,
    "isActive": true,
    "isDealsEnabled": false,
    "quantity": 0
  },
  {
    "id": 4118,
    "code": "Boneless Skinless Chicken Breast with rib meat",
    "desc": "Boneless Skinless Chicken Breast with rib meat",
    "shortDesc": "Boneless Skinless Chicken Breast with rib meat",
    "tags": [
      "Chicken Breast"
    ],
    "categories": [
      {
        "code": "Meat \u0026 Seafood",
        "desc": "Meat \u0026 Seafood"
      }
    ],
    "subCategories": [
      {
        "code": "Meat \u0026 Seafood Counter",
        "desc": "Meat \u0026 Seafood Counter"
      }
    ],
    "brands": [
      {
        "code": "Market Basket",
        "desc": "Market Basket"
      }
    ],
    "price": {
      "basePrice": 4.99,
      "discountPrice": 4.99
    },
    "type": {
      "code": "Chicken Breast",
      "desc": "Chicken Breast"
    },
    "weight": "1 lb",
    "UpcCode": "",
    "tax": 0.0,
    "spiceLevel": "",
    "aiselNo": "22",
    "store": "Market Basket",
    "weightType": "1 lb",
    "imageName": "16683.jpg",
    "defaultImage": "16683.jpg",
    "updatedTimestamp": "Jan 24, 2021 2:00:52 AM",
    "createdTimestamp": "Jan 24, 2021 2:00:52 AM",
    "isNewlyAdded": false,
    "isActive": true,
    "isDealsEnabled": false,
    "quantity": 0
  },
  {
    "id": 30755,
    "code": "Butterball Turkey Breast Extra Thin Sliced ",
    "desc": "Butterball Turkey Breast Extra Thin Sliced ",
    "shortDesc": "Butterball Turkey Breast Extra Thin Sliced ",
    "tags": [
      "Turkey"
    ],
    "categories": [
      {
        "code": "Meat \u0026 Seafood",
        "desc": "Meat \u0026 Seafood"
      }
    ],
    "subCategories": [
      {
        "code": "Packaged Meat \u0026 Seafood",
        "desc": "Packaged Meat \u0026 Seafood"
      }
    ],
    "brands": [
      {
        "code": "Butterball",
        "desc": "Butterball"
      }
    ],
    "price": {
      "basePrice": 4.36,
      "discountPrice": 4.36
    },
    "type": {
      "code": "Turkey",
      "desc": "Turkey"
    },
    "weight": "9 oz",
    "UpcCode": "",
    "tax": 0.0,
    "spiceLevel": "",
    "aiselNo": "1",
    "store": "Market Basket",
    "weightType": "9 oz",
    "imageName": "X4528.jpg",
    "defaultImage": "X4528.jpg",
    "updatedTimestamp": "Jan 24, 2021 2:00:53 AM",
    "createdTimestamp": "Jan 24, 2021 2:00:53 AM",
    "isNewlyAdded": false,
    "isActive": true,
    "isDealsEnabled": false,
    "quantity": 0
  },
  {
    "id": 4747,
    "code": "Tyson Cooked Grilled Chicken Breast Strips, Frozen",
    "desc": "Tyson Cooked Grilled Chicken Breast Strips, Frozen",
    "shortDesc": "Tyson Cooked Grilled Chicken Breast Strips, Frozen",
    "tags": [
      "Chicken Products"
    ],
    "categories": [
      {
        "code": "Meat \u0026 Seafood",
        "desc": "Meat \u0026 Seafood"
      }
    ],
    "subCategories": [
      {
        "code": "Frozen Meat \u0026 Seafood",
        "desc": "Frozen Meat \u0026 Seafood"
      }
    ],
    "brands": [
      {
        "code": "Tyson",
        "desc": "Tyson"
      }
    ],
    "price": {
      "basePrice": 8.11,
      "discountPrice": 8.11
    },
    "type": {
      "code": "Chicken Products",
      "desc": "Chicken Products"
    },
    "weight": "22 oz",
    "UpcCode": "",
    "tax": 0.0,
    "spiceLevel": "",
    "aiselNo": "22",
    "store": "Market Basket",
    "weightType": "22 oz",
    "imageName": "2910.jpg",
    "defaultImage": "2910.jpg",
    "updatedTimestamp": "Jan 24, 2021 2:00:52 AM",
    "createdTimestamp": "Jan 24, 2021 2:00:52 AM",
    "isNewlyAdded": false,
    "isActive": true,
    "isDealsEnabled": false,
    "quantity": 0
  },
  {
    "id": 4807,
    "code": "Yankee Trader Seafood Lobster Cakes - 2 CT",
    "desc": "Yankee Trader Seafood Lobster Cakes - 2 CT",
    "shortDesc": "Yankee Trader Seafood Lobster Cakes - 2 CT",
    "tags": [
      "Other Frozen Seafood"
    ],
    "categories": [
      {
        "code": "Meat \u0026 Seafood",
        "desc": "Meat \u0026 Seafood"
      }
    ],
    "subCategories": [
      {
        "code": "Frozen Meat \u0026 Seafood",
        "desc": "Frozen Meat \u0026 Seafood"
      }
    ],
    "brands": [
      {
        "code": "Yankee Trader Seafood",
        "desc": "Yankee Trader Seafood"
      }
    ],
    "price": {
      "basePrice": 3.69,
      "discountPrice": 3.69
    },
    "type": {
      "code": "Other Frozen Seafood",
      "desc": "Other Frozen Seafood"
    },
    "weight": "6 oz",
    "UpcCode": "",
    "tax": 0.0,
    "spiceLevel": "",
    "aiselNo": "22",
    "store": "Market Basket",
    "weightType": "6 oz",
    "imageName": "16038.jpg",
    "defaultImage": "16038.jpg",
    "updatedTimestamp": "Jan 24, 2021 2:00:52 AM",
    "createdTimestamp": "Jan 24, 2021 2:00:52 AM",
    "isNewlyAdded": false,
    "isActive": true,
    "isDealsEnabled": false,
    "quantity": 0
  },
  {
    "id": 30683,
    "code": "Bridgford Turkey Pepperoni Gluten Free",
    "desc": "Bridgford Turkey Pepperoni Gluten Free",
    "shortDesc": "Bridgford Turkey Pepperoni Gluten Free",
    "tags": [
      "Pepperoni"
    ],
    "categories": [
      {
        "code": "Meat \u0026 Seafood",
        "desc": "Meat \u0026 Seafood"
      }
    ],
    "subCategories": [
      {
        "code": "Packaged Meat \u0026 Seafood",
        "desc": "Packaged Meat \u0026 Seafood"
      }
    ],
    "brands": [],
    "price": {
      "basePrice": 4.38,
      "discountPrice": 4.38
    },
    "type": {
      "code": "Pepperoni",
      "desc": "Pepperoni"
    },
    "weight": "4 oz",
    "UpcCode": "047500011136",
    "tax": 0.0,
    "spiceLevel": "",
    "aiselNo": "4",
    "store": "Market Basket",
    "weightType": "4 oz",
    "imageName": "X1310.jpg",
    "defaultImage": "X1310.jpg",
    "updatedTimestamp": "Jan 24, 2021 2:00:53 AM",
    "createdTimestamp": "Jan 24, 2021 2:00:53 AM",
    "isNewlyAdded": false,
    "isActive": true,
    "isDealsEnabled": false,
    "quantity": 0
  },
  {
    "id": 30285,
    "code": "Bar S Jumbo Jumbos",
    "desc": "Bar S Jumbo Jumbos",
    "shortDesc": "Bar S Jumbo Jumbos",
    "tags": [
      "Hot Dogs \u0026 Franks"
    ],
    "categories": [
      {
        "code": "Meat \u0026 Seafood",
        "desc": "Meat \u0026 Seafood"
      }
    ],
    "subCategories": [
      {
        "code": "Packaged Meat \u0026 Seafood",
        "desc": "Packaged Meat \u0026 Seafood"
      }
    ],
    "brands": [
      {
        "code": "Bar S",
        "desc": "Bar S"
      }
    ],
    "price": {
      "basePrice": 8.74,
      "discountPrice": 8.74
    },
    "type": {
      "code": "Hot Dogs \u0026 Franks",
      "desc": "Hot Dogs \u0026 Franks"
    },
    "weight": "5 lb",
    "UpcCode": "",
    "tax": 0.0,
    "spiceLevel": "",
    "aiselNo": "1",
    "store": "Market Basket",
    "weightType": "5 lb",
    "imageName": "X4573.jpg",
    "defaultImage": "X4573.jpg",
    "updatedTimestamp": "Jan 24, 2021 2:00:53 AM",
    "createdTimestamp": "Jan 24, 2021 2:00:53 AM",
    "isNewlyAdded": false,
    "isActive": true,
    "isDealsEnabled": false,
    "quantity": 0
  },
  {
    "id": 4221,
    "code": "Perdue Chicken Thighs 4 Pc Skin On With Bones",
    "desc": "Perdue Chicken Thighs 4 Pc Skin On With Bones",
    "shortDesc": "Perdue Chicken Thighs 4 Pc Skin On With Bones",
    "tags": [
      "Chicken Thighs"
    ],
    "categories": [
      {
        "code": "Meat \u0026 Seafood",
        "desc": "Meat \u0026 Seafood"
      }
    ],
    "subCategories": [
      {
        "code": "Packaged Meat \u0026 Seafood",
        "desc": "Packaged Meat \u0026 Seafood"
      }
    ],
    "brands": [
      {
        "code": "Perdue",
        "desc": "Perdue"
      }
    ],
    "price": {
      "basePrice": 4.23,
      "discountPrice": 4.23
    },
    "type": {
      "code": "Chicken Thighs",
      "desc": "Chicken Thighs"
    },
    "weight": "Approx: 2.50 lb at $1.69/lb",
    "UpcCode": "",
    "tax": 0.0,
    "spiceLevel": "",
    "aiselNo": "22",
    "store": "Market Basket",
    "weightType": "Approx: 2.50 lb at $1.69/lb",
    "imageName": "4099.jpg",
    "defaultImage": "4099.jpg",
    "updatedTimestamp": "Jan 24, 2021 2:00:52 AM",
    "createdTimestamp": "Jan 24, 2021 2:00:52 AM",
    "isNewlyAdded": false,
    "isActive": true,
    "isDealsEnabled": false,
    "quantity": 0
  },
  {
    "id": 4314,
    "code": "Market Basket Center Cut Thick Pork Chops",
    "desc": "Market Basket Center Cut Thick Pork Chops",
    "shortDesc": "Market Basket Center Cut Thick Pork Chops",
    "tags": [
      "Pork"
    ],
    "categories": [
      {
        "code": "Meat \u0026 Seafood",
        "desc": "Meat \u0026 Seafood"
      }
    ],
    "subCategories": [
      {
        "code": "Meat \u0026 Seafood Counter",
        "desc": "Meat \u0026 Seafood Counter"
      }
    ],
    "brands": [
      {
        "code": "Market Basket",
        "desc": "Market Basket"
      }
    ],
    "price": {
      "basePrice": 5.76,
      "discountPrice": 5.76
    },
    "type": {
      "code": "Pork",
      "desc": "Pork"
    },
    "weight": "Approx: 1.65 lb at $3.49/lb",
    "UpcCode": "",
    "tax": 0.0,
    "spiceLevel": "",
    "aiselNo": "22",
    "store": "Market Basket",
    "weightType": "Approx: 1.65 lb at $3.49/lb",
    "imageName": "Market Basket.jpg",
    "defaultImage": "Market Basket.jpg",
    "updatedTimestamp": "Jan 24, 2021 2:00:52 AM",
    "createdTimestamp": "Jan 24, 2021 2:00:52 AM",
    "isNewlyAdded": false,
    "isActive": true,
    "isDealsEnabled": false,
    "quantity": 0
  },
  {
    "id": 4099,
    "code": "Market Basket Choice Beef Tenderloin Steak",
    "desc": "Market Basket Choice Beef Tenderloin Steak",
    "shortDesc": "Market Basket Choice Beef Tenderloin Steak",
    "tags": [
      "Beef"
    ],
    "categories": [
      {
        "code": "Meat \u0026 Seafood",
        "desc": "Meat \u0026 Seafood"
      }
    ],
    "subCategories": [
      {
        "code": "Meat \u0026 Seafood Counter",
        "desc": "Meat \u0026 Seafood Counter"
      }
    ],
    "brands": [
      {
        "code": "Market Basket",
        "desc": "Market Basket"
      }
    ],
    "price": {
      "basePrice": 21.99,
      "discountPrice": 21.99
    },
    "type": {
      "code": "Beef",
      "desc": "Beef"
    },
    "weight": "1 lb",
    "UpcCode": "",
    "tax": 0.0,
    "spiceLevel": "",
    "aiselNo": "22",
    "store": "Market Basket",
    "weightType": "1 lb",
    "imageName": "Market Basket.jpg",
    "defaultImage": "Market Basket.jpg",
    "updatedTimestamp": "Jan 24, 2021 2:00:52 AM",
    "createdTimestamp": "Jan 24, 2021 2:00:52 AM",
    "isNewlyAdded": false,
    "isActive": true,
    "isDealsEnabled": false,
    "quantity": 0
  },
  {
    "id": 4090,
    "code": "Market Basket Beef Round Extra Lean For Stew",
    "desc": "Market Basket Beef Round Extra Lean For Stew",
    "shortDesc": "Market Basket Beef Round Extra Lean For Stew",
    "tags": [
      "Beef"
    ],
    "categories": [
      {
        "code": "Meat \u0026 Seafood",
        "desc": "Meat \u0026 Seafood"
      }
    ],
    "subCategories": [
      {
        "code": "Meat \u0026 Seafood Counter",
        "desc": "Meat \u0026 Seafood Counter"
      }
    ],
    "brands": [
      {
        "code": "Market Basket",
        "desc": "Market Basket"
      }
    ],
    "price": {
      "basePrice": 7.06,
      "discountPrice": 7.06
    },
    "type": {
      "code": "Beef",
      "desc": "Beef"
    },
    "weight": "Approx: 1.16 lb at $6.09/lb",
    "UpcCode": "",
    "tax": 0.0,
    "spiceLevel": "",
    "aiselNo": "22",
    "store": "Market Basket",
    "weightType": "Approx: 1.16 lb at $6.09/lb",
    "imageName": "4041.jpg",
    "defaultImage": "4041.jpg",
    "updatedTimestamp": "Jan 24, 2021 2:00:52 AM",
    "createdTimestamp": "Jan 24, 2021 2:00:52 AM",
    "isNewlyAdded": false,
    "isActive": true,
    "isDealsEnabled": false,
    "quantity": 0
  },
  {
    "id": 4334,
    "code": "Market Basket Roast Beef",
    "desc": "Market Basket Roast Beef",
    "shortDesc": "Market Basket Roast Beef",
    "tags": [
      "Roast Beef"
    ],
    "categories": [
      {
        "code": "Meat \u0026 Seafood",
        "desc": "Meat \u0026 Seafood"
      }
    ],
    "subCategories": [
      {
        "code": "Meat \u0026 Seafood Counter",
        "desc": "Meat \u0026 Seafood Counter"
      }
    ],
    "brands": [
      {
        "code": "Market Basket",
        "desc": "Market Basket"
      }
    ],
    "price": {
      "basePrice": 9.79,
      "discountPrice": 9.79
    },
    "type": {
      "code": "Roast Beef",
      "desc": "Roast Beef"
    },
    "weight": "1 lb",
    "UpcCode": "",
    "tax": 0.0,
    "spiceLevel": "",
    "aiselNo": "22",
    "store": "Market Basket",
    "weightType": "1 lb",
    "imageName": "Market Basket.jpg",
    "defaultImage": "Market Basket.jpg",
    "updatedTimestamp": "Jan 24, 2021 2:00:52 AM",
    "createdTimestamp": "Jan 24, 2021 2:00:52 AM",
    "isNewlyAdded": false,
    "isActive": true,
    "isDealsEnabled": false,
    "quantity": 0
  }
]